1888 3428
253 125 370 200 ‘548
477 120 522 177 E
543 143 574 178 x
595 130 890 180 CERPTA
927 142 1011 186 'Ex
1056 124 1423 182 AGATHIAE
1462 124 1659 183 H1sT.
1749 195 1752 198 ‚

252 206 412 265 elati,
449 202 579 260 nihil
613 205 770 279 vobis
803 202 1092 262 credidistis
1112 202 1257 281 poffe
1293 207 1526 263 accidere
1559 204 1775 264 adverfi.
1820 202 1860 262 si
1882 266 1887 277 J

254 284 353 343 hac
388 289 706 364 opinatione
727 282 931 344 excuffa
959 306 1074 342 rem
1109 288 1279 362 qualis
1296 286 1464 368 perse
1481 286 1555 346 est
1589 285 1860 367 spectetiS,
1883 288 1887 307 “’

165 418 176 438 9
249 366 534 446 *apparebit
568 388 681 424 non
713 386 821 425 tam
857 374 1031 448 gravis
1066 372 1121 422 &
1155 387 1306 426 atrox
1341 391 1502 448 quam
1539 372 1771 436 videtur,
1807 371 1862 425 Si

255 448 530 520 Phulcarjs
549 493 564 514 ,
586 446 694 506 dux
713 448 975 506 Barbarus
995 456 1046 506 &
1068 469 1222 505 more
1243 455 1419 531 gentis
1433 446 1713 531 praeferox,
1734 471 1862 508 cum

258 549 409 589 tanta
423 523 661 613 bostium
680 531 1022 592 multitudine
1056 533 1166 587 acie
1200 533 1504 590 inordinata
1533 530 1862 613 congreffuS,

257 615 719 681 maluminve'nit,
749 613 901 691 quod
920 611 1206 691 exspectari
1237 635 1326 692 par
1343 633 1453 671 erat
1471 660 1483 680 ‚
1523 636 1636 671 non
1663 615 1787 672 ideo
1809 621 1862 672 &

260 716 362 753 vos
382 695 661 753 concidere
677 699 869 752 animis
884 702 937 751 &
958 695 1210 752 destinata
1221 695 1454 754 deserere
1470 714 1708 776 oportet.
1720 699 1867 753 Tu'r-

257 797 326 856 pe
353 781 497 834 enirn
518 775 599 838 sit,
619 776 654 833 fi
675 788 798 834 cum'
821 777 1165 834 Gotthorum
1183 778 1335 856 pauci
1361 819 1376 844 ,
1396 784 1575 859 gentis
1593 781 1757 835 exitio
1777 777 1865 840 su·-

258 858 534 938 perstiteS,
553 856 725 915 socios
749 859 842 916 fibi
865 878 1052 936 parent
1072 901 1086 924 ,
1120 860 1280 917 nobis
1296 860 1504 918 labores
1525 882 1732 927 novos;
1769 882 1878 917 nes

259 961 370 1017 que
390 944 551 998 tantis
568 938 723 998 frafti
743 940 979 998 cladibus
1012 939 1320 1020 desperent3
1364 965 1466 999 nos
1485 965 1599 1000 non
1620 943 1727 1000 alio
1747 963 1867 1022 per-

258 1020 389 1080 suasi
406 1024 578 1078 victos
595 1043 709 1078 non
729 1021 828 1080 esse
847 1063 863 1089 ,
897 1045 1056 1101 quam
1076 1025 1226 1101 quod
1249 1046 1360 1080 non
1381 1024 1499 1081 satis
1516 1028 1760 1090 vicimus,
1778 1042 1866 1080 tot

257 1107 444 1183 priora
463 1104 656 1160 decora
686 1103 975 1179 prodamus
997 1107 1158 1161 animi
1177 1107 1437 1163 alacritate
1462 1106 1687 1180 abjecta.
1730 1109 1868 1186 quin

260 1184 337 1242 est
358 1184 510 1264 quod
528 1185 593 1242 de
628 1184 746 1241 casu
764 1184 870 1241 hoc
885 1187 1216 1264 gaudeamus
1237 1188 1397 1244 ultro·
1440 1189 1688 1267 castigata
1706 1191 1868 1268 quip-

259 1289 327 1347 pe
348 1288 416 1323 eo
436 1266 507 1323 est
523 1269 688 1341 nimia
707 1263 931 1323 felicitas
951 1307 964 1331 ‚
997 1267 1338 1347 detrafiaque
1357 1270 1518 1326 nobis
1536 1291 1652 1348 pars
1674 1291 1867 1350 magna

255 1348 474 1406 invidiae
493 1392 507 1412 ,
549 1355 602 1405 δε
627 1351 773 1407 velut
790 1353 948 1406 novis
969 1350 1210 1428 auspiciis
1236 1354 1294 1407 in
1311 1373 1519 1432 pugnas
1538 1352 1719 1430 denuo
1742 1372 1868 1409 cum

254 1428 458 1489 fiducia
476 1430 735 1487 eundum.
778 1431 923 1488 Nam
945 1430 981 1488 si
1001 1453 1231 1490 numero
1263 1432 1501 1512 superbit
1529 1434 1695 1494 hostis
1714 1475 1731 1502 ‚
1764 1454 1871 1491 nos

262 1533 360 1570 eos
379 1553 396 1579 ‚
414 1510 449 1569 fi
469 1507 697 1592 sapimus
718 1555 735 1581 ,
753 1512 1036 1593 disciplinae
1055 1514 1293 1572 custodia
1309 1514 1462 1574 facile
1478 1514 1868 1595 superabimuS‚

259 1593 509 1651 bellaturi
530 1609 779 1672 praete'rea
795 1599 851 1653 in
870 1614 1122 1653 externos
1143 1604 1194 1655 &
1226 1617 1284 1654 ut
1321 1598 1570 1657 credibile
1597 1598 1669 1657 est
1688 1616 1870 1656 rerum

261 1676 468 1754 quibus
494 1680 913 1755 viviturinopeS.
961 1681 1112 1735 Tum
1137 1701 1263 1736 vero
1297 1700 1571 1759 receptum
1595 1681 1754 1738 nobis
1773 1721 1788 1741 ‚
1832 1678 1869 1735 fi

177 1771 189 1776 ⁴·
265 1778 409 1835 opus
427 1755 488 1815 fit
506 1797 523 1824 ‚
537 1805 543 1811 .
557 1759 871 1837 praebebunt
889 1762 1087 1839 oppida
1117 1767 1168 1818 &
1190 1760 1391 1819 castella
1406 1784 1523 1841 quae
1541 1765 1640 1819 illis
1658 1762 1867 1820 desunt.

263 1840 463 1897 Aderit
498 1839 658 1896 nobis
688 1846 742 1897 &
764 1843 919 1898 Deus
947 1847 1067 1915 jure
1097 1843 1274 1900 nostra
1305 1843 1708 1923 repetentibus,
1743 1866 1867 1901 cum

262 1923 352 1980 illi»
376 1920 586 1978 inhient
624 1924 824 1979 alienis.
881 1922 1065 2002 Vsque
1099 1925 1232 1982 adeo
1261 1926 1333 1983 ‘ad
1368 1926 1672 1984 timendum
1710 1926 1871 1983 nobis

255 2004 411 2062 nulla
445 2002 594 2059 causa
624 2004 695 2059 est
716 2045 732 2070 ‚
766 2024 826 2061 ut
859 2005 922 2061 ad
949 2010 1159 2085 optime
1193 2006 1509 2085 sperandum
1542 2010 1684 2065 nulla
1717 2006 1869 2068 defit.

266 2088 455 2154 Quare
479 2083 743 2142 Lucenses
763 2085 892 2143 istos
912 2086 978 2142 ab
999 2087 1189 2145 obsidii
1211 2093 1361 2146 malis
1380 2088 1624 2168 respirare
1644 2111 1757 2147 non
1776 2112 1872 2168 pa-

267 2171 467 2224 tiamur
486 2208 502 2233 ‚
524 2188 581 2223 ac
603 2165 832 2224 vestrum
851 2166 900 2225 se
923 2174 1292 2249 unusquisque
1312 2171 1375 2228 ad
1394 2175 1587 2229 cuncta
1605 2173 1729 2230 belli
1746 2177 1873 2229 mu-

266 2253 358 2306 nia
376 2252 655 2328 promtum
687 2248 960 2307 exhibeto.
1003 2254 1130 2307 Hoc
1147 2252 1393 2310 sermone
1412 2275 1473 2310 cu
1484 2276 1535 2310 m
1556 2250 1879 2312 confirmas-¹

253 2329 348 2392 ,set
383 2333 677 2388 exercitum
708 2333 933 2397 NarseS,
976 2336 1178 2390 Lucam
1216 2335 1522 2415 diligentius
1553 2358 1717 2416 quam
1748 2355 1870 2394 ante

266 2411 495 2470 obsidet.
539 2412 890 2470 Succensebat
923 2418 1138 2473 interim
1157 2416 1382 2475 ducibus
1401 2420 1539 2482 aliis,
1564 2420 1872 2497 quod‚reli-

269 2496 374 2551 &is
402 2498 652 2552 locorum
685 2498 915 2555 maxime
936 2502 1261 2576 opportunis
1279 2495 1304 2566 ‚'
1331 2502 1639 2557 Faventiam
1660 2500 1709 2558 se
1733 2522 1881 2565 con-¹

213 2631 217 2633 ,
266 2576 539 2644 tuliffent,
572 2598 686 2656 quo
720 2575 865 2634 facto
899 2583 1038 2636 recte
1072 2579 1165 2658 ipsi
1199 2581 1484 2639 constituta
1504 2601 1869 2663 corruperant.

266 2660 524 2735 Namque
558 2661 740 2737 copias
769 2661 868 2716 illis
885 2660 1166 2718 attributas
1194 2666 1391 2722 circum
1414 2669 1661 2722 Parmam
1680 2669 1871 2723 volue-

267 2757 351 2796 rat
382 2738 482 2796 effe
518 2744 662 2797 velut
697 2744 1091 2820 propugnaculi
1126 2747 1269 2810 vice,
1309 2764 1369 2803 ut
1385 2743 1595 2804 hostem
1630 2765 1888 2806 vetarent*

268 2821 559 2899 procedere
575 2860 603 2889 ,-
634 2821 741 2900 ipse
753 2826 970 2880 interim
989 2844 1203 2905 tempus
1221 2826 1285 2884 ad
1306 2827 1550 2887 Thusciae
1570 2850 1651 2887 res
1668 2827 1873 2887 consti-

266 2902 492 2966 tuendas
511 2944 528 2966 2
558 2905 709 2984 ¹„quod
728 2902 846 2966 satis
863 2903 988 2965 esset
1005 2948 1024 2979 ‚
1053 2909 1241 2967 nactus
1254 2950 1272 2979 ‚
1292 2930 1425 2971 mox
1442 2910 1506 2972 ad
1524 2909 1664 2992 ipsos
1677 2910 1870 2992 perve-

1702 3010 1864 3052 niret.
