<?xml version="1.0" encoding="UTF-8"?>
<!DOCTYPE html PUBLIC "-//W3C//DTD XHTML 1.0 Transitional//EN"
    "http://www.w3.org/TR/xhtml1/DTD/xhtml1-transitional.dtd">
<html xmlns="http://www.w3.org/1999/xhtml" xml:lang="en" lang="en">
 <head>
  <title>
</title>
<meta http-equiv="Content-Type" content="text/html;charset=utf-8" />
  <meta name='ocr-system' content='tesseract 3.04.00' />
  <meta name='ocr-capabilities' content='ocr_page ocr_carea ocr_par ocr_line ocrx_word'/>
</head>
<body>
  <div class='ocr_page' id='page_1' title='image "./historiagotthoru00grot_0379.png"; bbox 0 0 1888 3428; ppageno 0'>
   <div class='ocr_carea' id='block_1_1' title="bbox 2 165 1692 3124">
    <p class='ocr_par' dir='ltr' id='par_1_1' title="bbox 2 165 1692 3044">
     <span class='ocr_line' id='line_1_1' title="bbox 251 165 1644 244; baseline 0 -22"><span class='ocrx_word' id='word_1_1' title='bbox 251 166 691 225; x_wconf 72' lang='lat' dir='ltr'>GoTTI-Ireffi</span> <span class='ocrx_word' id='word_1_2' title='bbox 732 165 1130 222; x_wconf 81' lang='lat' dir='ltr'>HISTORIAE</span> <span class='ocrx_word' id='word_1_3' title='bbox 1170 167 1315 221; x_wconf 77' lang='lat' dir='ltr'><strong>LIB.</strong></span> <span class='ocrx_word' id='word_1_4' title='bbox 1356 169 1394 221; x_wconf 90' lang='lat' dir='ltr'>I.</span> <span class='ocrx_word' id='word_1_5' title='bbox 1537 179 1644 244; x_wconf 78' lang='lat'>213</span> 
     </span>
     <span class='ocr_line' id='line_1_2' title="bbox 31 247 1657 327; baseline -0.001 -21"><span class='ocrx_word' id='word_1_6' title='bbox 31 267 234 312; x_wconf 68' lang='lat' dir='ltr'>&#39;eorum</span> <span class='ocrx_word' id='word_1_7' title='bbox 269 271 332 306; x_wconf 79' lang='lat' dir='ltr'>ex</span> <span class='ocrx_word' id='word_1_8' title='bbox 367 269 598 306; x_wconf 89' lang='lat' dir='ltr'>numero</span> <span class='ocrx_word' id='word_1_9' title='bbox 617 249 709 326; x_wconf 90' lang='lat' dir='ltr'>qui</span> <span class='ocrx_word' id='word_1_10' title='bbox 730 247 1065 327; x_wconf 64' lang='lat' dir='ltr'>protefiores</span> <span class='ocrx_word' id='word_1_11' title='bbox 1096 263 1358 304; x_wconf 86' lang='lat' dir='ltr'>vocantur</span> <span class='ocrx_word' id='word_1_12' title='bbox 1378 288 1395 314; x_wconf 96' lang='lat'>,</span> <span class='ocrx_word' id='word_1_13' title='bbox 1429 249 1504 304; x_wconf 87' lang='lat' dir='ltr'>ire</span> <span class='ocrx_word' id='word_1_14' title='bbox 1526 268 1657 326; x_wconf 83' lang='lat' dir='ltr'>pro-</span> 
     </span>
     <span class='ocr_line' id='line_1_3' title="bbox 34 325 1655 409; baseline -0.003 -22"><span class='ocrx_word' id='word_1_15' title='bbox 34 351 157 409; x_wconf 85' lang='lat' dir='ltr'>pere</span> <span class='ocrx_word' id='word_1_16' title='bbox 193 334 248 387; x_wconf 91' lang='lat' dir='ltr'>in</span> <span class='ocrx_word' id='word_1_17' title='bbox 283 330 538 387; x_wconf 85' lang='lat' dir='ltr'>barbaros</span> <span class='ocrx_word' id='word_1_18' title='bbox 568 325 739 407; x_wconf 84' lang='lat' dir='ltr'>juffit,</span> <span class='ocrx_word' id='word_1_19' title='bbox 772 336 859 393; x_wconf 77' lang='grc' dir='ltr'>δε,</span> <span class='ocrx_word' id='word_1_20' title='bbox 897 327 992 385; x_wconf 89' lang='lat' dir='ltr'>ubi</span> <span class='ocrx_word' id='word_1_21' title='bbox 1024 327 1200 385; x_wconf 89' lang='lat' dir='ltr'>castris</span> <span class='ocrx_word' id='word_1_22' title='bbox 1230 328 1655 408; x_wconf 84' lang='lat' dir='ltr'>appropinqu-as.</span> 
     </span>
     <span class='ocr_line' id='line_1_4' title="bbox 35 407 1652 491; baseline 0 -23"><span class='ocrx_word' id='word_1_23' title='bbox 35 411 149 469; x_wconf 86' lang='lat' dir='ltr'>sent</span> <span class='ocrx_word' id='word_1_24' title='bbox 168 454 185 481; x_wconf 92' lang='lat'>,</span> <span class='ocrx_word' id='word_1_25' title='bbox 223 414 359 469; x_wconf 90' lang='lat' dir='ltr'>colle</span> <span class='ocrx_word' id='word_1_26' title='bbox 381 412 627 491; x_wconf 84' lang='lat' dir='ltr'>superato</span> <span class='ocrx_word' id='word_1_27' title='bbox 649 410 1025 490; x_wconf 80' lang='lat' dir='ltr'>conquiescere</span> <span class='ocrx_word' id='word_1_28' title='bbox 1048 433 1061 467; x_wconf 92' lang='lat'><strong>:</strong></span> <span class='ocrx_word' id='word_1_29' title='bbox 1097 416 1248 486; x_wconf 86' lang='lat' dir='ltr'>cujus</span> <span class='ocrx_word' id='word_1_30' title='bbox 1280 407 1463 467; x_wconf 81' lang='lat' dir='ltr'>locum</span> <span class='ocrx_word' id='word_1_31' title='bbox 1486 432 1652 468; x_wconf 85' lang='lat' dir='ltr'>mon-</span> 
     </span>
     <span class='ocr_line' id='line_1_5' title="bbox 36 491 1666 562; baseline 0 -13"><span class='ocrx_word' id='word_1_32' title='bbox 36 492 234 551; x_wconf 84' lang='lat' dir='ltr'>strabat</span> <span class='ocrx_word' id='word_1_33' title='bbox 253 535 271 562; x_wconf 87' lang='lat'>,</span> <span class='ocrx_word' id='word_1_34' title='bbox 308 495 490 553; x_wconf 86' lang='lat' dir='ltr'>addito</span> <span class='ocrx_word' id='word_1_35' title='bbox 522 493 556 551; x_wconf 87' lang='lat' dir='ltr'>fi</span> <span class='ocrx_word' id='word_1_36' title='bbox 577 491 740 550; x_wconf 89' lang='lat' dir='ltr'>hostis</span> <span class='ocrx_word' id='word_1_37' title='bbox 761 493 1103 558; x_wconf 79' lang='lat' dir='ltr'>adventaret,</span> <span class='ocrx_word' id='word_1_38' title='bbox 1138 513 1206 549; x_wconf 88' lang='lat' dir='ltr'>ne</span> <span class='ocrx_word' id='word_1_39' title='bbox 1237 491 1300 548; x_wconf 87' lang='lat' dir='ltr'>ad</span> <span class='ocrx_word' id='word_1_40' title='bbox 1322 513 1514 549; x_wconf 84' lang='lat' dir='ltr'>manus</span> <span class='ocrx_word' id='word_1_41' title='bbox 1533 502 1666 550; x_wconf 84' lang='lat' dir='ltr'>rem&#39;</span> 
     </span>
     <span class='ocr_line' id='line_1_6' title="bbox 31 573 1653 653; baseline -0.001 -22"><span class='ocrx_word' id='word_1_42' title='bbox 31 576 426 653; x_wconf 82' lang='lat' dir='ltr'>perducerent,</span> <span class='ocrx_word' id='word_1_43' title='bbox 462 574 648 633; x_wconf 84' lang='lat' dir='ltr'>enseve</span> <span class='ocrx_word' id='word_1_44' title='bbox 683 576 934 633; x_wconf 82' lang='lat' dir='ltr'>authasta</span> <span class='ocrx_word' id='word_1_45' title='bbox 964 594 1241 633; x_wconf 83' lang='lat' dir='ltr'>uterentur</span> <span class='ocrx_word' id='word_1_46' title='bbox 1264 615 1278 636; x_wconf 87' lang='grc'>,</span> <span class='ocrx_word' id='word_1_47' title='bbox 1310 573 1395 632; x_wconf 89' lang='lat' dir='ltr'>sed</span> <span class='ocrx_word' id='word_1_48' title='bbox 1435 573 1653 653; x_wconf 69' lang='lat' dir='ltr'>sagittas</span> 
     </span>
     <span class='ocr_line' id='line_1_7' title="bbox 27 655 1650 738; baseline 0 -24"><span class='ocrx_word' id='word_1_49' title='bbox 27 657 338 732; x_wconf 85' lang='lat' dir='ltr'>jaceresatis</span> <span class='ocrx_word' id='word_1_50' title='bbox 367 658 654 719; x_wconf 81' lang='lat' dir='ltr'>haberent:</span> <span class='ocrx_word' id='word_1_51' title='bbox 690 675 810 714; x_wconf 84' lang='lat' dir='ltr'>tum</span> <span class='ocrx_word' id='word_1_52' title='bbox 842 656 1081 738; x_wconf 80' lang='lat' dir='ltr'>quisquis</span> <span class='ocrx_word' id='word_1_53' title='bbox 1115 656 1414 737; x_wconf 78' lang='lat' dir='ltr'>pharetram</span> <span class='ocrx_word' id='word_1_54' title='bbox 1447 655 1542 713; x_wconf 87' lang='lat' dir='ltr'>fibi</span> <span class='ocrx_word' id='word_1_55' title='bbox 1565 659 1650 714; x_wconf 80' lang='lat' dir='ltr'>vi·-</span> 
     </span>
     <span class='ocr_line' id='line_1_8' title="bbox 28 737 1652 820; baseline 0 -25"><span class='ocrx_word' id='word_1_56' title='bbox 28 737 177 797; x_wconf 80' lang='lat' dir='ltr'>diffet</span> <span class='ocrx_word' id='word_1_57' title='bbox 195 762 417 798; x_wconf 88' lang='lat' dir='ltr'>vacuam</span> <span class='ocrx_word' id='word_1_58' title='bbox 441 781 454 801; x_wconf 90' lang='lat'>,</span> <span class='ocrx_word' id='word_1_59' title='bbox 474 761 540 796; x_wconf 92' lang='lat' dir='ltr'>ne</span> <span class='ocrx_word' id='word_1_60' title='bbox 558 737 888 797; x_wconf 83' lang='lat' dir='ltr'>erubesceret</span> <span class='ocrx_word' id='word_1_61' title='bbox 913 738 1098 820; x_wconf 79' lang='lat' dir='ltr'>fugam</span> <span class='ocrx_word' id='word_1_62' title='bbox 1120 758 1325 819; x_wconf 85' lang='lat' dir='ltr'>quanto</span> <span class='ocrx_word' id='word_1_63' title='bbox 1347 737 1518 818; x_wconf 68' lang='lat' dir='ltr'>poflet</span> <span class='ocrx_word' id='word_1_64' title='bbox 1533 760 1652 796; x_wconf 79' lang='lat' dir='ltr'>cur-</span> 
     </span>
     <span class='ocr_line' id='line_1_9' title="bbox 34 816 1650 901; baseline 0.001 -24"><span class='ocrx_word' id='word_1_65' title='bbox 34 816 92 878; x_wconf 90' lang='lat' dir='ltr'>su</span> <span class='ocrx_word' id='word_1_66' title='bbox 116 825 172 878; x_wconf 90' lang='lat' dir='ltr'>in</span> <span class='ocrx_word' id='word_1_67' title='bbox 203 822 361 879; x_wconf 83' lang='lat' dir='ltr'>castra</span> <span class='ocrx_word' id='word_1_68' title='bbox 390 821 703 879; x_wconf 67' lang='lat' dir='ltr'>intendere:</span> <span class='ocrx_word' id='word_1_69' title='bbox 736 820 848 901; x_wconf 86' lang='lat' dir='ltr'>Ipse</span> <span class='ocrx_word' id='word_1_70' title='bbox 886 823 949 879; x_wconf 87' lang='lat' dir='ltr'>ad</span> <span class='ocrx_word' id='word_1_71' title='bbox 979 828 1208 899; x_wconf 79' lang='lat' dir='ltr'>majores</span> <span class='ocrx_word' id='word_1_72' title='bbox 1229 824 1406 898; x_wconf 64' lang='lat' dir='ltr'>jactus</span> <span class='ocrx_word' id='word_1_73' title='bbox 1442 821 1650 879; x_wconf 86' lang='lat' dir='ltr'>machi-—</span> 
     </span>
     <span class='ocr_line' id='line_1_10' title="bbox 31 903 1648 985; baseline 0.001 -25"><span class='ocrx_word' id='word_1_74' title='bbox 31 923 286 961; x_wconf 85' lang='lat' dir='ltr'>namenta</span> <span class='ocrx_word' id='word_1_75' title='bbox 311 910 366 961; x_wconf 62' lang='grc' dir='ltr'>δέ</span> <span class='ocrx_word' id='word_1_76' title='bbox 398 924 598 984; x_wconf 86' lang='lat' dir='ltr'>gnaros</span> <span class='ocrx_word' id='word_1_77' title='bbox 633 905 890 962; x_wconf 50' lang='lat' dir='ltr'>trac-standi</span> <span class='ocrx_word' id='word_1_78' title='bbox 924 909 978 962; x_wconf 83' lang='lat' dir='ltr'>in</span> <span class='ocrx_word' id='word_1_79' title='bbox 1013 922 1196 985; x_wconf 85' lang='lat' dir='ltr'>parato</span> <span class='ocrx_word' id='word_1_80' title='bbox 1231 903 1483 961; x_wconf 87' lang='lat' dir='ltr'>habebat.</span> <span class='ocrx_word' id='word_1_81' title='bbox 1527 903 1648 962; x_wconf 83' lang='lat' dir='ltr'>Ibat</span> 
     </span>
     <span class='ocr_line' id='line_1_11' title="bbox 33 985 1692 1065; baseline 0.002 -24"><span class='ocrx_word' id='word_1_82' title='bbox 33 1005 160 1042; x_wconf 89' lang='lat' dir='ltr'>cum</span> <span class='ocrx_word' id='word_1_83' title='bbox 177 985 421 1044; x_wconf 85' lang='lat' dir='ltr'>ducentis</span> <span class='ocrx_word' id='word_1_84' title='bbox 456 988 724 1062; x_wconf 87' lang='lat' dir='ltr'>Trajanus</span> <span class='ocrx_word' id='word_1_85' title='bbox 760 986 787 1044; x_wconf 78' lang='grc' dir='ltr'>ὲ</span> <span class='ocrx_word' id='word_1_86' title='bbox 821 989 1010 1044; x_wconf 79' lang='lat' dir='ltr'>Salaria</span> <span class='ocrx_word' id='word_1_87' title='bbox 1042 1004 1199 1065; x_wconf 84' lang='lat' dir='ltr'>porta</span> <span class='ocrx_word' id='word_1_88' title='bbox 1224 986 1463 1044; x_wconf 88' lang='lat' dir='ltr'>hostium</span> <span class='ocrx_word' id='word_1_89' title='bbox 1482 985 1648 1045; x_wconf 77' lang='lat' dir='ltr'>castra</span> <span class='ocrx_word' id='word_1_90' title='bbox 1691 1031 1692 1036; x_wconf 20' lang='grc' dir='ltr'>η</span> 
     </span>
     <span class='ocr_line' id='line_1_12' title="bbox 31 1065 1648 1150; baseline 0.002 -27"><span class='ocrx_word' id='word_1_91' title='bbox 31 1065 225 1143; x_wconf 87' lang='lat' dir='ltr'>versus.</span> <span class='ocrx_word' id='word_1_92' title='bbox 262 1068 338 1125; x_wconf 87' lang='lat' dir='ltr'>illi</span> <span class='ocrx_word' id='word_1_93' title='bbox 372 1089 426 1126; x_wconf 87' lang='lat' dir='ltr'>re</span> <span class='ocrx_word' id='word_1_94' title='bbox 445 1066 803 1150; x_wconf 53' lang='lat' dir='ltr'>inexspeffata</span> <span class='ocrx_word' id='word_1_95' title='bbox 836 1075 1105 1127; x_wconf 83' lang='lat' dir='ltr'>commoti</span> <span class='ocrx_word' id='word_1_96' title='bbox 1140 1071 1335 1128; x_wconf 86' lang='lat' dir='ltr'>vallum</span> <span class='ocrx_word' id='word_1_97' title='bbox 1367 1089 1513 1128; x_wconf 81' lang='lat' dir='ltr'>extra</span> <span class='ocrx_word' id='word_1_98' title='bbox 1547 1091 1648 1127; x_wconf 89' lang='lat' dir='ltr'>oc-</span> 
     </span>
     <span class='ocr_line' id='line_1_13' title="bbox 30 1149 1644 1232; baseline 0.003 -26"><span class='ocrx_word' id='word_1_99' title='bbox 30 1149 315 1207; x_wconf 85' lang='lat' dir='ltr'>currebant</span> <span class='ocrx_word' id='word_1_100' title='bbox 338 1192 357 1218; x_wconf 94' lang='lat'>,</span> <span class='ocrx_word' id='word_1_101' title='bbox 419 1163 480 1207; x_wconf 87' lang='lat' dir='ltr'>ut</span> <span class='ocrx_word' id='word_1_102' title='bbox 514 1173 788 1232; x_wconf 85' lang='lat' dir='ltr'>quemque</span> <span class='ocrx_word' id='word_1_103' title='bbox 836 1154 1089 1211; x_wconf 84' lang='lat' dir='ltr'>voluntas</span> <span class='ocrx_word' id='word_1_104' title='bbox 1124 1172 1216 1210; x_wconf 85' lang='lat' dir='ltr'>aut</span> <span class='ocrx_word' id='word_1_105' title='bbox 1260 1150 1372 1209; x_wconf 81' lang='lat' dir='ltr'>fors</span> <span class='ocrx_word' id='word_1_106' title='bbox 1416 1154 1644 1211; x_wconf 81' lang='lat' dir='ltr'>tulerat:</span> 
     </span>
     <span class='ocr_line' id='line_1_14' title="bbox 29 1233 1645 1312; baseline 0.004 -25"><span class='ocrx_word' id='word_1_107' title='bbox 29 1233 183 1288; x_wconf 90' lang='lat' dir='ltr'>Tum</span> <span class='ocrx_word' id='word_1_108' title='bbox 199 1234 436 1311; x_wconf 85' lang='lat' dir='ltr'>quicum</span> <span class='ocrx_word' id='word_1_109' title='bbox 469 1236 708 1310; x_wconf 79' lang='lat' dir='ltr'>Trajano</span> <span class='ocrx_word' id='word_1_110' title='bbox 749 1255 898 1292; x_wconf 85' lang='lat' dir='ltr'>erant</span> <span class='ocrx_word' id='word_1_111' title='bbox 924 1239 977 1290; x_wconf 88' lang='lat' dir='ltr'>in</span> <span class='ocrx_word' id='word_1_112' title='bbox 998 1254 1320 1312; x_wconf 75' lang='lat' dir='ltr'>praeceptum</span> <span class='ocrx_word' id='word_1_113' title='bbox 1352 1233 1645 1293; x_wconf 57' lang='lat' dir='ltr'>&amp;Belisario</span> 
     </span>
     <span class='ocr_line' id='line_1_15' title="bbox 27 1313 1648 1397; baseline 0.002 -27"><span class='ocrx_word' id='word_1_114' title='bbox 27 1315 222 1382; x_wconf 88' lang='lat' dir='ltr'>collem</span> <span class='ocrx_word' id='word_1_115' title='bbox 238 1313 397 1382; x_wconf 66' lang='lat' dir='ltr'>eniti,</span> <span class='ocrx_word' id='word_1_116' title='bbox 417 1314 541 1375; x_wconf 86' lang='lat' dir='ltr'>inde</span> <span class='ocrx_word' id='word_1_117' title='bbox 560 1315 757 1397; x_wconf 79' lang='lat' dir='ltr'>sagittis</span> <span class='ocrx_word' id='word_1_118' title='bbox 774 1314 824 1373; x_wconf 74' lang='lat' dir='ltr'>se</span> <span class='ocrx_word' id='word_1_119' title='bbox 847 1315 1263 1384; x_wconf 80' lang='lat' dir='ltr'>ulciscebantur,</span> <span class='ocrx_word' id='word_1_120' title='bbox 1304 1340 1419 1396; x_wconf 80' lang='lat' dir='ltr'>quae</span> <span class='ocrx_word' id='word_1_121' title='bbox 1442 1339 1567 1374; x_wconf 86' lang='lat' dir='ltr'>cum</span> <span class='ocrx_word' id='word_1_122' title='bbox 1589 1322 1648 1374; x_wconf 85' lang='lat' dir='ltr'>in</span> 
     </span>
     <span class='ocr_line' id='line_1_16' title="bbox 25 1394 1647 1466; baseline 0.002 -13"><span class='ocrx_word' id='word_1_123' title='bbox 25 1395 244 1454; x_wconf 87' lang='lat' dir='ltr'>densam</span> <span class='ocrx_word' id='word_1_124' title='bbox 276 1394 631 1456; x_wconf 87' lang='lat' dir='ltr'>barbarorum</span> <span class='ocrx_word' id='word_1_125' title='bbox 670 1399 966 1457; x_wconf 85' lang='lat' dir='ltr'>inciderent</span> <span class='ocrx_word' id='word_1_126' title='bbox 981 1400 1194 1456; x_wconf 82' lang='lat' dir='ltr'>turbam</span> <span class='ocrx_word' id='word_1_127' title='bbox 1216 1441 1233 1466; x_wconf 93' lang='lat'>,</span> <span class='ocrx_word' id='word_1_128' title='bbox 1269 1396 1420 1455; x_wconf 82' lang='lat' dir='ltr'>facile</span> <span class='ocrx_word' id='word_1_129' title='bbox 1439 1399 1647 1461; x_wconf 83' lang='lat' dir='ltr'>autho-</span> 
     </span>
     <span class='ocr_line' id='line_1_17' title="bbox 26 1479 1645 1562; baseline 0.003 -27"><span class='ocrx_word' id='word_1_130' title='bbox 26 1481 233 1536; x_wconf 85' lang='lat' dir='ltr'>minem</span> <span class='ocrx_word' id='word_1_131' title='bbox 255 1498 345 1537; x_wconf 88' lang='lat' dir='ltr'>aut</span> <span class='ocrx_word' id='word_1_132' title='bbox 362 1501 567 1559; x_wconf 88' lang='lat' dir='ltr'>equum</span> <span class='ocrx_word' id='word_1_133' title='bbox 588 1480 952 1538; x_wconf 72' lang='lat' dir='ltr'>vulnerabant.</span> <span class='ocrx_word' id='word_1_134' title='bbox 997 1481 1092 1539; x_wconf 90' lang='lat' dir='ltr'>ubi</span> <span class='ocrx_word' id='word_1_135' title='bbox 1110 1480 1306 1562; x_wconf 81' lang='lat' dir='ltr'>sagittae</span> <span class='ocrx_word' id='word_1_136' title='bbox 1320 1479 1645 1550; x_wconf 75' lang='lat' dir='ltr'>defecerant,</span> 
     </span>
     <span class='ocr_line' id='line_1_18' title="bbox 27 1559 1646 1642; baseline 0.001 -25"><span class='ocrx_word' id='word_1_137' title='bbox 27 1560 180 1618; x_wconf 89' lang='lat' dir='ltr'>cursu</span> <span class='ocrx_word' id='word_1_138' title='bbox 197 1559 246 1618; x_wconf 91' lang='lat' dir='ltr'>se</span> <span class='ocrx_word' id='word_1_139' title='bbox 265 1565 686 1642; x_wconf 81' lang='lat' dir='ltr'>proripientibus</span> <span class='ocrx_word' id='word_1_140' title='bbox 705 1562 963 1620; x_wconf 65' lang='lat' dir='ltr'>inhaerent</span> <span class='ocrx_word' id='word_1_141' title='bbox 985 1563 1363 1642; x_wconf 84' lang='lat' dir='ltr'>persequentes</span> <span class='ocrx_word' id='word_1_142' title='bbox 1399 1564 1603 1619; x_wconf 88' lang='lat' dir='ltr'>Gotthi</span> <span class='ocrx_word' id='word_1_143' title='bbox 1626 1604 1646 1630; x_wconf 87' lang='lat'>,</span> 
     </span>
     <span class='ocr_line' id='line_1_19' title="bbox 25 1642 1647 1723; baseline 0.001 -23"><span class='ocrx_word' id='word_1_144' title='bbox 25 1642 201 1702; x_wconf 88' lang='lat' dir='ltr'>donec</span> <span class='ocrx_word' id='word_1_145' title='bbox 219 1646 438 1722; x_wconf 88' lang='lat' dir='ltr'>propius</span> <span class='ocrx_word' id='word_1_146' title='bbox 459 1650 648 1704; x_wconf 79' lang='lat' dir='ltr'>maenia</span> <span class='ocrx_word' id='word_1_147' title='bbox 664 1662 887 1703; x_wconf 87' lang='lat' dir='ltr'>ventum</span> <span class='ocrx_word' id='word_1_148' title='bbox 909 1686 925 1712; x_wconf 96' lang='lat'>,</span> <span class='ocrx_word' id='word_1_149' title='bbox 961 1643 1334 1723; x_wconf 77' lang='lat' dir='ltr'>machinasque</span> <span class='ocrx_word' id='word_1_150' title='bbox 1366 1646 1647 1703; x_wconf 85' lang='lat' dir='ltr'>libratores</span> 
     </span>
     <span class='ocr_line' id='line_1_20' title="bbox 25 1726 1642 1805; baseline 0.002 -23"><span class='ocrx_word' id='word_1_151' title='bbox 25 1742 274 1782; x_wconf 82' lang='lat' dir='ltr'>excutere</span> <span class='ocrx_word' id='word_1_152' title='bbox 292 1744 510 1805; x_wconf 85' lang='lat' dir='ltr'>caepere.</span> <span class='ocrx_word' id='word_1_153' title='bbox 557 1745 702 1785; x_wconf 88' lang='lat' dir='ltr'>metu</span> <span class='ocrx_word' id='word_1_154' title='bbox 725 1747 907 1783; x_wconf 87' lang='lat' dir='ltr'>earum</span> <span class='ocrx_word' id='word_1_155' title='bbox 936 1746 1083 1784; x_wconf 85' lang='lat' dir='ltr'>retro</span> <span class='ocrx_word' id='word_1_156' title='bbox 1118 1726 1167 1784; x_wconf 91' lang='lat' dir='ltr'>se</span> <span class='ocrx_word' id='word_1_157' title='bbox 1205 1729 1375 1784; x_wconf 84' lang='lat' dir='ltr'>tulere</span> <span class='ocrx_word' id='word_1_158' title='bbox 1411 1726 1642 1785; x_wconf 80' lang='lat' dir='ltr'>barbari.</span> 
     </span>
     <span class='ocr_line' id='line_1_21' title="bbox 24 1808 1644 1868; baseline 0.002 -4"><span class='ocrx_word' id='word_1_159' title='bbox 24 1809 83 1864; x_wconf 90' lang='lat' dir='ltr'>in</span> <span class='ocrx_word' id='word_1_160' title='bbox 100 1828 168 1865; x_wconf 89' lang='lat' dir='ltr'>eo</span> <span class='ocrx_word' id='word_1_161' title='bbox 200 1811 487 1868; x_wconf 86' lang='lat' dir='ltr'>certamine</span> <span class='ocrx_word' id='word_1_162' title='bbox 509 1813 652 1867; x_wconf 83' lang='lat' dir='ltr'>mille</span> <span class='ocrx_word' id='word_1_163' title='bbox 687 1808 890 1866; x_wconf 83' lang='lat' dir='ltr'>Gotthi</span> <span class='ocrx_word' id='word_1_164' title='bbox 914 1831 1029 1866; x_wconf 84' lang='lat' dir='ltr'>non</span> <span class='ocrx_word' id='word_1_165' title='bbox 1063 1815 1242 1867; x_wconf 89' lang='lat' dir='ltr'>minus</span> <span class='ocrx_word' id='word_1_166' title='bbox 1280 1809 1508 1866; x_wconf 78' lang='lat' dir='ltr'>absumti</span> <span class='ocrx_word' id='word_1_167' title='bbox 1534 1829 1644 1868; x_wconf 85' lang='lat' dir='ltr'>tra-</span> 
     </span>
     <span class='ocr_line' id='line_1_22' title="bbox 26 1887 1642 1950; baseline 0.002 -4"><span class='ocrx_word' id='word_1_168' title='bbox 26 1887 245 1946; x_wconf 89' lang='lat' dir='ltr'>duntur.</span> <span class='ocrx_word' id='word_1_169' title='bbox 288 1891 422 1946; x_wconf 88' lang='lat' dir='ltr'>Non</span> <span class='ocrx_word' id='word_1_170' title='bbox 445 1894 627 1950; x_wconf 87' lang='lat' dir='ltr'>multis</span> <span class='ocrx_word' id='word_1_171' title='bbox 649 1892 838 1949; x_wconf 89' lang='lat' dir='ltr'>mediis</span> <span class='ocrx_word' id='word_1_172' title='bbox 868 1890 1058 1949; x_wconf 86' lang='lat' dir='ltr'>diebus</span> <span class='ocrx_word' id='word_1_173' title='bbox 1091 1890 1370 1948; x_wconf 85' lang='lat' dir='ltr'>Belisarius</span> <span class='ocrx_word' id='word_1_174' title='bbox 1407 1893 1642 1950; x_wconf 87' lang='lat' dir='ltr'>Mundi-</span> 
     </span>
     <span class='ocr_line' id='line_1_23' title="bbox 19 1967 1643 2055; baseline 0.002 -27"><span class='ocrx_word' id='word_1_175' title='bbox 19 1972 126 2029; x_wconf 87' lang='lat' dir='ltr'>lam</span> <span class='ocrx_word' id='word_1_176' title='bbox 145 1967 420 2030; x_wconf 83' lang='lat' dir='ltr'>satellitem</span> <span class='ocrx_word' id='word_1_177' title='bbox 439 1972 785 2054; x_wconf 84' lang='lat' dir='ltr'>sodalemque</span> <span class='ocrx_word' id='word_1_178' title='bbox 806 1978 921 2048; x_wconf 88' lang='lat' dir='ltr'>ejus</span> <span class='ocrx_word' id='word_1_179' title='bbox 940 1977 1256 2055; x_wconf 83' lang='lat' dir='ltr'>Diogenem</span> <span class='ocrx_word' id='word_1_180' title='bbox 1278 2016 1294 2042; x_wconf 96' lang='lat'>,</span> <span class='ocrx_word' id='word_1_181' title='bbox 1331 1974 1456 2031; x_wconf 88' lang='lat' dir='ltr'>belli</span> <span class='ocrx_word' id='word_1_182' title='bbox 1486 1996 1643 2055; x_wconf 83' lang='lat' dir='ltr'>egre-</span> 
     </span>
     <span class='ocr_line' id='line_1_24' title="bbox 23 2053 1637 2134; baseline 0.003 -24"><span class='ocrx_word' id='word_1_183' title='bbox 23 2057 144 2134; x_wconf 88' lang='lat' dir='ltr'>gios</span> <span class='ocrx_word' id='word_1_184' title='bbox 160 2095 176 2122; x_wconf 92' lang='lat'>,</span> <span class='ocrx_word' id='word_1_185' title='bbox 196 2074 325 2112; x_wconf 89' lang='lat' dir='ltr'>cum</span> <span class='ocrx_word' id='word_1_186' title='bbox 341 2057 747 2134; x_wconf 68' lang='lat' dir='ltr'>prote&amp;oribus</span> <span class='ocrx_word' id='word_1_187' title='bbox 765 2059 1018 2113; x_wconf 82' lang='lat' dir='ltr'>trecentis</span> <span class='ocrx_word' id='word_1_188' title='bbox 1041 2098 1056 2124; x_wconf 93' lang='lat'>,</span> <span class='ocrx_word' id='word_1_189' title='bbox 1077 2053 1428 2130; x_wconf 80' lang='lat' dir='ltr'>missosjubet</span> <span class='ocrx_word' id='word_1_190' title='bbox 1448 2059 1637 2116; x_wconf 85' lang='lat' dir='ltr'>eadem</span> 
     </span>
     <span class='ocr_line' id='line_1_25' title="bbox 19 2134 1642 2218; baseline 0.002 -24"><span class='ocrx_word' id='word_1_191' title='bbox 19 2137 106 2194; x_wconf 87' lang='lat' dir='ltr'>illa</span> <span class='ocrx_word' id='word_1_192' title='bbox 118 2134 308 2196; x_wconf 86' lang='lat' dir='ltr'>facere.</span> <span class='ocrx_word' id='word_1_193' title='bbox 351 2139 617 2197; x_wconf 85' lang='lat' dir='ltr'>Fecerunt</span> <span class='ocrx_word' id='word_1_194' title='bbox 633 2184 648 2206; x_wconf 89' lang='lat'>,</span> <span class='ocrx_word' id='word_1_195' title='bbox 668 2137 1017 2218; x_wconf 86' lang='lat' dir='ltr'>hostiumque</span> <span class='ocrx_word' id='word_1_196' title='bbox 1057 2137 1104 2195; x_wconf 88' lang='lat' dir='ltr'>se</span> <span class='ocrx_word' id='word_1_197' title='bbox 1124 2138 1505 2216; x_wconf 86' lang='lat' dir='ltr'>objicientium</span> <span class='ocrx_word' id='word_1_198' title='bbox 1526 2161 1642 2197; x_wconf 81' lang='lat' dir='ltr'>non</span> 
     </span>
     <span class='ocr_line' id='line_1_26' title="bbox 2 2219 1640 2301; baseline 0.002 -25"><span class='ocrx_word' id='word_1_199' title='bbox 2 2255 5 2258; x_wconf 95' lang='lat'><em>-</em></span> <span class='ocrx_word' id='word_1_200' title='bbox 24 2221 300 2299; x_wconf 85' lang='lat' dir='ltr'>pauciores</span> <span class='ocrx_word' id='word_1_201' title='bbox 315 2261 334 2290; x_wconf 87' lang='lat'>,</span> <span class='ocrx_word' id='word_1_202' title='bbox 355 2219 390 2277; x_wconf 87' lang='lat' dir='ltr'>fi</span> <span class='ocrx_word' id='word_1_203' title='bbox 409 2242 523 2279; x_wconf 88' lang='lat' dir='ltr'>non</span> <span class='ocrx_word' id='word_1_204' title='bbox 541 2227 594 2278; x_wconf 74' lang='grc' dir='ltr'>δε</span> <span class='ocrx_word' id='word_1_205' title='bbox 614 2223 790 2301; x_wconf 86' lang='lat' dir='ltr'>plures</span> <span class='ocrx_word' id='word_1_206' title='bbox 810 2243 972 2300; x_wconf 84' lang='lat' dir='ltr'>quam</span> <span class='ocrx_word' id='word_1_207' title='bbox 1004 2224 1182 2301; x_wconf 80' lang='lat' dir='ltr'>priore</span> <span class='ocrx_word' id='word_1_208' title='bbox 1204 2220 1464 2279; x_wconf 56' lang='lat' dir='ltr'>confliffcu</span> <span class='ocrx_word' id='word_1_209' title='bbox 1486 2264 1503 2290; x_wconf 90' lang='lat'>,</span> <span class='ocrx_word' id='word_1_210' title='bbox 1538 2245 1640 2280; x_wconf 89' lang='lat' dir='ltr'>eo-</span> 
     </span>
     <span class='ocr_line' id='line_1_27' title="bbox 23 2303 1642 2382; baseline 0.004 -24"><span class='ocrx_word' id='word_1_211' title='bbox 23 2303 152 2362; x_wconf 82' lang='lat' dir='ltr'>dem</span> <span class='ocrx_word' id='word_1_212' title='bbox 183 2303 355 2361; x_wconf 84' lang='lat' dir='ltr'>modo</span> <span class='ocrx_word' id='word_1_213' title='bbox 391 2309 683 2382; x_wconf 90' lang='lat' dir='ltr'>perierunt.</span> <span class='ocrx_word' id='word_1_214' title='bbox 725 2306 978 2360; x_wconf 87' lang='lat' dir='ltr'>Tertium</span> <span class='ocrx_word' id='word_1_215' title='bbox 1013 2308 1173 2362; x_wconf 87' lang='lat' dir='ltr'>etiam</span> <span class='ocrx_word' id='word_1_216' title='bbox 1210 2303 1351 2361; x_wconf 76' lang='lat' dir='ltr'>milit</span> <span class='ocrx_word' id='word_1_217' title='bbox 1388 2326 1513 2362; x_wconf 86' lang='lat' dir='ltr'>cum</span> <span class='ocrx_word' id='word_1_218' title='bbox 1536 2324 1642 2365; x_wconf 87' lang='lat' dir='ltr'>tre-</span> 
     </span>
     <span class='ocr_line' id='line_1_28' title="bbox 23 2384 1642 2466; baseline 0.002 -25"><span class='ocrx_word' id='word_1_219' title='bbox 23 2387 193 2441; x_wconf 90' lang='lat' dir='ltr'>centis</span> <span class='ocrx_word' id='word_1_220' title='bbox 209 2384 488 2465; x_wconf 84' lang='lat' dir='ltr'>equitibus</span> <span class='ocrx_word' id='word_1_221' title='bbox 506 2386 695 2444; x_wconf 65' lang='lat' dir='ltr'>Oilam</span> <span class='ocrx_word' id='word_1_222' title='bbox 715 2425 733 2451; x_wconf 93' lang='lat'>,</span> <span class='ocrx_word' id='word_1_223' title='bbox 752 2384 896 2443; x_wconf 87' lang='lat' dir='ltr'>hunc</span> <span class='ocrx_word' id='word_1_224' title='bbox 917 2408 1139 2466; x_wconf 88' lang='lat' dir='ltr'>quoque</span> <span class='ocrx_word' id='word_1_225' title='bbox 1173 2386 1200 2444; x_wconf 77' lang='grc' dir='ltr'>ἐ</span> <span class='ocrx_word' id='word_1_226' title='bbox 1227 2385 1560 2454; x_wconf 77' lang='lat' dir='ltr'>satellitibuS,</span> <span class='ocrx_word' id='word_1_227' title='bbox 1582 2406 1642 2447; x_wconf 86' lang='lat' dir='ltr'>ut</span> 
     </span>
     <span class='ocr_line' id='line_1_29' title="bbox 25 2465 1642 2548; baseline 0.004 -26"><span class='ocrx_word' id='word_1_228' title='bbox 25 2469 266 2544; x_wconf 89' lang='lat' dir='ltr'>priorum</span> <span class='ocrx_word' id='word_1_229' title='bbox 300 2465 439 2526; x_wconf 63' lang='lat' dir='ltr'>facta</span> <span class='ocrx_word' id='word_1_230' title='bbox 471 2472 811 2536; x_wconf 85' lang='lat' dir='ltr'>imitaretur,</span> <span class='ocrx_word' id='word_1_231' title='bbox 855 2468 1108 2548; x_wconf 86' lang='lat' dir='ltr'>idemque</span> <span class='ocrx_word' id='word_1_232' title='bbox 1147 2467 1403 2527; x_wconf 74' lang='lat' dir='ltr'>successus</span> <span class='ocrx_word' id='word_1_233' title='bbox 1448 2468 1642 2528; x_wconf 81' lang='lat' dir='ltr'>adfuit.</span> 
     </span>
     <span class='ocr_line' id='line_1_30' title="bbox 26 2548 1639 2631; baseline 0.004 -27"><span class='ocrx_word' id='word_1_234' title='bbox 26 2548 231 2605; x_wconf 89' lang='lat' dir='ltr'>Tribus</span> <span class='ocrx_word' id='word_1_235' title='bbox 264 2548 348 2607; x_wconf 83' lang='lat' dir='ltr'>his</span> <span class='ocrx_word' id='word_1_236' title='bbox 366 2571 506 2631; x_wconf 92' lang='lat' dir='ltr'>quos</span> <span class='ocrx_word' id='word_1_237' title='bbox 536 2553 741 2608; x_wconf 86' lang='lat' dir='ltr'>narravi</span> <span class='ocrx_word' id='word_1_238' title='bbox 759 2589 776 2615; x_wconf 92' lang='lat'>,</span> <span class='ocrx_word' id='word_1_239' title='bbox 807 2550 1113 2608; x_wconf 78' lang='lat' dir='ltr'>excursibus</span> <span class='ocrx_word' id='word_1_240' title='bbox 1141 2551 1380 2609; x_wconf 87' lang='lat' dir='ltr'>hostium</span> <span class='ocrx_word' id='word_1_241' title='bbox 1402 2572 1639 2631; x_wconf 85' lang='lat' dir='ltr'>quatuor</span> 
     </span>
     <span class='ocr_line' id='line_1_31' title="bbox 23 2627 1638 2713; baseline 0.004 -27"><span class='ocrx_word' id='word_1_242' title='bbox 23 2627 192 2687; x_wconf 87' lang='lat' dir='ltr'>ferme</span> <span class='ocrx_word' id='word_1_243' title='bbox 211 2632 669 2692; x_wconf 79' lang='lat' dir='ltr'>milliainteremta</span> <span class='ocrx_word' id='word_1_244' title='bbox 687 2630 826 2690; x_wconf 88' lang='lat' dir='ltr'>sunt.</span> <span class='ocrx_word' id='word_1_245' title='bbox 868 2633 1257 2706; x_wconf 64' lang='lat' dir='ltr'>Haecedoctus</span> <span class='ocrx_word' id='word_1_246' title='bbox 1274 2638 1475 2713; x_wconf 84' lang='lat' dir='ltr'>Vitigis</span> <span class='ocrx_word' id='word_1_247' title='bbox 1497 2677 1512 2702; x_wconf 95' lang='lat'>,</span> <span class='ocrx_word' id='word_1_248' title='bbox 1537 2656 1638 2692; x_wconf 85' lang='lat' dir='ltr'>nec</span> 
     </span>
     <span class='ocr_line' id='line_1_32' title="bbox 25 2709 1640 2796; baseline 0.004 -28"><span class='ocrx_word' id='word_1_249' title='bbox 25 2709 145 2769; x_wconf 84' lang='lat' dir='ltr'>satis</span> <span class='ocrx_word' id='word_1_250' title='bbox 173 2715 475 2796; x_wconf 82' lang='lat' dir='ltr'>intelligens</span> <span class='ocrx_word' id='word_1_251' title='bbox 510 2734 776 2795; x_wconf 84' lang='lat' dir='ltr'>quantum</span> <span class='ocrx_word' id='word_1_252' title='bbox 812 2732 1039 2795; x_wconf 85' lang='lat' dir='ltr'>utraque</span> <span class='ocrx_word' id='word_1_253' title='bbox 1085 2735 1354 2774; x_wconf 84' lang='lat' dir='ltr'>armatura</span> <span class='ocrx_word' id='word_1_254' title='bbox 1404 2716 1640 2796; x_wconf 86' lang='lat' dir='ltr'>bellique</span> 
     </span>
     <span class='ocr_line' id='line_1_33' title="bbox 26 2793 1638 2879; baseline 0.002 -28"><span class='ocrx_word' id='word_1_255' title='bbox 26 2793 409 2855; x_wconf 86' lang='lat' dir='ltr'>meditamenta</span> <span class='ocrx_word' id='word_1_256' title='bbox 425 2796 698 2856; x_wconf 87' lang='lat' dir='ltr'>differrent</span> <span class='ocrx_word' id='word_1_257' title='bbox 718 2837 734 2863; x_wconf 89' lang='lat'>,</span> <span class='ocrx_word' id='word_1_258' title='bbox 754 2795 980 2876; x_wconf 86' lang='lat' dir='ltr'>speravit</span> <span class='ocrx_word' id='word_1_259' title='bbox 999 2806 1052 2856; x_wconf 62' lang='grc' dir='ltr'>δε</span> <span class='ocrx_word' id='word_1_260' title='bbox 1071 2798 1165 2856; x_wconf 79' lang='lat' dir='ltr'>fibi</span> <span class='ocrx_word' id='word_1_261' title='bbox 1184 2799 1496 2879; x_wconf 81' lang='lat' dir='ltr'>expeditum</span> <span class='ocrx_word' id='word_1_262' title='bbox 1516 2797 1638 2855; x_wconf 87' lang='lat' dir='ltr'>fore</span> 
     </span>
     <span class='ocr_line' id='line_1_34' title="bbox 28 2873 1635 2961; baseline 0.002 -27"><span class='ocrx_word' id='word_1_263' title='bbox 28 2873 170 2934; x_wconf 89' lang='lat' dir='ltr'>hosti</span> <span class='ocrx_word' id='word_1_264' title='bbox 204 2897 397 2942; x_wconf 85' lang='lat' dir='ltr'>nocere</span> <span class='ocrx_word' id='word_1_265' title='bbox 444 2883 773 2961; x_wconf 88' lang='lat' dir='ltr'>plurimum,</span> <span class='ocrx_word' id='word_1_266' title='bbox 808 2901 922 2937; x_wconf 86' lang='lat' dir='ltr'>non</span> <span class='ocrx_word' id='word_1_267' title='bbox 958 2903 1151 2960; x_wconf 81' lang='lat' dir='ltr'>magna</span> <span class='ocrx_word' id='word_1_268' title='bbox 1185 2879 1410 2939; x_wconf 81' lang='lat' dir='ltr'>immiffa</span> <span class='ocrx_word' id='word_1_269' title='bbox 1452 2900 1635 2937; x_wconf 84' lang='lat' dir='ltr'>manu.</span> 
     </span>
     <span class='ocr_line' id='line_1_35' title="bbox 25 2957 1638 3044; baseline -0.003 -24"><span class='ocrx_word' id='word_1_270' title='bbox 25 2957 248 3038; x_wconf 78' lang='lat' dir='ltr'>Equites</span> <span class='ocrx_word' id='word_1_271' title='bbox 267 2962 430 3043; x_wconf 79' lang='lat' dir='ltr'>igitur</span> <span class='ocrx_word' id='word_1_272' title='bbox 447 2966 616 3023; x_wconf 87' lang='lat' dir='ltr'>mittit</span> <span class='ocrx_word' id='word_1_273' title='bbox 632 2965 963 3044; x_wconf 85' lang='lat' dir='ltr'>quingentos</span> <span class='ocrx_word' id='word_1_274' title='bbox 982 2969 1036 3020; x_wconf 84' lang='lat'>&amp;</span> <span class='ocrx_word' id='word_1_275' title='bbox 1054 2963 1227 3026; x_wconf 84' lang='lat' dir='ltr'>subire</span> <span class='ocrx_word' id='word_1_276' title='bbox 1245 2967 1445 3023; x_wconf 82' lang='lat' dir='ltr'>moenia</span> <span class='ocrx_word' id='word_1_277' title='bbox 1455 2962 1638 3038; x_wconf 81' lang='lat' dir='ltr'>jubet,</span> 
     </span>
    </p>

    <p class='ocr_par' dir='ltr' id='par_1_2' title="bbox 949 3045 1686 3124">
     <span class='ocr_line' id='line_1_36' title="bbox 949 3045 1648 3124; baseline 0.001 -22"><span class='ocrx_word' id='word_1_278' title='bbox 949 3045 1006 3102; x_wconf 84' lang='lat' dir='ltr'>O</span> <span class='ocrx_word' id='word_1_279' title='bbox 1055 3067 1080 3124; x_wconf 70' lang='lat'>3</span> <span class='ocrx_word' id='word_1_280' title='bbox 1472 3100 1478 3105; x_wconf 81' lang='grc'><strong><em>,</em></strong></span> <span class='ocrx_word' id='word_1_281' title='bbox 1554 3063 1648 3124; x_wconf 57' lang='lat' dir='ltr'>ac:</span> 
     </span>
    </p>
   </div>
  </div>
 </body>
</html>
