1888 3428
266 151 398 208 DE
480 146 1269 206 REB.GET101s.
1473 151 1583 224 673

30 250 132 296 oc,
168 228 301 290 ficut
329 248 439 291 erat
470 228 822 310 sagacisfirnus
859 224 1171 304 inquisitor,
1215 225 1495 306 persensit,
1526 229 1600 287 ad.

17 334 117 372 uos
139 315 351 392 inquit3
374 310 663 389 Respicite,
680 333 800 369 aves
817 308 1118 366 futurarum
1142 330 1318 366 rerum
1342 311 1593 387 providas
1666 367 1670 368 ⁷

31 399 282 452 erituram
302 395 600 472 relinquere
619 397 890 451 civitatem
908 431 926 455 ,
965 389 1264 469 casurasque
1285 411 1424 447 arces
1458 396 1596 469 peri-0

27 478 119 535 ulo
140 479 458 533 imminente
479 475 732 533 deserere.
774 475 907 531 Non
925 470 1030 528 hoc
1054 493 1281 529 vacuum
1304 514 1320 539 ,
1355 493 1467 528 non
1488 474 1592 530 hoe

27 558 238 616 redatur
254 561 514 615 incertum
537 580 554 624 ς
586 558 744 614 rebus
766 552 980 631 praesciis
999 554 1444 611 consuetudinem
1468 575 1594 609 mua-

23 658 74 696 at
89 659 304 696 ventura
323 636 584 696 formido,
631 638 781 706 Quid
802 639 958 714 plus?
978 639 1213 694 Animus
1233 636 1450 693 suorum
1473 656 1596 691 rura

22 743 79 778 us
98 720 626 801 adoppugnandum
663 722 970 798 Aquileiam
1006 719 1388 776 inflammatur.
1437 720 1593 788 Qui,

58 801 254 859 achinis
284 802 633 862 constructis,
664 798 1030 878 omnibusque
1060 821 1461 859 tormentorum
1498 822 1599 878 ge—

38 884 219 941 eribus
237 886 481 943 adhibitis
498 926 514 951 ‚
534 904 631 939 nec
649 904 799 940 mora
820 922 833 946 ,
855 883 1117 941 invadunt
1131 887 1404 940 civitatem
1427 923 1443 950 ,
1476 876 1600 960 sp0=

20 971 128 1024 iant
148 1008 163 1032 ,
198 967 442 1024 dividunt
460 1005 475 1030 ,
517 964 829 1043 vastantque
850 966 1139 1024 crudeliter
1158 1008 1173 1032 ,
1204 969 1274 1022 ita
1297 985 1354 1021 ut
1379 969 1462 1020 vix
1485 969 1602 1039 ejus

34 1048 255 1127 estigia,
304 1065 363 1105 ut
394 1054 715 1125 appareant,
752 1049 1084 1127 reliquerint.
1127 1042 1335 1105 Exhinc
1364 1055 1474 1125 jam
1503 1067 1604 1102 aus-
1682 1053 1684 1055 ’

37 1133 266 1195 acioreS,
308 1137 362 1186 &
398 1132 629 1211 necdum
666 1132 1050 1188 Romanorum
1091 1130 1347 1210 sanguine
1396 1129 1604 1196 satiati,

37 1233 91 1268 er
114 1214 341 1290 reliquas
376 1215 655 1268 Venetum
689 1216 926 1270 civitates
956 1217 1154 1271 Hunni
1187 1211 1605 1268 bacchabantur&

72 1294 379 1352 ediolanum
401 1315 622 1373 quoque
654 1296 882 1373 Liguriae
915 1296 1267 1373 metropolim
1287 1335 1303 1360 ,
1343 1299 1395 1350 &
1419 1313 1607 1371 quone-

42 1396 126 1431 am
161 1378 362 1455 regiam
399 1375 585 1431 urbem
606 1416 621 1442 ‚
667 1381 777 1454 pari
802 1396 990 1434 tenore
1022 1375 1326 1441 devastant,
1361 1396 1458 1431 nec
1488 1394 1608 1431 non

49 1502 52 1503 γ
103 1456 364 1513 Ticinum
407 1460 598 1536 aequali
643 1457 785 1514 sorte
820 1458 1118 1533 dejiciunt,
1165 1460 1448 1535 vicinaque
1485 1455 1608 1512 loca.

27 1541 281 1596 aevientes
322 1540 580 1604 allidunt,
616 1541 1096 1620 demoliunturque
1130 1538 1265 1617 pene
1296 1558 1472 1595 totam
1506 1543 1612 1594 Ita-

24 1625 150 1678 iam.
196 1624 499 1701 Quumque
521 1622 584 1678 ad
614 1624 851 1679 Romam
870 1625 1080 1679 animus
1113 1620 1286 1679 fitiffet
1308 1625 1420 1694 ejus
1438 1636 1613 1676 atterr-

32 1724 91 1759 us
112 1703 357 1760 accedere
376 1744 394 1770 ‚
423 1702 496 1760 sui
518 1724 643 1759 eum
663 1711 756 1777 (ut
779 1704 980 1760 Priscus
995 1700 1157 1759 refert
1176 1701 1484 1772 historicus)
1523 1721 1613 1757 rea

66 1805 228 1841 overe
254 1825 271 1850 ‚
310 1806 422 1848 non
454 1785 609 1852 urbi,
648 1788 734 1841 cui
774 1788 976 1843 inimici
1011 1802 1195 1853 erant,
1228 1782 1612 1850 consulentes;

17 1865 92 1946 ‘ed
119 1868 315 1924 Alarici
351 1867 627 1945 quondam
659 1865 1087 1947 Vesegotharum
1121 1872 1260 1948 regis
1294 1866 1614 1940 objicientes

7 1950 319 2027 exemplum
343 1989 364 2025 ,η
395 1951 545 2005 veriti
582 1951 721 2026 regis
752 1948 827 2006 sui
861 1947 1137 2007 fortunam
1160 1990 1176 2015 ‚
1206 1954 1331 2027 quia
1366 1949 1453 2004 ille
1492 1945 1613 2025 post

7 2027 231 2109 frafitam
270 2033 506 2088 Romam
543 2032 634 2088 diu
671 2052 784 2087 non
819 2031 1210 2111 supervixerat,
1240 2029 1326 2087 sed
1362 2033 1617 2107 protinus

18 2113 170 2193 ssbus
194 2112 423 2190 „excessit
456 2113 722 2169 humanis,
764 2117 936 2193 Igitur
970 2114 1100 2170 dum
1132 2118 1247 2187 ejus
1281 2118 1492 2186 animus
1519 2128 1619 2166 an-

11 2196 158 2275 cipiti
193 2198 428 2274 negocio
458 2198 594 2251 inter
626 2197 701 2252 ire
738 2202 789 2252 &
823 2218 937 2253 non
967 2199 1039 2252 ire
1060 2194 1342 2252 fluctuaret
1363 2238 1377 2259 ‚
1405 2191 1608 2252 secum:

13 2297 117 2356 que
163 2278 463 2344 deliberans
495 2275 725 2333 tardaret
752 2317 768 2345 ,
815 2280 1002 2356 placita
1048 2282 1095 2333 ei
1130 2279 1330 2358 legatio
1371 2273 1618 2332 {Roma
1684 2276 1688 2280 ’

14 2357 247 2438 advenit.
291 2361 435 2415 Nam
477 2362 591 2414 Leo
641 2381 773 2437 papa
810 2382 903 2439 per
949 2359 1000 2435 se
1044 2360 1109 2416 ad
1147 2381 1273 2416 eum
1318 2356 1518 2415 accedit
1558 2360 1616 2412 in

15 2434 338 2519 'Acroventu
376 2440 718 2497 Mamboleio
751 2482 767 2507 ,
825 2441 916 2499 ubi
968 2443 1210 2499 Mincius
1246 2444 1416 2496 amnis
1464 2458 1625 2494 com-

19 2527 312 2600 meantium
348 2522 784 2599 frequentatione
818 2523 1085 2582 tranfitun
1130 2525 1249 2590 Qui
1282 2543 1412 2578 mox
1448 2521 1622 2597 depo-

19 2601 118 2684 fito
152 2612 410 2678 exercitus
439 2603 624 2661 furore
645 2646 661 2672 ,
696 2612 747 2661 δε
769 2607 977 2664 rediens
1011 2628 1116 2686 qua
1138 2625 1388 2666 venerat,
1424 2602 1479 2658 id
1514 2600 1622 2665 est,

19 2687 155 2747 ultra
180 2682 508 2763 Danubium
530 2730 543 2751 ,
593 2686 840 2765 promissa
873 2710 998 2769 pace
1038 2687 1260 2745 discessit
1289 2710 1305 2755 3
1359 2684 1487 2741 illud
1524 2704 1627 2760 prae

20 2769 276 2845 omnibus
302 2770 629 2843 denuncians
648 2810 665 2836 ,
696 2791 856 2849 atque
874 2770 1279 2828 interminando
1303 2766 1628 2830 discernens,

21 2857 268 2928 graviora
305 2848 355 2908 se
395 2855 449 2907 in
484 2853 683 2908 Italiam
725 2855 996 2910 illaturum
1029 2893 1046 2920 ‚
1090 2851 1183 2909 nifi
1224 2851 1294 2925 ad
1335 2848 1383 2906 se
1418 2849 1630 2902 Hono-

17 2933 160 2994 Iiam
177 2926 546 2993 Valentiniani
560 2938 814 3016 principis
830 2957 1144 3017 germanam
1164 2976 1182 3004 ,
1205 2927 1631 3006 filiamPlacid-iae

386 3032 389 3035 ’
903 3011 977 3077 -V
998 3034 1033 3074 u
1438 3014 1640 3086 Augu-³
