1931 3428
285 165 706 225 *Lumen
786 154 1183 222 SExT'vs:
1498 179 1612 235 901

50 249 165 312 ium
183 244 507 309 Pontificem
526 290 543 316 ,
576 250 704 328 quia
720 248 776 304 in
794 246 989 303 erroris
1007 244 1147 302 illius
1166 240 1374 320 synodo
1392 279 1410 306 ,
1445 262 1614 321 quam

12 333 498 411 Constantinopoli
529 329 756 395 fecerat,
787 326 963 385 favere
1000 329 1052 381 &
1073 325 1394 382 subscribere
1413 323 1613 390 noluit,

71 414 168 475 ‘isso
194 414 440 473 Zacharia
459 412 889 493 protospathario
908 407 1026 476 su0‚
1041 406 1191 482 jusfit
1213 404 1613 463 Constantino?-

9 502 182 580 polim
199 497 491 576 deportari.
536 496 638 554 Sed
656 497 845 553 militia
861 494 1135 550 Ravennae
1157 530 1176 558 ,
1208 491 1615 567 vicinarumque

10 583 281 662 partium,
320 577 454 655 jussa
485 580 734 658 principis
768 572 994 633 nefanda
1026 589 1385 628 contemnens
1417 609 1433 634 2
1477 590 1615 626 eun-
1683 570 1686 571 ⁷

10 663 136 722 dem
153 662 464 741 Zachariam
484 682 608 720 cum
627 657 974 718 contumeliis
1006 653 1073 711 ab
1096 652 1231 712 urbe
1251 653 1437 713 Roma
1455 657 1507 708 δε
1527 655 1625 719 inf

13 748 162 804 ‘uriis
177 746 403 824 pepulit.

483 883 543 948 C
643 903 691 946 A
791 902 847 944 ι’.
1006 874 1191 944 XII.

66 1023 310 1105 Qomodo
328 1033 416 1081 Leo
435 1020 686 1099 Iustiniani
702 1022 751 1080 in
769 1021 976 1078 exilium
995 1015 1119 1091 trusi
1144 1032 1348 1093 regnum
1366 1011 1565 1087 invasit.

16 1165 144 1295 C
169 1163 348 1220 On'tra
383 1160 526 1219 hunc
545 1159 902 1218 Iustinianum
931 1161 1046 1215 Leo
1068 1152 1422 1236 Augustalem
1441 1150 1625 1231 digni-

0 1254 2 1291 ἱ
60 1294 62 1296 ,
102 1294 105 1295 ⁷
168 1262 336 1302 tatem
358 1250 646 1323 arripien5‚
683 1264 809 1300 eum
831 1261 1001 1320 regno
1019 1242 1284 1318 privavit3
1335 1235 1626 1313 Regnum-

12 1349 122 1407 que
151 1330 539 1385 Romanorum
577 1323 747 1382 tribus
783 1329 933 1382 annis
968 1342 1159 1402 regens
1194 1361 1213 1391 ,
1270 1315 1624 1374 lastinianum

13 1410 232 1468 exulem
251 1415 305 1466 in
324 1414 507 1468 Ponto
529 1406 768 1467 servavit.

452 1549 511 1613 C
613 1571 661 1612 A
761 1570 816 1611 P.
979 1542 1215 1610 XIII.

139 1689 387 1766 Quomodo
406 1690 612 1744 raberius
631 1698 832 1743 Leonem
841 1685 1094 1762 fiaeperans,
1121 1684 1184 1746 &
1200 1683 1251 1739 in
1269 1698 1508 1739 carcerem

366 1773 621 1850 conjiciens
640 1810 656 1836 ,
700 1781 970 1847 Imperator
989 1767 1172 1842 effecius
1190 1764 1274 1841 est.

14 1965 21 1969 ,
168 1907 480 1990 Vrsumque
508 1909 769 1966 Tiberius
800 1926 989 1983 contra
1023 1905 1168 1962 hunc
1185 1906 1433 1960 Leonem
1455 1896 1629 1957 insur-

175 2014 332 2073 gem,
355 2013 583 2073 regnum
604 1999 718 2068 ejus
735 1991 926 2050 invafir.
947 2032 963 2059 ,
984 2007 1218 2065 eumque
1239 2001 1365 2040 toto
1383 2003 1500 2062 quo
1521 1978 1632 2059 ipse

17 2080 265 2157 regnavit
281 2077 613 2154 tempore‚in
629 2076 815 2134 eadem
832 2076 1045 2135 civitate
1061 2073 1119 2145 in
1135 2066 1377 2126 custodia
1395 2067 1595 2123 tenuit.

496 2192 554 2278 C
627 2238 675 2278 A
743 2237 798 2278 P.
918 2210 1126 2278 XIV.

61 2354 316 2435 Qomodo
356 2366 485 2431 Papa
503 2355 700 2431 Sergius
735 2331 1078 2429 Aquileienfiem
1106 2349 1349 2431 Synodurn
1377 2387 1393 2414 ‚
1425 2345 1595 2402 nolen-

157 2437 485 2512 temfimffbam
499 2441 729 2515 quintam
744 2437 987 2519 Synodum
997 2434 1244 2513 fitscipere,
1268 2430 1499 2489 correxit.

197 2575 288 2632 Oc
306 2592 556 2654 tempore
589 2573 840 2654 Synodus
872 2575 1136 2654 Aquilejae
1156 2567 1295 2628 fasta
1314 2566 1390 2624 ob
1412 2562 1639 2645 imperi-

194 2661 326 2714 tiam
351 2655 475 2716 fidei
494 2699 511 2726 ‚
552 2663 808 2736 quintum
831 2654 1116 2715 universale
1152 2651 1448 2710 concilium
1481 2643 1642 2703 susci-

26 2760 151 2819 pere
166 2737 360 2797 diffidit
374 2781 390 2806 ,
407 2740 584 2798 donec
603 2739 916 2798 salutaribus
936 2738 1081 2796 beati
1098 2742 1252 2813 Papae
1271 2733 1440 2811 Sergii
1461 2730 1641 2785 moni-

27 2825 97 2883 tis
114 2820 368 2880 instruc&
388 2863 404 2890 ‚
443 2828 498 2878 &
536 2820 642 2899 ipsa
662 2843 787 2880 curn
821 2825 1007 2880 ceteris
1041 2815 1242 2877 Christi
1270 2810 1515 2873 Ecclefiis
1546 2828 1642 2863 an·-

29 2923 196 2961 nuere
215 2903 501 2962 consentit.
519 2905 677 2962 Fa&a
696 2922 878 2962 autem
896 2903 969 2960 est
981 2898 1090 2960 haec
1107 2898 1358 2978 Synodus
1374 2888 1645 2950 Constan-

30 2987 287 3067 tinopoli,
311 2986 658 3066 temporibus
674 2989 862 3068 vigilii
885 2992 1055 3065 Papae,
1074 2982 1171 3042 sub
1188 2979 1483 3038 Iustiniano
1500 2975 1650 3062 prin-

833 3074 879 3128 L
895 3069 911 3124 l
929 3069 945 3124 1
999 3088 1024 3143 3
1536 3070 1651 3131 CIPC
