1888 3428
26 52 34 74 χ
52 35 55 39 ,

196 147 624 208 (ΞοττΗιωε
677 143 1084 202 HISTORIAE
1128 143 1264 198 LIB.
1298 144 1346 196 Ι.
1507 160 1612 218 173

15 229 257 290 formido
291 235 347 288 in
382 249 629 309 tempore
649 225 820 284 sumta
837 224 1111 279 fortunam
1135 221 1360 279 restituit
1391 243 1405 278 t
1443 226 1628 279 multis

12 313 171 372 fortis
189 315 351 370 animi
373 333 596 378 nomen,
614 330 726 367 non
745 329 808 364 ex
828 304 922 361 usu
942 303 1243 383 quaesitum,
1265 306 1397 360 male
1416 305 1628 361 cecidit.

15 399 278 474 Sapientis
296 394 368 452 est
388 437 404 462 ,
425 415 539 452 non
558 412 753 450 vocum
773 385 905 444 sono
923 427 939 453 ‚
968 385 1055 443 sed
1093 407 1272 443 rerum
1307 385 1629 441 utilitatibus

13 477 151 535 trahi
169 500 186 545 3
202 483 344 535 Laus
364 480 601 534 virorum
623 493 736 531 non
762 472 926 528 initiis
947 467 1032 525 sed
1054 465 1162 524 fine
1181 467 1465 546 spectatur.
1499 467 1631 521 Ho-

13 557 149 617 stem
185 558 372 639 fugere
412 549 623 616 dicendi
657 552 776 611 sunt
796 593 812 619 ‚
850 569 976 608 non·
999 553 1094 629 qui
1116 571 1243 606 mox
1267 554 1556 628 paratiores
1576 551 1634 604 in

14 663 141 699 eum
163 639 282 700 sunt
302 644 455 704 ituri,
475 639 559 696 sed
583 640 675 716 qui
696 635 825 692 nihil
842 632 983 689 aliud
1003 653 1166 709 quam
1189 635 1367 688 vivere
1384 649 1632 687 curantes

15 722 91 781 ob
107 723 160 780 id
180 725 396 782 cedunt.
436 723 634 798 Neque
655 739 753 775 vos
773 715 920 773 urbis
935 714 1092 784 hujus
1112 715 1378 791 capiendae
1398 712 1462 769 ab
1476 711 1632 768 hoste

13 824 187 863 terror
204 804 400 863 subeat.
444 805 588 859 Nam
620 800 655 856 si
690 800 829 856 bene
850 801 904 854 in
927 818 1028 855 nos
1050 802 1318 853 animatus
1343 795 1416 851 est
1437 797 1631 852 Romae

16 889 252 966 populus
273 928 290 955 ,
316 882 540 943 servabit
571 883 762 940 urbem
792 879 1024 938 Gotthis
1044 919 1059 941 ,
1097 899 1272 956 neque
1294 881 1340 934 ei
1361 874 1634 933 necessitas

12 972 264 1026 imminet
281 1010 296 1032 ,
315 966 534 1046 quando
557 986 656 1022 nos
679 965 829 1022 brevi
850 985 915 1020 eo
934 962 1150 1019 redituri
1170 961 1370 1016 sumus.
1418 958 1567 1038 quod
1595 956 1632 1015 {i

13 1050 146 1130 quid
179 1048 358 1107 infesti
390 1047 725 1106 abscondunt
747 1086 763 1112 ‚
794 1049 973 1102 minus
1010 1044 1292 1101 nocebunt
1331 1059 1550 1121 accepto
1574 1043 1632 1097 in

15 1132 208 1190 urbem
225 1131 399 1189 hoste.
443 1153 565 1187 nam
584 1133 676 1208 qui
698 1133 830 1187 clam
850 1129 1055 1183 inimici
1074 1125 1192 1183 sunt
1213 1167 1229 1192 ,
1260 1130 1316 1181 in
1337 1147 1430 1181 eos
1453 1141 1635 1201 aperta

14 1218 64 1272 vi
83 1219 171 1293 agi·
195 1216 406 1293 nequit.
447 1216 662 1270 Tamen
683 1233 749 1268 ne
771 1211 901 1288 quid
920 1210 1019 1265 tale
1042 1213 1272 1269 eveniat,
1293 1228 1398 1287 ego
1419 1227 1635 1264 cavero.

14 1299 183 1354 Viros
205 1299 365 1352 'enim
386 1296 588 1352 multos
607 1299 661 1350 δε
679 1293 998 1370 prudentem
1027 1287 1343 1348 Praefecstum
1364 1291 1638 1367 relinque-

18 1400 161 1447 mu3,
180 1377 326 1435 urbis
343 1376 594 1435 custodiae
610 1373 826 1432 futuros
847 1393 1009 1450 pares.
1055 1377 1130 1428 Ita
1147 1378 1201 1430 ὃς
1221 1391 1338 1450 quae
1360 1391 1506 1428 nunc
1521 1373 1639 1449 agi-
1680 1367 1684 1370 ⁴

17 1483 142 1518 mus
160 1461 299 1517 bene
320 1458 739 1539 procedentmec
761 1455 1058 1534 quidquam
1080 1458 1134 1510 in
1153 1454 1426 1532 posterum
1450 1474 1513 1509 ex
1529 1451 1638 1509 hoc

17 1540 231 1601 disceffu
263 1541 600 1599 incommodi
634 1536 894 1616 sequetur.
944 1536 1106 1592 Dicta
1121 1539 1326 1616 Vitigis
1344 1533 1639 1613 probantes

19 1624 226 1683 Gotthi
255 1625 318 1681 ad
335 1626 436 1680 iter
451 1622 499 1679 se
516 1623 804 1678 accinxere.
853 1620 1006 1673 Tum
1029 1620 1310 1674 Silucrium
1335 1616 1479 1673 urbis
1504 1619 1637 1672 anti-

16 1707 214 1772 stitem,
233 1705 582 1783 senatumque
602 1724 661 1758 ac
682 1703 944 1780 populum
966 1701 1134 1755 multa
1153 1697 1398 1756 hortatus
1416 1701 1640 1777 vitigis,

15 1785 380 1847 Theuderic'ni
398 1806 612 1864 aequum
633 1787 924 1862 imperium
946 1800 1004 1837 ut
1018 1779 1388 1838 *meminissent
1404 1821 1421 1845 ‚
1441 1778 1640 1837 fidem-

19 1893 126 1950 que
164 1875 219 1928 in
251 1869 501 1927 Gotthos
518 1864 814 1930 servarent,
851 1866 1009 1921 etiam
1034 1863 1382 1940 jurisjurandi
1409 1884 1501 1919 eos
1519 1866 1638 1919 san-

19 1955 281 2011 &imonia
311 1951 573 2030 obligavit
606 1971 618 2005 ε
659 1949 913 2027 leffisque
948 1947 1184 2003 militum
1220 1964 1455 2024 quatuor
1476 1946 1640 2001 milli-

19 2033 141 2115 bus,
159 2041 212 2094 δέ
229 2038 291 2092 iis
307 2031 561 2112 imposito
587 2030 838 2094 Leuderi,
862 2030 1029 2086 multa
1045 2047 1194 2088 aetate
1219 2032 1334 2085 viro
1354 2069 1370 2096 ‚
1396 2028 1567 2084 multa
1585 2032 1640 2084 &

19 2114 258 2176 sollertiae
277 2115 418 2173 fama
439 2158 454 2184 ‚
474 2114 756 2171 tutandam
782 2111 844 2168 ad
868 2110 1056 2168 urbem
1079 2152 1096 2177 ‚
1127 2129 1320 2170 caetero
1341 2132 1466 2166 cum
1489 2130 1642 2167 exer-=

19 2202 130 2257 citu
151 2200 466 2258 Ravennam
487 2200 641 2275 petit,
664 2199 987 2251 Senatorum
1008 2193 1324 2259 nonnu1105‚
1346 2191 1514 2271 specie
1534 2190 1641 2248 ho„

21 2285 168 2340 noris
186 2322 203 2348 ‚
230 2278 394 2360 reipsa
423 2277 633 2337 obfides
653 2319 667 2339 ‚
702 2274 876 2335 secum
908 2276 1143 2334 trahens,
1187 2277 1271 2331 Eo
1291 2274 1385 2332 ubi
1407 2292 1642 2343 venerat,

21 2361 420 2422 Matasuntham
456 2358 852 2419 Amalasunthae
873 2357 1038 2416 filiam
1060 2400 1077 2426 ,
1112 2376 1377 2414 maturam
1406 2367 1514 2430 jam
1536 2360 1645 2414 vir-

21 2449 227 2526 ginem,
248 2449 304 2512 in
324 2446 734 2503 matrimonium
752 2440 962 2498 assumit
980 2445 1204 2498 invitam
1226 2482 1241 2508 ‚
1271 2460 1330 2497 ut
1347 2439 1442 2497 fibi
1467 2442 1645 2519 impe-

20 2531 159 2586 rium
179 2549 321 2586 nexu
341 2550 466 2585 cum
486 2523 847 2583 Theuderichi
869 2524 1038 2581 domo
1064 2521 1315 2580 firmaret.
1342 2525 1488 2580 Dein
1507 2543 1646 2579 con-

24 2610 224 2667 tractos
253 2609 503 2668 Gotthos
528 2628 723 2665 omnes
742 2605 953 2686 digessit
976 2650 988 2670 ,
1024 2605 1380 2684 instruxitque
1413 2608 1572 2662 armis
1590 2610 1646 2662 &

24 2694 179 2770 equis
195 2694 251 2748 in
270 2709 472 2750 turmas
486 2689 781 2749 distributis
810 2731 826 2756 ,
857 2688 1000 2745 solos
1021 2691 1114 2768 qui
1134 2694 1188 2745 in
1209 2689 1399 2745 Galliis
1414 2684 1647 2768 agebant

26 2772 274 2831 Gotthos
292 2816 310 2843 ,
342 2777 673 2832 Francorum
709 2789 861 2828 metu
895 2775 1058 2828 accire
1097 2791 1212 2828 non
1247 2768 1414 2828 ausus·
1459 2771 1648 2827 Franci

23 2855 121 2924 illi,
147 2855 418 2916 veteribus
437 2857 844 2913 Germanorum
861 2857 1065 2933 cogniti
1086 2856 1334 2917 nomine,
1356 2851 1645 2931 quomodo

25 2953 186 3019 atque
204 2938 346 3009 unde
367 2942 425 3001 in
443 2938 646 3026 Gallias
666 2936 1005 3010 advenerint,
1027 2934 1361 3015 Gottbisque
1381 2933 1648 3071 discozdaee?

1545 3035 1570 3070 a
1627 3037 1646 3073 l
