1931 3428
266 125 382 203 748
608 121 717 179 DE
761 119 1051 179 GEsTls
1091 121 1599 182 LANGOBARD.
1920 190 1923 192 ,

186 210 190 211 ’
262 206 533 263 undarum
555 203 795 262 molibus
829 203 1102 261 retroafflxae
1120 243 1137 268 ‚
1168 222 1314 261 tanta
1331 202 1507 262 rursus
1533 205 1765 286 agilitate
1783 204 1878 265 εις-ζ
1912 227 1926 253 1²

261 286 390 345 inde
419 289 780 368 elongantur,
815 304 1022 365 quanto
1049 289 1194 363 prius
1224 285 1472 355 adtracfflzae
1503 286 1645 346 sunt.
1709 287 1880 347 Affir-
1926 328 1927 332 =

262 383 417 428 mant
435 367 534 431 effe
556 376 611 427 δε
630 373 785 448 aliam
802 367 1114 445 hujusmodi
1132 372 1451 449 voraginem
1471 412 1488 439 ‚
1508 368 1881 430 interssritan-
1904 420 1907 421 ν

262 458 413 511 niam
433 451 694 522 insulam,
729 452 1080 530 Galliamque
1098 455 1471 529 provinciam:
1515 459 1601 512 cui
1620 457 1783 512 etiam
1806 458 1883 513 rei
1924 471 1931 483 ‘

265 534 658 614 adstipulantur
688 537 998 614 Sequanicae
1031 537 1454 615 Aquitaniaeque
1487 537 1718 611 littora,
1763 556 1884 615 quae

264 616 350 676 bis
379 622 437 675 in
467 621 552 676 die
580 637 689 677 tam
710 616 897 675 subitis
929 616 1384 675 inundationibus
1415 619 1711 698 opplentur
1745 657 1763 685 ,
1823 635 1888 676 ut

264 703 362 778 qui
389 697 605 759 fortasse
637 703 1038 780 aliquantulum
1072 694 1333 758 introrsus
1372 701 1401 758 a
1427 703 1611 774 littore
1642 716 1888 781 repertus

263 781 450 851 fuerit,
465 784 690 842 evadere
708 787 799 840 vix
821 781 1000 863 poffit.
1036 783 1237 842 Videas
1254 805 1437 841 earum
1469 777 1760 864 regionum
1777 780 1887 842 flu-

266 868 417 924 mina
445 863 662 925 fontem
694 865 872 925 versus
902 864 1057 924 cursu
1094 864 1431 925 velociffimo
1467 862 1671 934 relabi,
1715 887 1775 924 ac
1790 886 1888 946 pet

265 952 571 1028 multorum
606 951 836 1008 millium
854 946 1056 1028 spatia,
1097 948 1279 1007 dulces
1307 944 1604 1008 fluminum
1623 948 1889 1031 lymphas,

264 1035 328 1090 in
355 1032 771 1089 amaritudinem
807 1034 962 1088 verti.
1021 1033 1282 1112 Triginta
1311 1032 1483 1092 ferme
1515 1032 1544 1090 a
1579 1034 1889 1111 Sequanico

264 1115 450 1172 littore
470 1114 685 1172 Euodia
704 1112 872 1171 insula
896 1112 1133 1171 millibus
1150 1112 1305 1172 distat
1324 1155 1341 1181 ‚
1374 1117 1434 1173 in
1465 1137 1572 1195 qua
1601 1158 1620 1184 ,
1665 1113 1798 1172 ficut
1817 1113 1888 1172 ab

264 1199 409 1254 illius
427 1199 618 1254 incolis
639 1194 975 1253 adseveratur
991 1236 1010 1262 ‚
1046 1199 1389 1277 vergentium
1410 1200 1467 1255 in
1485 1199 1716 1257 eandem
1737 1196 1892 1255 Cha-

268 1278 485 1357 rybdim
536 1299 799 1358 aquarum
837 1280 1116 1360 garrulitas
1158 1280 1393 1337 auditur.
1453 1280 1663 1338 Audivi
1710 1299 1892 1358 quen-

270 1362 397 1419 dam
432 1360 827 1419 nobilisfimum
864 1362 1155 1420 Gallorum
1191 1358 1518 1420 referentem
1552 1404 1571 1430 ,
1609 1361 1764 1441 quod
1791 1361 1893 1419 ali-

268 1463 487 1525 quantae
505 1467 666 1503 naves
685 1487 701 1513 ‚
723 1451 870 1523 prius
886 1443 1203 1525 tempestate
1223 1443 1508 1512 convulsae,
1528 1442 1892 1523 postmodum

270 1527 338 1583 ab
357 1525 455 1586 hac
488 1528 676 1586 eadem
716 1527 996 1607 Charybdi
1029 1547 1227 1590 voratae
1244 1527 1387 1586 sunt.
1429 1531 1591 1586 Vnus
1621 1543 1804 1585 autem
1823 1546 1892 1584 ex

271 1609 536 1670 omnibus
553 1615 678 1669 viris
694 1610 1049 1669 solummodo
1066 1653 1082 1680 ,
1103 1616 1197 1691 qui
1216 1614 1271 1669 in
1292 1610 1522 1670 navibus
1540 1611 1640 1668 illis
1658 1606 1894 1678 fuerant,

272 1695 640 1752 morientibus
671 1698 859 1753 ceteris
879 1736 895 1761 ‚
927 1694 1059 1751 dum
1079 1695 1251 1754 adhuc
1282 1693 1543 1752 fluffibus
1572 1692 1774 1772 spirans
1802 1689 1893 1757 sus-

272 1795 578 1855 pernataret
598 1820 615 1847 ,
654 1781 704 1835 vi
739 1799 1002 1856 aquarum
1022 1774 1310 1838 fluentium
1341 1777 1608 1835 abdusstus
1639 1774 1894 1846 adoram

273 1857 442 1938 usque
476 1859 843 1918 immanissimi
863 1862 1002 1918 illius
1037 1860 1270 1919 barathri
1290 1863 1553 1939 pervenit.
1613 1860 1729 1928 Qui
1765 1878 1894 1916 cum

268 1949 380 2016 jam
401 1940 883 2019 profundissimum
907 1983 923 2004 ,
945 1949 998 2001 &
1020 1941 1126 2000 sine
1146 1942 1255 2000 fine
1274 1960 1462 2021 patens
1477 1941 1641 1999 chaos
1655 1938 1894 2020 adspice-

270 2042 372 2085 ret,
389 2023 613 2104 ipsoque
633 2046 832 2103 pavore
855 2043 1217 2103 praemortuus
1232 2066 1251 2093 ,
1287 2022 1337 2083 se
1356 2025 1482 2083 illuc
1501 2027 1773 2083 ruiturum
1795 2042 1895 2082 ex—

271 2107 533 2185 speffaret
550 2149 567 2175 ,
586 2105 767 2166 subito
790 2106 941 2187 quod
958 2105 1160 2188 sperare
1178 2128 1292 2164 non
1312 2125 1525 2185 poterat
1540 2148 1558 2175 ‚
1600 2104 1724 2183 saxo
1745 2126 1895 2185 quo-

271 2190 397 2246 dam
416 2187 742 2270 superjethS
760 2188 973 2252 insedit.
1020 2188 1273 2248 Decurfis
1293 2189 1555 2269 fiquidem
1575 2193 1686 2263 jam
1705 2190 1895 2246 omni-

271 2271 397 2342 bus,
413 2295 528 2352 quae
543 2271 821 2332 sorbendae
841 2282 1018 2342 erant3
1035 2277 1206 2353 aquis,
1224 2293 1332 2333 orae
1352 2273 1495 2330 illius
1510 2269 1730 2330 fuerant
1748 2290 1895 2330 mar-

228 2427 230 2429 *
271 2359 426 2435 gines
445 2356 721 2416 denudati.
766 2359 1032 2435 Dumque
1050 2356 1125 2414 ibi
1143 2359 1285 2413 inter
1301 2373 1386 2414 tot
1401 2354 1667 2437 angustias
1681 2357 1892 2420 anxius,

271 2443 362 2496 vix
382 2440 460 2497 ob
479 2459 689 2497 metum
710 2440 973 2519 palpitans
993 2437 1240 2498 relideret
1259 2479 1276 2506 2
1316 2434 1647 2518 dilatamque
1678 2437 1744 2494 ad
1762 2446 1893 2494 mo‘-'

269 2521 731 2581 dicum,mortem
761 2521 1444 2600 nihilominusopperiret,
1484 2517 1747 2599 conspicit
1767 2538 1893 2577 ecce

271 2600 491 2671 subite,
524 2603 669 2683 quasi
702 2624 934 2684 magnos
973 2626 1235 2683 aquarum
1271 2621 1490 2660 montes
1507 2602 1573 2660 de
1606 2598 1890 2682 profundo

271 2684 467 2749 resilire
487 2727 503 2752 ‚
540 2686 805 2764 navesque
827 2707 946 2763 quae
965 2686 1225 2766 absorptae
1243 2683 1477 2753 fuerant,
1495 2686 1695 2765 primas
1709 2702 1893 2741 emer-

272 2789 416 2846 gere.
446 2769 708 2846 Cumque
732 2789 836 2824 una
854 2790 918 2824 ex
936 2770 1034 2827 illi-s
1053 2774 1100 2826 ei
1122 2772 1382 2848 contigua
1399 2766 1583 2835 fieret,
1615 2766 1682 2824 ad
1700 2787 1818 2824 eam
1836 2762 1891 2822 se

274 2849 519 2927 nisuquo
539 2854 720 2928 potuit
751 2849 1120 2927 apprehendit.
1177 2853 1294 2908 Nec
1325 2870 1481 2909 mora
1501 2889 1516 2912 ,
1548 2852 1702 2907 celeri
1733 2848 1893 2906 vola-

274 2952 333 2995 tu
354 2953 523 3013 prope
554 2928 707 2992 littus
731 2933 986 2996 admetus
1002 2974 1019 3004 ,
1049 2933 1354 2995 metuendae
1373 2933 1520 2993 necis
1543 2929 1690 2992 casus
1706 2927 1893 2996 evasit,

1757 3030 1890 3088 prov
