1888 3428
251 230 323 278 ὅ),
645 218 1490 270 PROLEGOMENA.·
1709 258 1720 268 .

249 307 304 358 in
326 294 447 377 lege
474 317 590 376 quae
626 294 702 351 est
719 293 904 350 codice
927 292 992 348 de
1027 289 1289 368 praefectis
1318 289 1551 368 praetorii
1583 328 1602 353 ,
1662 290 1858 348 Viffor

248 400 500 462 praeterea
525 374 789 434 Vticensis
823 381 878 432 &
912 380 1104 431 AEneas
1133 374 1393 438 Gazaeus3
1436 368 1759 450 spectatores
1789 394 1863 429 o-

252 484 408 521 mnes
428 483 542 529 non
563 464 742 517 minus
759 457 1241 537 quam'Procopius
1261 458 1374 528 ejus
1392 453 1648 532 prodigii.
1679 474 1858 533 neque

251 551 365 622 ejns
397 539 525 601 eum
557 540 655 600 effe
687 542 888 619 ingenii
924 540 1018 617 qui
1046 535 1407 613 diffentientes
1437 534 1466 591 ὲ
1495 533 1544 592 se
1564 534 1858 593 inhumane

250 630 463 686 tractari
482 626 642 691 velit,
687 622 774 680 sed
807 623 900 700 qui
935 623 1145 699 pietatis
1179 616 1382 696 partem
1419 638 1671 696 magnam
1705 616 1858 675 fitam

248 729 404 791 putet
423 713 478 765 in
495 704 940 764 actu'officiorum
961 742 979 771 ,
1016 703 1337 758 innocentiae
1357 702 1592 778 primum
1615 740 1631 766 ‚
1664 697 1880 763 deinde>

249 800 304 850 &
323 793 584 848 bonitatis
605 811 618 843 z
664 809 779 866 quae
798 787 909 843 duo
927 802 1045 841 tum
1065 783 1242 840 verbis
1260 801 1378 839 tum
1399 783 1654 860 exemplis
1685 783 1860 839 incul-

251 896 367 938 care
402 892 684 950 nunquam
702 866 909 927 definit.
953 864 1301 922 Observanda
1318 885 1444 921 vero
1460 868 1622 921 etiam
1646 862 1759 944 ipso
1774 867 1861 921 ¹in-

203 984 206 986 ’
251 958 467 1014 terdum
503 970 802 1032 praeeunte,
841 962 961 1006 tum
994 951 1051 1004 in
1081 946 1310 1004 historiis
1347 947 1492 1013 aliis,
1531 965 1651 1002 tum
1686 949 1741 1002 in
1762 946 1862 1003 hac

251 1043 487 1097 maxime
517 1037 696 1105 divina
727 1030 1087 1111 dispositionis
1121 1028 1414 1086 sublimitas
1449 1051 1462 1084 ε
1505 1026 1792 1105 praesertim
1822 1027 1861 1085 fi

251 1123 603 1197 Hieronymo
627 1158 641 1178 ,
674 1113 984 1193 Augustino
1007 1154 1022 1179 ‚
1055 1111 1258 1169 Orofio
1279 1150 1294 1177 ‚
1329 1110 1544 1191 aliisque
1579 1113 1862 1167 Honoria-

254 1224 455 1275 norum
476 1217 785 1276 temporum
805 1196 1114 1252 venerandis
1138 1193 1486 1270 scriptoribus
1515 1193 1784 1250 credimus
1801 1214 1863 1249 ea

254 1304 373 1364 quae
410 1289 466 1340 in
494 1282 629 1339 sacra
660 1278 911 1335 Iohannis
931 1274 1253 1353 Apocalypfi
1273 1277 1413 1332 diota
1431 1274 1553 1332 sunt
1573 1275 1638 1331 de
1673 1276 1862 1331 decem

250 1367 469 1446 populis
493 1364 707 1440 Imperii
737 1359 1015 1436 quondam
1047 1358 1289 1413 Romani
1321 1357 1475 1412 sociis
1504 1351 1863 1434 aelfederatiS,

250 1445 557 1528 quideinde
576 1442 709 1500 illud
743 1440 888 1497 idern
907 1442 1198 1517 Imperium
1233 1457 1382 1495 erant
1414 1436 1749 1495 dilaceraturi
1775 1438 1863 1496 hic

247 1532 469 1588 initium
492 1544 673 1604 capere
690 1568 705 1589 ,
738 1521 1011 1601 ipsamque
1027 1523 1268 1579 Romam
1291 1518 1498 1577 toties&
1523 1519 1753 1577 Gotthis
1772 1541 1863 1577 ca-

251 1631 401 1692 ptam
424 1651 439 1677 ,
456 1607 735 1687 spoliatam
758 1645 774 1671 ‚
804 1604 1060 1660 nudatam
1082 1602 1356 1658 moenibus
1379 1643 1396 1669 ,
1425 1602 1774 1659 oraculorum
1794 1602 1862 1660 de

253 1717 316 1752 ea
349 1694 480 1750 urbe
517 1690 790 1746 editorum
834 1690 1112 1741 continere
1146 1687 1635 1760 complementum.
1677 1683 1765 1743 sed
1794 1684 1863 1743 de

252 1776 350 1835 hac
369 1795 422 1830 re
450 1792 508 1829 ut
527 1792 659 1829 cum·
680 1772 952 1845 Procopio
982 1769 1175 1846 loquar
1193 1806 1208 1831 ,
1241 1764 1302 1820 sit
1322 1765 1486 1822 libera
1515 1770 1711 1844 cuique
1741 1764 1862 1823 sen«

254 1860 436 1916 tentia.
479 1849 752 1912 Vbidefiit
771 1852 1103 1927 Procopiu5‚
1140 1847 1420 1925 incipitibi
1455 1846 1676 1905 scribere
1707 1852 1867 1928 Ag&

254 1940 391 1998 thias
410 1943 560 2012 cnjus
582 1933 656 1990 ob
674 1933 728 1989 id
748 1954 808 1988 ea
828 1953 941 2010 quae
961 1932 1100 2010 apud
1120 1930 1289 2009 ipsum
1312 1934 1483 2008 prima
1503 1928 1623 1987 sunt
1649 1972 1664 1997 ‚
1680 1932 1878 1999 rerurn‘x

254 2041 437 2080 autem
485 2016 873 2074 Gotthicarum
913 2015 1101 2070 ultima
1128 2053 1144 2078 ‚
1185 2016 1377 2069 Latine
1411 2010 1552 2069 versa
1584 2016 1859 2092 Procopio

253 2104 454 2163 addidi.
496 2101 701 2158 Omitti
735 2100 790 2153 in
824 2095 921 2152 hac
955 2096 1192 2152 editione
1211 2116 1326 2151 non
1361 2094 1884 2153 debuit'lornandes'

217 2187 222 2189 “
257 2184 509 2245 Gotthus
523 2183 587 2239 de
609 2178 841 2237 Gotthis
859 2176 1091 2234 scribens
1116 2200 1128 2232 ε
1165 2177 1339 2233 brevis
1353 2175 1488 2242 sane,
1511 2178 1780 2235 interdum
1803 2185 1859 2234 &-

254 2269 514 2326 obscurus
534 2307 549 2331 ‚
586 2263 785 2343 dignus
804 2261 946 2318 le5cu
966 2279 1145 2315 tamen
1167 2302 1182 2326 ,
1221 2277 1339 2315 tum
1359 2259 1508 2338 quod
1529 2260 1593 2316 ab
1616 2262 1724 2317 aliis
1738 2262 1859 2318 Ro-

256 2353 429 2408 manis
453 2354 507 2404 &
528 2348 732 2403 Graecis
752 2384 767 2409 ‚
789 2364 928 2421 quos
948 2363 1122 2398 rernm
1142 2344 1372 2398 mafxime
1391 2343 1680 2422 infignium
1703 2342 1860 2399 testes

255 2433 410 2512 supra
441 2430 760 2486 adduximus
781 2466 797 2491 ,
831 2423 1016 2502 scripta
1046 2422 1332 2480 confirmet
1351 2465 1365 2488 ,
1403 2417 1520 2481 t‘um
1541 2425 1695 2504 quod
1713 2418 1859 2482 exiis

250 2519 349 2595 ‘qui
365 2512 527 2570 nobis
549 2514 748 2589 periere
769 2505 1115 2585 scriptoribus
1131 2507 1300 2563 multa
1318 2502 1621 2563 servaverit.
1653 2508 1860 2586 Dexip·

255 2617 358 2678 pus
375 2597 461 2654 ille
479 2636 494 2662 ‚
515 2615 628 2673 quo
644 2589 935 2648 lornandes
953 2586 1083 2645 teste
1105 2592 1272 2645 utitur
1292 2593 1426 2645 circa
1463 2586 1707 2665 Geilbuni
1729 2592 1868 2646 vixit-

252 2697 508 2758 t‘empora
529 2694 588 2732 ut
608 2692 728 2731 ante
749 2674 1069 2728 monuimus
1089 2711 1104 2737 ‚
1140 2677 1191 2729 &
1214 2669 1414 2727 exstant
1430 2671 1730 2752 fragmenta
1745 2677 1859 2747 ejus

254 2762 499 2842 quaedam
520 2757 708 2816 elibris
727 2754 800 2811 de
819 2753 978 2809 rebus
997 2751 1307 2831 Scytharum
1325 2792 1343 2818 ‚
1363 2752 1415 2810 id
1435 2754 1509 2812 est
1529 2772 1588 2812 ut
1605 2756 1755 2834 supra
1772 2759 1859 2810 in-

254 2845 530 2923 terpretati
552 2838 732 2898 sumus
753 2835 1133 2903 Gotthorum,
1175 2837 1230 2891 in
1263 2840 1523 2916 excerptis
1541 2837 1605 2895 de
1623 2836 1859 2915 legatio-
1884 2858 1886 2861 ·

255 2927 439 2986 nibus.
481 2921 780 2982 Ablabium
812 2939 940 2979 vero
961 2959 975 2980 ‚
1023 2923 1174 2995 cujus
1205 2917 1391 2974 itidem
1425 2922 1712 2977 auotoritas
1739 2925 1859 2976 Ior-

254 3009 420 3069 nandi
434 3006 642 3068 laudata
659 3045 678 3074 ,
710 3001 945 3062 eundem
966 2998 1065 3068 effe
1081 3018 1220 3081 puto
1240 3003 1333 3081 qui
1362 3000 1688 3062 Constantio
1708 3004 1858 3082 prin-

1737 3101 1855 3165 cipe
