1888 3428
251 204 368 259 294
546 181 952 241 ‘Pssocopu
993 180 1533 241 Cffis'ARE-E'N‘sts
1736 254 1741 256 ῃ

249 266 436 345 pidum
458 302 473 329 ‚
510 262 548 320 fi
578 267 766 323 intaffi
800 286 925 323 cum
944 266 1103 322 rebus
1131 263 1236 321 suis
1253 262 1515 343 proficisci
1535 264 1849 323 Ravennam

248 347 558 404 sinerentur.
601 351 845 407 Anxium
865 371 922 406 ea
941 369 1020 405 res
1034 344 1339 404 Belisarium
1356 345 1545 403 habuit
1559 389 1573 409 ‚
1596 343 1722 416 cum
1738 365 1854 409 tan÷

248 447 311 485 to
349 450 578 487 numero
599 449 853 509 tantaque
883 434 1080 488 virtute
1115 429 1309 485 milites
1337 430 1597 507 conjungi
1628 429 1728 484 illis
1760 431 1858 507 qui

249 513 522 570 Ravennae
541 529 690 568 erant
711 532 824 569 non
845 511 871 569 ex
889 533 942 570 re
960 512 1483 586 Romanajudicaret
1501 551 1518 577 ,
1552 530 1650 566 nec
1668 527 1853 566 tamen

249 597 511 671 temporis
532 591 876 672 velletfacere
895 594 1154 652 damnum
1174 635 1191 661 ‚
1226 591 1313 650 sed
1332 590 1638 672 priusquam
1660 594 1857 649 aliain-

246 678 577 735 tervenirent
609 675 842 756 Vitigim
873 683 926 734 δέ
962 678 1281 734 Ravennam
1312 677 1588 755 impetere.
1629 675 1775 731 Nam
1796 679 1854 735 &¹

245 758 436 817 Franci
465 757 736 815 terrebant
769 757 997 818 Gotthis
1030 759 1225 814 auxilio
1255 762 1477 833 jamjam
1509 753 1693 813 adfore
1712 777 1855 813 nun-

247 841 362 895 tiati
379 880 396 906 2
431 860 667 918 quorum
688 839 981 897 adventum
1008 858 1318 919 praevertere
1338 842 1559 917 cupiens
1578 878 1593 900 ,
1624 838 1691 894 ab
1707 837 1856 895 obfi-

246 920 414 979 dione
432 938 612 979 tamen
635 939 693 979 ut
710 920 996 980 discederet
1013 963 1029 988 ‚
1049 921 1297 979 nondum
1315 940 1472 1001 capto
1494 925 1739 977 Auximo
1758 961 1776 988 ,
1793 924 1852 977 in

245 1006 491 1060 animum
524 1003 775 1070 inducere
811 1006 1124 1083 neutiquam
1167 1022 1392 1083 poterat.
1438 1005 1592 1060 Tum
1624 1022 1857 1061 vesores

247 1089 486 1164 permitti
514 1084 731 1143 obsessis
753 1088 944 1149 milites
964 1085 1077 1142 non
1097 1083 1338 1143 ferebant
1357 1128 1375 1155 ‚
1405 1086 1736 1143 ostentantes
1763 1105 1856 1144 ac.-

246 1165 403 1245 cepta
433 1168 499 1224 ab
530 1170 628 1224 illis
649 1166 906 1235 vulnera}
948 1167 1098 1225 simul
1117 1167 1368 1226 laborum
1387 1166 1587 1225 diversa
1604 1188 1853 1225 comme-
1887 1218 1888 1221 ,

245 1268 523 1305 morantes
554 1270 671 1327 quae
699 1252 754 1305 in
785 1272 845 1306 ea
876 1248 1161 1306 obsidione
1197 1251 1530 1327 pertulerant
1555 1290 1572 1316 ‚
1611 1269 1851 1329 quorum

239 1329 381 1405 justa
414 1334 664 1408 praemia‚
711 1330 940 1410 praedatn
969 1331 1035 1388 de
1071 1332 1242 1388 victis.
1296 1330 1637 1389 Postremum
1670 1349 1854 1389 tamen

243 1414 485 1468 Romani
506 1454 521 1480 ,
555 1430 878 1492 perurgente
897 1413 1190 1470 occasionis
1210 1418 1475 1493 praecipite
1496 1456 1513 1482 ,
1542 1411 1754 1470 ‘Gotthi
1771 1409 1851 1468 fa-

245 1514 336 1550 me
356 1493 613 1572 compulsi
633 1534 649 1562 ,
668 1497 1007 1552 conveniunt
1023 1537 1039 1562 ‚
1060 1514 1119 1552 ut
1138 1517 1252 1574 pars
1271 1517 1449 1554 rerum
1468 1498 1627 1555 altera
1645 1497 1851 1552 Roma-

241 1579 327 1632 nis
358 1580 413 1635 in
433 1576 660 1653 praedam
678 1577 921 1645 cederet,
954 1582 1199 1634 contenti
1220 1580 1379 1637 altera
1403 1577 1604 1636 Gotthi
1639 1579 1852 1634 Roma-2

239 1678 310 1714 na
345 1656 491 1736 signa
509 1655 874 1736 sequerentur.
912 1659 1098 1716 Fidem
1116 1659 1307 1717 dedere
1337 1664 1722 1720 Romanorum
1743 1663 1853 1738 pria.-

238 1760 422 1799 mores
456 1759 564 1795 rata
601 1738 718 1797 fore
748 1762 866 1819 quae
903 1744 1242 1819 placuerant,
1278 1743 1479 1800 Gotthi
1512 1743 1641 1800 nihil
1655 1739 1709 1816 se
1736 1740 1849 1798 sua?-

237 1842 363 1881 rum
399 1842 577 1878 rerum
614 1822 911 1881 abdituros.
970 1829 1030 1878 In
1066 1823 1175 1879 haec
1209 1829 1500 1902 partitione
1542 1846 1722 1881 rerum
1763 1823 1848 1879 fa—.

241 1905 327 1960 &a
351 1944 365 1965 2
382 1904 624 1964 Romani
642 1908 943 1965 Auximum
961 1905 1225 1971 habuere,
1250 1907 1457 1963 barbari
1479 1908 1744 1969 Romanis
1770 1905 1849 1962 as*

237 1984 417 2063 scripti
438 1989 694 2042 numeris.
739 1985 1010 2043 Belisarius
1032 2007 1089 2044 ut
1104 1991 1405 2046 Auximum
1428 1993 1631 2067 potitus
1649 1985 1849 2054 fuerat2

237 2068 515 2131 Ravennae
548 2067 887 2125 obsidionem
923 2073 1106 2126 animo
1138 2073 1344 2149 agitans
1367 2111 1382 2132 ‚
1415 2073 1685 2151 Magnum
1720 2092 1845 2148 pro-
1886 2135 1888 2140 ἲ

238 2149 387 2227 gredi
400 2149 554 2222 jubet
572 2150 747 2207 valido
769 2172 890 2207 cum
913 2153 1126 2230 agmine
1147 2193 1162 2213 ,
1194 2152 1432 2233 1,)’3ε1ἱε1υε
1450 2158 1573 2233 ripae
1591 2150 1849 2219 infistere2

240 2234 346 2287 acri
363 2252 485 2287 cura
503 2270 520 2297 ‚
556 2253 621 2287 ne
643 2234 735 2309 qui
772 2236 825 2288 in
846 2234 1121 2311 posterum
1153 2254 1488 2303 commeatus
1507 2236 1571 2293 ad
1593 2233 1846 2291 Gotthos.
1877 2273 1879 2275 -

239 2330 600 2390 portarentur.
648 2315 865 2370 alteram
896 2312 1133 2390 ejusdem
1167 2315 1409 2374 fluminis
1442 2323 1609 2396 ripam
1640 2315 1843 2377 servare

234 2392 403 2474 jussus
438 2397 626 2452 Vitalis
654 2399 890 2472 quicum
913 2399 1082 2454 milite
1111 2418 1176 2454 ex
1194 2399 1465 2456 Dalmatia
1483 2396 1841 2459 commodum
1876 2413 1877 2417 ’

239 2476 543 2535 advenerat.
590 2476 698 2534 Hic
712 2474 927 2535 fortuna
943 2480 1203 2536 indicium
1224 2481 1371 2538 dedit
1388 2487 1443 2539 in
1459 2503 1618 2560 quam
1636 2475 1845 2559 partem

240 2559 425 2615 datura
443 2556 566 2615 effer
586 2556 709 2616 belli
725 2557 994 2618 succeffiis.
1023 2565 1215 2619 multas
1234 2562 1439 2621 Gotthi
1459 2568 1725 2620 onerarias
1744 2582 1842 2618 na-

240 2661 334 2697 ves
353 2661 447 2718 per
476 2661 700 2697 omnem
718 2643 1015 2700 contra-estas
1031 2647 1306 2724 Liguriam
1323 2646 1468 2702 Pado
1489 2642 1840 2709 immiserant,

167 2789 169 2791 η
241 2721 428 2798 easque
465 2719 743 2780 frumento
781 2726 996 2802 aliisque
1033 2728 1191 2786 rebus
1228 2726 1524 2784 necessariis
1556 2729 1841 2805 implerant

239 2821 301 2859 ut
330 2804 645 2861 Ravennam
677 2802 1014 2863 deveherent.
1059 2810 1180 2865 Hac
1214 2830 1342 2867 vero
1362 2808 1674 2888 tempestate
1693 2826 1838 2868 tanta

236 2883 374 2944 {acta
388 2885 460 2941 est
479 2889 649 2946 amnis
669 2884 864 2953 siccitas
885 2905 944 2944 ut
965 2894 1176 2968 navigia
1191 2912 1302 2948 non
1324 2910 1592 2970 pateretur
1608 2930 1622 2955 ,
1660 2889 1846 2948 donec.
1870 2935 1872 2937 >

235 2967 474 3031 Romani
493 2990 658 3029 naves
674 2971 888 3030 cii-netas
906 2989 1065 3053 atque
1089 2995 1250 3033 onera
1267 2973 1676 3034 abduxere.n0n
1692 2971 1837 3027 mul-

1631 3069 1693 3111 to
1712 3051 1833 3134 post
