1888 3428
232 136 354 207 546
442 126 886 187 Excnnp-rA
926 148 1008 185 Ex
1052 129 1439 183 AGATHIAE
1479 123 1688 185 H1's‘r.
1859 143 1870 187 ’,

226 214 398 270 lutem
416 208 703 288 quaefivere
723 254 738 276 ,
775 207 940 290 tergis
959 213 1013 266 in
1032 205 1502 277 hostemobverfis
1521 247 1537 274 ‚
1575 206 1735 266 effusa
1753 204 1851 266 fu-·
1876 212 1888 281 ᾖ

230 315 301 374 ga
325 334 341 361 ,
388 311 503 350 non
540 295 753 351 virtutis
773 335 788 356 ‚
836 314 951 349 non
985 292 1164 368 longae
1199 309 1479 346 armorum
1512 293 1850 347 tractationis
1867 319 1873 367 j

231 379 527 455 quicquam
547 395 837 433 memores.
865 378 937 430 ita
956 370 1157 450 dilapso
1181 374 1418 428 exercitu
1435 369 1530 428 suo
1551 372 1660 429 dux
1679 371 1850 429 Phul-
1868 370 1888 435 ἐ’

234 459 366 515 caris
399 478 524 515 cum
560 455 876 514 satellitibus
909 453 1263 519 suis‘restan8‚
1305 473 1420 510 non
1440 451 1608 511 &fibi
1627 449 1852 533 fugien-
1866 433 1888 528 Ξ

233 540 369 597 dum
390 543 598 619 putavit
617 581 633 607 ,
671 557 905 596 mortem
944 554 1243 615 praeoptans
1268 533 1550 592 honestam
1584 557 1746 615 quam
1768 537 1888 643 vi-{

235 638 348 679 tam
366 642 492 678 cum
510 621 772 680 dedecore
792 619 926 676 cladi
948 616 1303 697 superstitem.
1348 616 1494 673 stetit
1509 620 1675 695 igitur
1690 638 1854 697 quam
1874 619 1888 687 ᾗ

237 702 505 761 tutiffimo
543 707 726 782 potuit
745 705 870 780 loco
892 743 908 769 ‚
943 720 1157 780 tergum
1181 697 1349 756 fultus
1368 697 1630 776 sepulchri
1650 711 1888 786 monn-⁸432·

239 804 434 844 mento
456 828 473 853 ,
503 779 841 864 multamque
859 781 1096 840 hostium
1118 781 1347 860 stragem
1369 782 1531 839 edens
1551 821 1567 847 ,
1609 783 1779 840 modo
1799 778 1888 850 inst}

241 889 338 925 eos
374 867 760 947 procum-ebat,
794 866 964 923 modo
998 862 1331 931 retrahebat,
1372 866 1524 921 vultu
1565 862 1769 944 semper
1802 855 1888 921 ὶηῖ

238 948 423 1008 hostes
441 950 695 1008 obverso·
735 969 859 1006 curn
879 945 1065 1027 fugam
1086 944 1235 1003 facile
1256 942 1423 1024 poffet
1443 967 1658 1025 capere,
1685 947 1860 1024 *idque
1879 956 1885 992 l

241 1053 370 1089 eum
397 1035 624 1089 comites
642 1030 718 1087 sui
737 1049 954 1087 orarent
971 1071 988 1096 ‚
1026 1036 1079 1086 δε
1101 1028 1390 1107 quomodo
1409 1069 1424 1095 ‚
1447 1031 1645 1106 inquit,
1665 1026 1888 1107 perfer-x

163 1148 174 1161 ·
242 1133 300 1171 re
332 1111 535 1191 possem
555 1109 792 1170 Narsetis
824 1112 1062 1189 linguam
1084 1112 1398 1166 temeritatis
1415 1109 1546 1167 mihi
1568 1111 1862 1190 exprobra-
1886 1131 1888 1133 ·

245 1199 477 1252 tricem?
526 1194 675 1273 Ergo
708 1192 977 1249 maledicti
998 1233 1015 1259 ,
1048 1210 1108 1248 ut
1130 1191 1343 1247 videtur
1361 1232 1379 1258 ,
1413 1214 1577 1270 quam
1597 1186 1719 1250 ferri
1743 1214 1867 1250 me-s

248 1281 493 1334 tuentior
508 1317 524 1344 ‚
545 1274 736 1332 manfit
753 1277 809 1331 in
828 1278 952 1332 loco
968 1315 983 1341 ,
1007 1280 1061 1332 δέ
1084 1293 1324 1353 pugnare
1345 1272 1694 1352 perseveravit
1711 1276 1864 1332 inde..

246 1357 408 1416 feffus
428 1400 445 1426 ‚
476 1359 653 1416 donec
675 1356 1028 1415 multitudine
1061 1354 1295 1412 obrutus
1318 1396 1335 1422 ‚
1364 1357 1554 1413 *multis
1574 1357 1761 1437 ped³cus
1781 1375 1863 1415 te·

247 1442 313 1499 lis
330 1439 619 1498 transfixus
637 1481 654 1508 ,
684 1441 928 1520 impreffa
945 1456 1199 1517 praeterea
1217 1442 1272 1495 in
1290 1457 1451 1518 caput
1468 1435 1666 1507 securi,
1696 1443 1868 1497 mori-

249 1523 473 1582 bundus
490 1528 544 1580 in
563 1521 772 1581 scutum
792 1521 1100 1601 procubuit.
1127 1520 1256 1579 Inde
1274 1524 1447 1578 caeteri
1466 1543 1660 1580 omnes
1679 1520 1888 1602 paffimw

251 1606 627 1666 caedebantur,
659 1609 971 1684 quicunque
1005 1624 1127 1661 cum
1148 1625 1218 1661 eo
1249 1600 1339 1660 sua
1358 1604 1640 1662 voluntate
1673 1604 1778 1663 five
1797 1603 1888 1680 ab}

252 1686 500 1745 hostibus
534 1687 719 1761 inclusi
755 1686 1164 1766 permanserant.
1219 1692 1297 1741 Ita
1330 1685 1571 1744 Phulcari
1592 1728 1609 1755 ‚
1654 1709 1716 1744 ex
1753 1708 1869 1766 quo

163 1771 174 1780 ‘
255 1769 366 1827 dux
395 1768 494 1828 suae
513 1771 694 1848 gentis
723 1766 896 1825 faetus
916 1767 1023 1836 est,
1071 1789 1187 1824 non
1219 1767 1311 1824 diu
1339 1763 1444 1824 frui
1462 1766 1674 1826 honore
1691 1770 1881 1837 licuit‚‹

254 1849 345 1910 sed
376 1849 496 1931 post
526 1848 804 1909 fortunam
827 1849 1128 1931 prosperam
1166 1849 1384 1920 brevem
1407 1890 1424 1916 ,
1465 1853 1576 1907 utii
1599 1850 1690 1930 qui
1710 1853 1764 1909 in
1779 1849 1888 1909 ΓΟ·-

255 1937 425 1992 mniis
454 1935 573 1992 laeta
601 1930 936 2011 conspiciunt
963 1975 977 1997 ,
1014 1931 1181 1988 finem
1216 1928 1344 1989 fecit
1373 1933 1584 2010 imperii
1618 1936 1878 2013 vitaeque.·

257 2016 498 2074 multum
520 2015 626 2073 hoc
647 2012 872 2072 succeffu
909 2018 1026 2072 elati
1059 2012 1179 2071 sunt
1211 2013 1601 2093 obfirmatique
1632 2017 1878 2078 Franco-⁴¹

257 2120 383 2156 rum
403 2100 586 2154 animi.
628 2099 781 2153 Tum
813 2117 941 2153 vero
962 2103 1016 2154 &
1050 2095 1251 2153 Gotthi
1273 2134 1290 2160 ,
1324 2099 1416 2175 qui
1439 2099 1746 2166 AEmiliam,
1777 2089 1888 2156 Lig.

258 2184 471 2259 gutiam
491 2186 544 2237 &
574 2180 911 2237 contermina
945 2177 1292 2243 habitabant,
1327 2200 1453 2235 cum
1488 2178 1713 2236 antehac
1744 2201 1888 2246 cums*¹

259 2265 529 2321 Romanis
548 2283 732 2342 pacem
753 2261 1171 2338 societatemque
1190 2257 1420 2317 iniissent
1453 2282 1568 2317 non
1587 2282 1764 2319 veram
1784 2260 1888 2321 secli

214 2340 218 2344 ’
261 2341 545 2401 subdolam
567 2385 583 2411 ,
617 2363 767 2401 metu
785 2365 852 2400 eo
885 2344 1096 2400 adduffi
1122 2364 1284 2422 quam
1310 2341 1398 2400 sua
1417 2345 1696 2401 voluntate
1715 2385 1732 2413 ‚
1765 2343 1886 2402 hoel

260 2429 461 2483 nuntio
481 2427 546 2484 ad
565 2426 871 2484 audendum
894 2427 1050 2482 erecti
1071 2468 1086 2492 ‚
1126 2444 1302 2503 aperte
1321 2443 1581 2504 rumpunt
1598 2424 1796 2492 federa,
1817 2432 1885 2490 δε)

261 2508 501 2566 barbaris
519 2550 536 2576 ,
570 2509 890 2564 conciliante
908 2508 1058 2566 simili
1077 2511 1196 2564 vitae
1216 2528 1413 2586 genere
1428 2548 1449 2575 ,
1476 2505 1525 2564 se
1548 2503 1876 2588 adjungunt-¹

259 2595 346 2648 At
369 2592 751 2648 Romanorum
773 2593 939 2669 copiae
962 2631 976 2651 ,
1010 2589 1207 2669 quibus
1226 2588 1492 2646 Iohannes
1506 2592 1757 2648 Vitaliani
1776 2631 1793 2659 ‚
1814 2607 1875 2648 ut

265 2671 475 2729 diffum
509 2673 724 2731 estante
744 2714 761 2740 ,
797 2679 848 2729 &
882 2673 1184 2730 Artabaues
1204 2690 1459 2750 praeerant
1477 2714 1492 2736 ,
1541 2693 1776 2750 cumque
1792 2671 1888 2758 hig

263 2756 525 2835 quicquid
543 2756 882 2812 Herulorum
905 2758 1133 2835 agminis
1159 2750 1287 2833 fuga
1305 2752 1596 2812 servaverat
1612 2795 1630 2823 ,
1666 2756 1875 2831 Favenss-

204 2856 206 2859 ·
261 2840 396 2894 tiam
420 2838 762 2895 contulerant
782 2835 900 2895 sese.
946 2838 1038 2895 Ad-
1054 2842 1296 2895 Parmam
1317 2840 1462 2894 enim
1479 2834 1787 2896 haerendum
1808 2835 1874 2918 fif

265 2917 322 2981 bi
340 2920 540 2982 diutius
558 2941 672 2981 non
692 2919 990 3002 putabant,
1026 2919 1179 3000 quod
1196 2939 1308 2979 non
1327 2920 1491 3000 longe
1511 2917 1673 2983 essent
1692 2916 1879 2976 hostes

1685 3006 1739 3060 ἃ
1754 3017 1877 3059 τειηι»

1875 332 1879 339 x
