1931 3428
1927 0 1931 99 1

314 179 434 235 860
618 174 770 232 'DE
812 172 1094 253 §Esus
1134 174 1638 237 LANGossARnl
1875 254 1880 256 Ἴ

308 277 486 316 nuum
505 268 636 314 tunc
653 257 937 330 duetorem
958 258 1147 313 direxit
1165 298 1183 324 ,
1200 263 1433 316 invitans
1451 281 1576 317 eum
1599 275 1660 316 ut
1678 257 1912 338 quanto}

309 343 428 398 cius
446 343 647 396 veniret
666 379 682 405 ‚
714 345 768 396 ἃς
785 337 880 395 fibi
901 336 1145 396 adversus
1163 359 1484 418 germanum
1502 341 1657 399 suum
1676 345 1910 400 Bertari-

308 421 446 479 dum
464 422 720 493 aux-ilium
738 418 900 478 ferret
917 461 933 487 ‚
951 418 1193 499 regisque
1212 421 1396 484 filiam,
1411 422 1556 480 suam
1573 445 1908 504 germanam,
1930 477 1931 480 ,

309 502 427 561 eise
446 503 696 573 daturum
726 506 1070 582 promittens.
1115 503 1215 560 Sed
1246 507 1449 584 legatus
1468 505 1573 584 ipse
1596 503 1912 564 fraudulen-

308 601 393 643 ter
410 605 597 642 contra
615 583 770 643 suum
790 585 1076 643 dominum
1096 607 1258 665 agens
1275 628 1289 652 ,
1310 587 1692 646 Grimoaldum
1711 589 1912 647 exhor-

306 683 449 728 tatus
466 666 538 725 est
557 687 618 724 ut
640 669 863 728 veniret,
882 673 933 725 δε
950 669 1437 747 Langobardorum
1458 691 1685 750 regnum
1700 711 1718 737 ,
1757 670 1912 751 quod

307 748 669 811 adolescentes
702 755 939 829 germani
975 748 1290 829 diffipabant
1304 794 1321 820 ‚
1355 750 1461 830 ipse
1493 755 1742 831 arriperet
1757 795 1775 821 ,
1815 757 1912 833 qui

309 851 463 894 aetate
481 851 722 889 maturus
737 874 750 894 ,
786 831 1008 888 confilio
1026 836 1282 911 providus
1296 877 1312 903 ‚
1353 842 1406 892 δε
1428 835 1628 892 viribus
1643 833 1800 892 fortis
1815 857 1912 892 ex-

306 914 503 976 isteret.
571 914 925 970 Grimoaldus
958 914 1067 973 haec
1101 917 1320 974 audiens
1339 957 1355 983 ‚
1403 939 1531 975 mox
1567 921 1807 989 animum
1845 917 1912 974 ad

305 1015 540 1076 regnum
560 994 1047 1072 Langobardorum
1066 999 1429 1056 obtinendum
1449 1005 1632 1056 erexit.
1677 1000 1915 1074 ordina-z

308 1074 483 1155 toque
521 1077 661 1154 apud
702 1078 1076 1153 Beneventum
1114 1080 1428 1150 Romoaldo
1474 1080 1569 1138 suo
1604 1080 1717 1138 filio
1753 1081 1910 1150 duce,

306 1157 416 1238 ipse
438 1180 559 1213 cum
583 1157 746 1213 (Aeeta
779 1180 941 1213 manu
972 1161 1232 1216 Ticinum
1266 1160 1605 1240 profe6³mrus
1645 1167 1749 1220 iter
1780 1166 1912 1220 arri-

308 1243 428 1325 puit
446 1279 460 1300 ‚
481 1261 536 1296 ac
560 1262 649 1317 per
671 1261 863 1296 omnes
881 1243 1122 1298 civitates
1140 1264 1271 1320 quas
1301 1244 1521 1303 obviam
1559 1244 1781 1313 habuit,
1810 1245 1913 1303 fibi

309 1325 514 1379 amicos
547 1329 600 1378 &
635 1324 907 1395 adjutores
941 1324 1005 1380 ad
1023 1343 1253 1403 regnum
1276 1327 1679 1405 percipiendum
1707 1326 1910 1384 ascivit.

308 1401 749 1466 Trasemundum
781 1426 909 1484 vero
943 1410 1201 1463 comitem
1237 1409 1561 1487 Capuanum
1593 1429 1686 1488 per
1716 1410 1911 1489 Spole-

309 1503 430 1550 tum
448 1494 500 1548 ἃ
521 1485 774 1544 Tusciam
792 1487 982 1547 direxit
998 1530 1013 1554 ‚
1036 1509 1093 1546 ut
1111 1510 1202 1568 per
1221 1512 1305 1548 eas
1319 1493 1569 1572 regiones
1584 1491 1909 1572 Langobar-

309 1569 412 1627 dos
429 1567 523 1626 suo
541 1567 817 1630 consortio
838 1590 1130 1649 coaptaret.
1168 1576 1281 1638 Qui
1302 1577 1559 1651 imperata
1579 1573 1675 1632 fibi
1693 1573 1908 1632 strenue

307 1649 591 1731 perficiens
611 1696 624 1716 ,
661 1657 709 1708 ei
728 1674 851 1708 cum
890 1655 1071 1711 multis
1107 1656 1444 1730 adjutoribus
1474 1657 1614 1735 apud
1635 1659 1908 1714 AEmiliam

306 1735 365 1790 in
384 1732 572 1791 itinere
594 1740 844 1791 occurrit.
887 1739 1054 1816 Igitur
1076 1737 1569 1803 Grimoalduscum
1591 1762 1759 1819 prope
1785 1741 1910 1797 Pla-

307 1818 542 1872 centiam
575 1838 699 1872 cum
719 1817 939 1874 robusta
958 1823 1195 1876 virorum
1217 1822 1565 1889 multitudine
1595 1823 1906 1891 adveniflet,

309 1898 667 1955 Garibaldum
684 1939 700 1964 ‚
749 1904 841 1978 qui
859 1903 1062 1979 legatus
1084 1895 1291 1958 adeum
1323 1900 1499 1961 miffus
1517 1904 1545 1960 a
1579 1904 1906 1962 Godeberto

305 1975 482 2036 fuerat
499 2019 516 2042 ,
537 1982 796 2036 Ticinum
811 1982 1082 2058 >praemisit,
1104 2004 1161 2041 ut
1178 1987 1353 2041 eidem
1375 1984 1702 2061 Godeberto
1724 1987 1789 2063 de
1808 1985 1907 2043 suo

306 2059 542 2118 adventu
561 2064 849 2117 nuntiaret.
870 2064 987 2129 Qui
1008 2066 1473 2132 adGodebertum
1495 2070 1714 2125 veniens
1733 2110 1749 2136 ‚
1770 2066 1907 2125 Gri-

306 2142 587 2199 moaldum
611 2145 764 2199 citius
783 2144 1062 2202 adventare
1080 2149 1232 2204 dixit.
1267 2151 1527 2229 Cumque
1545 2145 1906 2212 Godebertus

271 2260 277 2261 ν
305 2223 373 2280 ab
396 2245 462 2279 eo
482 2243 771 2303 quaereret,
802 2248 914 2305 quo
937 2230 991 2283 in
1011 2232 1134 2285 loco
1165 2231 1337 2288 eidem
1362 2232 1690 2290 Grimoaldo
1722 2232 1904 2312 hospi..

304 2308 445 2362 tium
462 2327 746 2385 praeparare
762 2305 1348 2373 deberet‚‘'Garibaldus
1365 2319 1437 2374 ita
1456 2311 1904 2395 respondit,‚quod

305 2387 535 2470 dignum
555 2386 697 2453 effer,
716 2409 778 2446 ut
807 2391 1177 2461 Grimoaldus,
1195 2399 1286 2477 qui
1309 2419 1403 2474 pro
1424 2402 1538 2471 ejus
1567 2396 1718 2456 causa
1736 2392 1902 2458 Vene-

301 2488 382 2527 rat
400 2513 414 2532 ‚
441 2468 658 2550 ejusque
677 2469 914 2543 sororem
934 2495 1240 2554 accepturus
1262 2477 1416 2546 effer,
1449 2478 1740 2556 hospitium
1761 2486 1901 2544 intra

302 2553 562 2633 palatium
581 2551 820 2612 haberet.
866 2557 1040 2631 QOd
1060 2563 1129 2615 ita
1149 2581 1372 2639 quoque
1387 2557 1593 2619 fafium
1615 2562 1705 2634 est.
1722 2619 1725 2622 ,
1743 2564 1900 2621 'Na-m

300 2632 591 2690 adveniens
609 2633 963 2695 Grimoaldus
979 2679 993 2705 ,
1011 2643 1148 2700 intra
1167 2645 1417 2719 palatium
1437 2641 1731 2721 hospitium
1752 2667 1900 2705 acce-

298 2717 401 2792 pit.
427 2713 596 2771 Isdem
616 2737 744 2775 vero
764 2719 1107 2789 Garibaldus‚
1126 2729 1295 2781 totius
1314 2730 1564 2805 nequitiae
1581 2725 1895 2796 seminator,

218 2860 222 2863 ¹
302 2795 631 2853 Godeberto
650 2797 898 2877 persuasit
914 2842 930 2868 2
958 2821 1145 2861 utnon
1164 2811 1310 2864 aliter
1325 2829 1487 2886 quam
1505 2801 1671 2868 lorica
1684 2809 1781 2868 sub
1801 2832 1897 2870 ve-

299 2875 375 2933 ste
391 2878 612 2936 indutus
631 2921 646 2945 ‚
682 2901 807 2937 cum
839 2884 1165 2944 Grimoaldo
1185 2889 1465 2948 locuturus
1484 2892 1688 2950 veniret
1706 2914 1723 2956 3
1766 2890 1896 2951 asse·-

299 2963 575 3042 rens,quia
595 2963 947 3025 Grimoaldus
966 2988 1092 3028 eum
1119 2972 1361 3038 occidere
1380 2973 1558 3034 vellet.
1602 2973 1806 3035 Rursus
1825 2974 1896 3033 is-

1769 3058 1896 3121 dem
