<?xml version="1.0" encoding="UTF-8"?>
<!DOCTYPE html PUBLIC "-//W3C//DTD XHTML 1.0 Transitional//EN"
    "http://www.w3.org/TR/xhtml1/DTD/xhtml1-transitional.dtd">
<html xmlns="http://www.w3.org/1999/xhtml" xml:lang="en" lang="en">
 <head>
  <title>
</title>
<meta http-equiv="Content-Type" content="text/html;charset=utf-8" />
  <meta name='ocr-system' content='tesseract 3.04.00' />
  <meta name='ocr-capabilities' content='ocr_page ocr_carea ocr_par ocr_line ocrx_word'/>
</head>
<body>
  <div class='ocr_page' id='page_1' title='image "./historiagotthoru00grot_0810.png"; bbox 0 0 1888 3428; ppageno 0'>
   <div class='ocr_carea' id='block_1_1' title="bbox 202 142 1828 302">
    <p class='ocr_par' dir='ltr' id='par_1_1' title="bbox 202 142 1828 302">
     <span class='ocr_line' id='line_1_1' title="bbox 203 142 1585 216; baseline 0 -19"><span class='ocrx_word' id='word_1_1' title='bbox 203 142 326 216; x_wconf 79' lang='lat'>644</span> <span class='ocrx_word' id='word_1_2' title='bbox 616 145 1336 200; x_wconf 21' lang='lat' dir='ltr'><strong>‘IoanANDEs</strong></span> <span class='ocrx_word' id='word_1_3' title='bbox 1550 188 1585 209; x_wconf 67' lang='lat'>-,</span> 
     </span>
     <span class='ocr_line' id='line_1_2' title="bbox 202 218 1828 302; baseline 0.001 -25"><span class='ocrx_word' id='word_1_4' title='bbox 202 240 326 296; x_wconf 83' lang='lat' dir='ltr'>quae</span> <span class='ocrx_word' id='word_1_5' title='bbox 346 219 570 279; x_wconf 86' lang='lat' dir='ltr'>humani</span> <span class='ocrx_word' id='word_1_6' title='bbox 587 218 849 282; x_wconf 88' lang='lat' dir='ltr'>sermonis</span> <span class='ocrx_word' id='word_1_7' title='bbox 877 224 1173 301; x_wconf 82' lang='lat' dir='ltr'>imaginem</span> <span class='ocrx_word' id='word_1_8' title='bbox 1193 219 1506 302; x_wconf 83' lang='lat' dir='ltr'>affignabat.</span> <span class='ocrx_word' id='word_1_9' title='bbox 1547 221 1675 291; x_wconf 85' lang='lat' dir='ltr'>Tali</span> <span class='ocrx_word' id='word_1_10' title='bbox 1696 241 1828 302; x_wconf 61' lang='lat' dir='ltr'>erga</span> 
     </span>
    </p>
   </div>
   <div class='ocr_carea' id='block_1_2' title="bbox 203 302 1830 456">
    <p class='ocr_par' dir='ltr' id='par_1_2' title="bbox 203 302 1830 456">
     <span class='ocr_line' id='line_1_3' title="bbox 203 302 1830 385; baseline 0.001 -26"><span class='ocrx_word' id='word_1_11' title='bbox 203 303 407 361; x_wconf 85' lang='lat' dir='ltr'>Hunni</span> <span class='ocrx_word' id='word_1_12' title='bbox 427 302 584 385; x_wconf 84' lang='lat' dir='ltr'>stirpe</span> <span class='ocrx_word' id='word_1_13' title='bbox 603 303 1114 370; x_wconf 86' lang='lat' dir='ltr'>creati,Gothorum</span> <span class='ocrx_word' id='word_1_14' title='bbox 1136 302 1337 365; x_wconf 80' lang='lat' dir='ltr'>finibus</span> <span class='ocrx_word' id='word_1_15' title='bbox 1353 304 1417 362; x_wconf 90' lang='lat' dir='ltr'>ad</span> <span class='ocrx_word' id='word_1_16' title='bbox 1436 306 1830 373; x_wconf 88' lang='lat' dir='ltr'>venere.Quo-·</span> 
     </span>
     <span class='ocr_line' id='line_1_4' title="bbox 205 385 1830 456; baseline 0.001 -13"><span class='ocrx_word' id='word_1_17' title='bbox 205 405 331 443; x_wconf 86' lang='lat' dir='ltr'>rum</span> <span class='ocrx_word' id='word_1_18' title='bbox 350 389 502 444; x_wconf 87' lang='lat' dir='ltr'>natio</span> <span class='ocrx_word' id='word_1_19' title='bbox 522 387 671 456; x_wconf 86' lang='lat' dir='ltr'>saeva,</span> <span class='ocrx_word' id='word_1_20' title='bbox 690 407 749 445; x_wconf 90' lang='lat' dir='ltr'>ut</span> <span class='ocrx_word' id='word_1_21' title='bbox 768 385 971 446; x_wconf 84' lang='lat' dir='ltr'>Priscus</span> <span class='ocrx_word' id='word_1_22' title='bbox 990 385 1273 445; x_wconf 80' lang='lat' dir='ltr'>historicus</span> <span class='ocrx_word' id='word_1_23' title='bbox 1290 385 1470 452; x_wconf 84' lang='lat' dir='ltr'>refert,</span> <span class='ocrx_word' id='word_1_24' title='bbox 1491 390 1546 444; x_wconf 89' lang='lat' dir='ltr'>in</span> <span class='ocrx_word' id='word_1_25' title='bbox 1565 385 1830 444; x_wconf 67' lang='lat' dir='ltr'>Maeotide</span> 
     </span>
    </p>
   </div>
   <div class='ocr_carea' id='block_1_3' title="bbox 204 466 1841 548">
    <p class='ocr_par' dir='ltr' id='par_1_3' title="bbox 204 466 1841 548">
     <span class='ocr_line' id='line_1_5' title="bbox 204 466 1841 548; baseline 0 -23"><span class='ocrx_word' id='word_1_26' title='bbox 204 469 401 548; x_wconf 85' lang='lat' dir='ltr'>palude</span> <span class='ocrx_word' id='word_1_27' title='bbox 442 473 750 528; x_wconf 78' lang='lat' dir='ltr'><strong>ulteriorem</strong></span> <span class='ocrx_word' id='word_1_28' title='bbox 796 474 963 548; x_wconf 81' lang='lat' dir='ltr'>ripam</span> <span class='ocrx_word' id='word_1_29' title='bbox 991 467 1181 528; x_wconf 84' lang='lat' dir='ltr'>insedit</span> <span class='ocrx_word' id='word_1_30' title='bbox 1201 509 1218 535; x_wconf 89' lang='lat'>,</span> <span class='ocrx_word' id='word_1_31' title='bbox 1250 474 1538 528; x_wconf 84' lang='lat' dir='ltr'>venatione</span> <span class='ocrx_word' id='word_1_32' title='bbox 1576 466 1791 527; x_wconf 73' lang='lat' dir='ltr'>tantum</span> <span class='ocrx_word' id='word_1_33' title='bbox 1812 508 1841 535; x_wconf 15' lang='lat'>,⁷</span> 
     </span>
    </p>
   </div>
   <div class='ocr_carea' id='block_1_4' title="bbox 203 547 1888 1210">
    <p class='ocr_par' dir='ltr' id='par_1_4' title="bbox 203 547 1888 1210">
     <span class='ocr_line' id='line_1_6' title="bbox 206 547 1888 632; baseline 0.002 -24"><span class='ocrx_word' id='word_1_34' title='bbox 206 571 309 609; x_wconf 93' lang='lat' dir='ltr'>nec</span> <span class='ocrx_word' id='word_1_35' title='bbox 328 552 434 608; x_wconf 86' lang='lat' dir='ltr'>alio</span> <span class='ocrx_word' id='word_1_36' title='bbox 463 551 650 610; x_wconf 88' lang='lat' dir='ltr'>labore</span> <span class='ocrx_word' id='word_1_37' title='bbox 687 571 901 632; x_wconf 75' lang='lat' dir='ltr'>experta</span> <span class='ocrx_word' id='word_1_38' title='bbox 921 593 937 621; x_wconf 87' lang='lat'>‚</span> <span class='ocrx_word' id='word_1_39' title='bbox 975 550 1070 609; x_wconf 82' lang='lat' dir='ltr'>nisi</span> <span class='ocrx_word' id='word_1_40' title='bbox 1093 551 1243 632; x_wconf 67' lang='lat' dir='ltr'>qubd</span> <span class='ocrx_word' id='word_1_41' title='bbox 1274 551 1561 632; x_wconf 87' lang='lat' dir='ltr'>postquam</span> <span class='ocrx_word' id='word_1_42' title='bbox 1592 547 1831 609; x_wconf 85' lang='lat' dir='ltr'>creviffet</span> <span class='ocrx_word' id='word_1_43' title='bbox 1882 576 1888 611; x_wconf 66' lang='grc' dir='ltr'>,τ</span> 
     </span>
     <span class='ocr_line' id='line_1_7' title="bbox 204 633 1831 716; baseline -0.001 -25"><span class='ocrx_word' id='word_1_44' title='bbox 204 634 264 691; x_wconf 89' lang='lat' dir='ltr'>in</span> <span class='ocrx_word' id='word_1_45' title='bbox 286 638 519 713; x_wconf 86' lang='lat' dir='ltr'>populos</span> <span class='ocrx_word' id='word_1_46' title='bbox 538 677 554 702; x_wconf 93' lang='lat'>,</span> <span class='ocrx_word' id='word_1_47' title='bbox 585 633 863 693; x_wconf 84' lang='lat' dir='ltr'>fraudibus</span> <span class='ocrx_word' id='word_1_48' title='bbox 894 641 947 691; x_wconf 67' lang='grc' dir='ltr'>ὃ(</span> <span class='ocrx_word' id='word_1_49' title='bbox 969 638 1165 712; x_wconf 82' lang='lat' dir='ltr'>rapinis</span> <span class='ocrx_word' id='word_1_50' title='bbox 1183 638 1415 693; x_wconf 86' lang='lat' dir='ltr'>vicinam</span> <span class='ocrx_word' id='word_1_51' title='bbox 1436 652 1674 716; x_wconf 59' lang='lat' dir='ltr'>gentem,</span> <span class='ocrx_word' id='word_1_52' title='bbox 1694 654 1831 703; x_wconf 81' lang='lat' dir='ltr'>con·</span> 
     </span>
     <span class='ocr_line' id='line_1_8' title="bbox 204 716 1830 797; baseline 0 -25"><span class='ocrx_word' id='word_1_53' title='bbox 204 716 470 775; x_wconf 87' lang='lat' dir='ltr'>turbavit.</span> <span class='ocrx_word' id='word_1_54' title='bbox 513 721 695 790; x_wconf 76' lang='lat' dir='ltr'>Hujus</span> <span class='ocrx_word' id='word_1_55' title='bbox 715 739 848 797; x_wconf 86' lang='lat' dir='ltr'>ergo</span> <span class='ocrx_word' id='word_1_56' title='bbox 870 716 1219 790; x_wconf 83' lang='lat' dir='ltr'>(ntaffolent)</span> <span class='ocrx_word' id='word_1_57' title='bbox 1254 735 1575 786; x_wconf 74' lang='lat' dir='ltr'>venatoreS,</span> <span class='ocrx_word' id='word_1_58' title='bbox 1607 718 1739 775; x_wconf 89' lang='lat' dir='ltr'>dum</span> <span class='ocrx_word' id='word_1_59' title='bbox 1773 719 1830 772; x_wconf 89' lang='lat' dir='ltr'>in</span> 
     </span>
     <span class='ocr_line' id='line_1_9' title="bbox 205 797 1832 881; baseline -0.001 -25"><span class='ocrx_word' id='word_1_60' title='bbox 205 798 453 858; x_wconf 85' lang='lat' dir='ltr'>ulteriori</span> <span class='ocrx_word' id='word_1_61' title='bbox 473 800 748 858; x_wconf 76' lang='lat' dir='ltr'>Maeotidis</span> <span class='ocrx_word' id='word_1_62' title='bbox 763 805 875 881; x_wconf 87' lang='lat' dir='ltr'>ripa</span> <span class='ocrx_word' id='word_1_63' title='bbox 893 799 1516 880; x_wconf 81' lang='lat' dir='ltr'>venationesinquirunt</span> <span class='ocrx_word' id='word_1_64' title='bbox 1530 840 1550 870; x_wconf 90' lang='lat'>,</span> <span class='ocrx_word' id='word_1_65' title='bbox 1586 797 1832 858; x_wconf 89' lang='lat' dir='ltr'>animad-</span> 
     </span>
     <span class='ocr_line' id='line_1_10' title="bbox 207 881 1888 962; baseline -0.001 -22"><span class='ocrx_word' id='word_1_66' title='bbox 207 898 435 940; x_wconf 87' lang='lat' dir='ltr'>vertunt</span> <span class='ocrx_word' id='word_1_67' title='bbox 456 884 746 962; x_wconf 86' lang='lat' dir='ltr'>quomodo</span> <span class='ocrx_word' id='word_1_68' title='bbox 785 882 1164 960; x_wconf 78' lang='lat' dir='ltr'>eximproviso</span> <span class='ocrx_word' id='word_1_69' title='bbox 1197 904 1350 940; x_wconf 84' lang='lat' dir='ltr'>cerva</span> <span class='ocrx_word' id='word_1_70' title='bbox 1369 882 1417 940; x_wconf 93' lang='lat' dir='ltr'>se</span> <span class='ocrx_word' id='word_1_71' title='bbox 1451 883 1550 940; x_wconf 86' lang='lat' dir='ltr'>illis</span> <span class='ocrx_word' id='word_1_72' title='bbox 1580 881 1788 939; x_wconf 87' lang='lat' dir='ltr'>obtulit</span> <span class='ocrx_word' id='word_1_73' title='bbox 1810 921 1828 948; x_wconf 91' lang='lat'>,</span> <span class='ocrx_word' id='word_1_74' title='bbox 1882 912 1888 954; x_wconf 69' lang='lat'><em>3</em></span> 
     </span>
     <span class='ocr_line' id='line_1_11' title="bbox 203 962 1823 1044; baseline -0.001 -24"><span class='ocrx_word' id='word_1_75' title='bbox 203 962 545 1043; x_wconf 74' lang='lat' dir='ltr'>ingressaque</span> <span class='ocrx_word' id='word_1_76' title='bbox 564 966 756 1043; x_wconf 84' lang='lat' dir='ltr'>palude</span> <span class='ocrx_word' id='word_1_77' title='bbox 777 986 923 1021; x_wconf 87' lang='lat' dir='ltr'>nunc</span> <span class='ocrx_word' id='word_1_78' title='bbox 942 965 1293 1044; x_wconf 85' lang='lat' dir='ltr'>progrediens</span> <span class='ocrx_word' id='word_1_79' title='bbox 1311 1007 1326 1029; x_wconf 90' lang='lat'>‚</span> <span class='ocrx_word' id='word_1_80' title='bbox 1355 985 1500 1022; x_wconf 88' lang='lat' dir='ltr'>nunc</span> <span class='ocrx_word' id='word_1_81' title='bbox 1521 963 1823 1032; x_wconf 76' lang='lat' dir='ltr'>subfistenS,</span> 
     </span>
     <span class='ocr_line' id='line_1_12' title="bbox 204 1044 1888 1126; baseline 0.001 -24"><span class='ocrx_word' id='word_1_82' title='bbox 204 1044 448 1104; x_wconf 85' lang='lat' dir='ltr'>indicem</span> <span class='ocrx_word' id='word_1_83' title='bbox 463 1046 512 1104; x_wconf 90' lang='lat' dir='ltr'>se</span> <span class='ocrx_word' id='word_1_84' title='bbox 530 1052 622 1104; x_wconf 78' lang='lat' dir='ltr'>viae</span> <span class='ocrx_word' id='word_1_85' title='bbox 646 1047 853 1103; x_wconf 57' lang='lat' dir='ltr'>tribuit,</span> <span class='ocrx_word' id='word_1_86' title='bbox 900 1048 1088 1116; x_wconf 84' lang='lat' dir='ltr'>Quam</span> <span class='ocrx_word' id='word_1_87' title='bbox 1108 1044 1272 1105; x_wconf 88' lang='lat' dir='ltr'>secuti</span> <span class='ocrx_word' id='word_1_88' title='bbox 1308 1066 1629 1115; x_wconf 82' lang='lat' dir='ltr'>venatores,</span> <span class='ocrx_word' id='word_1_89' title='bbox 1676 1047 1833 1126; x_wconf 91' lang='lat' dir='ltr'>palu-</span> <span class='ocrx_word' id='word_1_90' title='bbox 1880 1046 1888 1078; x_wconf 49' lang='grc' dir='ltr'>Γ·</span> 
     </span>
     <span class='ocr_line' id='line_1_13' title="bbox 207 1126 1888 1210; baseline 0.001 -25"><span class='ocrx_word' id='word_1_91' title='bbox 207 1128 334 1186; x_wconf 88' lang='lat' dir='ltr'>dem</span> <span class='ocrx_word' id='word_1_92' title='bbox 354 1128 696 1193; x_wconf 67' lang='lat' dir='ltr'>Maeotideni,</span> <span class='ocrx_word' id='word_1_93' title='bbox 719 1150 881 1191; x_wconf 73' lang='lat' dir='ltr'>Quam</span> <span class='ocrx_word' id='word_1_94' title='bbox 903 1132 1221 1207; x_wconf 77' lang='lat' dir='ltr'>imperviam</span> <span class='ocrx_word' id='word_1_95' title='bbox 1244 1149 1301 1186; x_wconf 87' lang='lat' dir='ltr'>ut</span> <span class='ocrx_word' id='word_1_96' title='bbox 1320 1132 1538 1210; x_wconf 86' lang='lat' dir='ltr'>pelagus</span> <span class='ocrx_word' id='word_1_97' title='bbox 1557 1126 1834 1187; x_wconf 82' lang='lat' dir='ltr'>existima-</span> <span class='ocrx_word' id='word_1_98' title='bbox 1884 1147 1888 1168; x_wconf 72' lang='lat'>³</span> 
     </span>
    </p>
   </div>
   <div class='ocr_carea' id='block_1_5' title="bbox 205 1195 1834 1291">
    <p class='ocr_par' dir='ltr' id='par_1_5' title="bbox 205 1195 1834 1291">
     <span class='ocr_line' id='line_1_14' title="bbox 205 1195 1834 1291; baseline 0.002 -25"><span class='ocrx_word' id='word_1_99' title='bbox 205 1210 373 1277; x_wconf 86' lang='lat' dir='ltr'>bant,</span> <span class='ocrx_word' id='word_1_100' title='bbox 404 1209 631 1288; x_wconf 84' lang='lat' dir='ltr'>pedibus</span> <span class='ocrx_word' id='word_1_101' title='bbox 652 1195 921 1268; x_wconf 72' lang='lat' dir='ltr'>transiere.</span> <span class='ocrx_word' id='word_1_102' title='bbox 965 1212 1105 1267; x_wconf 76' lang='lat' dir='ltr'>Mox</span> <span class='ocrx_word' id='word_1_103' title='bbox 1125 1233 1350 1291; x_wconf 81' lang='lat' dir='ltr'>quoque</span> <span class='ocrx_word' id='word_1_104' title='bbox 1386 1230 1445 1269; x_wconf 87' lang='lat' dir='ltr'>ut</span> <span class='ocrx_word' id='word_1_105' title='bbox 1467 1211 1706 1290; x_wconf 85' lang='lat' dir='ltr'>Scythica</span> <span class='ocrx_word' id='word_1_106' title='bbox 1727 1230 1834 1269; x_wconf 86' lang='lat' dir='ltr'>ter-</span> 
     </span>
    </p>
   </div>
   <div class='ocr_carea' id='block_1_6' title="bbox 158 1292 1888 2364">
    <p class='ocr_par' dir='ltr' id='par_1_6' title="bbox 158 1292 1888 2364">
     <span class='ocr_line' id='line_1_15' title="bbox 205 1292 1885 1372; baseline 0.001 -24"><span class='ocrx_word' id='word_1_107' title='bbox 205 1313 264 1348; x_wconf 86' lang='lat' dir='ltr'>ra</span> <span class='ocrx_word' id='word_1_108' title='bbox 294 1294 499 1372; x_wconf 79' lang='lat' dir='ltr'>ignotis</span> <span class='ocrx_word' id='word_1_109' title='bbox 520 1295 800 1372; x_wconf 83' lang='lat' dir='ltr'>apparuit,</span> <span class='ocrx_word' id='word_1_110' title='bbox 834 1314 988 1351; x_wconf 87' lang='lat' dir='ltr'>cerva</span> <span class='ocrx_word' id='word_1_111' title='bbox 1021 1293 1294 1371; x_wconf 75' lang='lat' dir='ltr'>disparuit.</span> <span class='ocrx_word' id='word_1_112' title='bbox 1340 1294 1514 1371; x_wconf 81' lang='lat' dir='ltr'>Quod</span> <span class='ocrx_word' id='word_1_113' title='bbox 1546 1295 1710 1350; x_wconf 81' lang='lat' dir='ltr'>credo</span> <span class='ocrx_word' id='word_1_114' title='bbox 1728 1292 1835 1372; x_wconf 88' lang='lat' dir='ltr'>spi-</span> <span class='ocrx_word' id='word_1_115' title='bbox 1879 1344 1885 1351; x_wconf 79' lang='grc'>,.</span> 
     </span>
     <span class='ocr_line' id='line_1_16' title="bbox 205 1375 1882 1456; baseline 0.001 -25"><span class='ocrx_word' id='word_1_116' title='bbox 205 1378 340 1432; x_wconf 88' lang='lat' dir='ltr'>ritus</span> <span class='ocrx_word' id='word_1_117' title='bbox 361 1375 432 1432; x_wconf 90' lang='lat' dir='ltr'>illi</span> <span class='ocrx_word' id='word_1_118' title='bbox 455 1416 471 1443; x_wconf 95' lang='lat'>,</span> <span class='ocrx_word' id='word_1_119' title='bbox 505 1377 647 1434; x_wconf 87' lang='lat' dir='ltr'>unde</span> <span class='ocrx_word' id='word_1_120' title='bbox 683 1380 1001 1456; x_wconf 82' lang='lat' dir='ltr'>progeniem</span> <span class='ocrx_word' id='word_1_121' title='bbox 1039 1375 1293 1444; x_wconf 87' lang='lat' dir='ltr'>trahunt,</span> <span class='ocrx_word' id='word_1_122' title='bbox 1326 1377 1389 1434; x_wconf 89' lang='lat' dir='ltr'>ad</span> <span class='ocrx_word' id='word_1_123' title='bbox 1412 1375 1728 1455; x_wconf 87' lang='lat' dir='ltr'>Scytharum</span> <span class='ocrx_word' id='word_1_124' title='bbox 1747 1379 1835 1433; x_wconf 84' lang='lat' dir='ltr'>in·</span> <span class='ocrx_word' id='word_1_125' title='bbox 1880 1437 1882 1440; x_wconf 60' lang='grc'>,</span> 
     </span>
     <span class='ocr_line' id='line_1_17' title="bbox 205 1458 1888 1540; baseline 0.001 -26"><span class='ocrx_word' id='word_1_126' title='bbox 205 1458 408 1515; x_wconf 84' lang='lat' dir='ltr'>vidiam</span> <span class='ocrx_word' id='word_1_127' title='bbox 426 1479 604 1537; x_wconf 80' lang='lat' dir='ltr'>egere.</span> <span class='ocrx_word' id='word_1_128' title='bbox 649 1461 724 1515; x_wconf 90' lang='lat' dir='ltr'>Illi</span> <span class='ocrx_word' id='word_1_129' title='bbox 748 1459 897 1527; x_wconf 65' lang='lat' dir='ltr'>verb,</span> <span class='ocrx_word' id='word_1_130' title='bbox 921 1463 1014 1538; x_wconf 79' lang='lat' dir='ltr'>qui</span> <span class='ocrx_word' id='word_1_131' title='bbox 1033 1477 1220 1539; x_wconf 78' lang='lat' dir='ltr'>praeter</span> <span class='ocrx_word' id='word_1_132' title='bbox 1239 1459 1557 1517; x_wconf 86' lang='lat' dir='ltr'>Maeotidem</span> <span class='ocrx_word' id='word_1_133' title='bbox 1578 1459 1831 1538; x_wconf 80' lang='lat' dir='ltr'>paludem</span> <span class='ocrx_word' id='word_1_134' title='bbox 1880 1485 1888 1540; x_wconf 72' lang='lat' dir='ltr'>l}</span> 
     </span>
     <span class='ocr_line' id='line_1_18' title="bbox 205 1539 1888 1621; baseline 0.001 -25"><span class='ocrx_word' id='word_1_135' title='bbox 205 1541 372 1598; x_wconf 89' lang='lat' dir='ltr'>alium</span> <span class='ocrx_word' id='word_1_136' title='bbox 392 1540 662 1600; x_wconf 80' lang='lat' dir='ltr'>mundum</span> <span class='ocrx_word' id='word_1_137' title='bbox 699 1539 798 1599; x_wconf 81' lang='lat' dir='ltr'>effe</span> <span class='ocrx_word' id='word_1_138' title='bbox 827 1545 1045 1621; x_wconf 87' lang='lat' dir='ltr'>penitus</span> <span class='ocrx_word' id='word_1_139' title='bbox 1081 1541 1443 1621; x_wconf 83' lang='lat' dir='ltr'>ignorabant,</span> <span class='ocrx_word' id='word_1_140' title='bbox 1477 1543 1834 1599; x_wconf 83' lang='lat' dir='ltr'>admiratione</span> <span class='ocrx_word' id='word_1_141' title='bbox 1882 1559 1888 1612; x_wconf 90' lang='lat'>3</span> 
     </span>
     <span class='ocr_line' id='line_1_19' title="bbox 204 1622 1888 1709; baseline 0.001 -31"><span class='ocrx_word' id='word_1_142' title='bbox 204 1622 417 1680; x_wconf 64' lang='lat' dir='ltr'>inducti</span> <span class='ocrx_word' id='word_1_143' title='bbox 436 1642 585 1682; x_wconf 87' lang='lat' dir='ltr'>terrae</span> <span class='ocrx_word' id='word_1_144' title='bbox 608 1623 831 1702; x_wconf 78' lang='lat' dir='ltr'>Scythiae</span> <span class='ocrx_word' id='word_1_145' title='bbox 848 1667 864 1693; x_wconf 93' lang='lat'>,</span> <span class='ocrx_word' id='word_1_146' title='bbox 885 1630 938 1682; x_wconf 72' lang='grc' dir='ltr'>δε</span> <span class='ocrx_word' id='word_1_147' title='bbox 962 1644 1019 1683; x_wconf 87' lang='lat' dir='ltr'>ut</span> <span class='ocrx_word' id='word_1_148' title='bbox 1037 1623 1159 1683; x_wconf 87' lang='lat' dir='ltr'>sunt</span> <span class='ocrx_word' id='word_1_149' title='bbox 1177 1623 1395 1682; x_wconf 83' lang='lat' dir='ltr'>solertes</span> <span class='ocrx_word' id='word_1_150' title='bbox 1415 1666 1430 1692; x_wconf 94' lang='lat'>,</span> <span class='ocrx_word' id='word_1_151' title='bbox 1450 1625 1694 1684; x_wconf 85' lang='lat' dir='ltr'>iterillud</span> <span class='ocrx_word' id='word_1_152' title='bbox 1709 1624 1834 1681; x_wconf 88' lang='lat' dir='ltr'>nul-</span> <span class='ocrx_word' id='word_1_153' title='bbox 1878 1622 1888 1709; x_wconf 54' lang='lat' dir='ltr'>J</span> 
     </span>
     <span class='ocr_line' id='line_1_20' title="bbox 204 1704 1834 1775; baseline 0.003 -13"><span class='ocrx_word' id='word_1_154' title='bbox 204 1705 245 1762; x_wconf 85' lang='lat' dir='ltr'>li</span> <span class='ocrx_word' id='word_1_155' title='bbox 264 1722 388 1762; x_wconf 90' lang='lat' dir='ltr'>ante</span> <span class='ocrx_word' id='word_1_156' title='bbox 407 1705 542 1763; x_wconf 86' lang='lat' dir='ltr'>hanc</span> <span class='ocrx_word' id='word_1_157' title='bbox 564 1725 774 1763; x_wconf 66' lang='lat' dir='ltr'>aetatem</span> <span class='ocrx_word' id='word_1_158' title='bbox 804 1706 1145 1765; x_wconf 76' lang='lat' dir='ltr'>notissimum</span> <span class='ocrx_word' id='word_1_159' title='bbox 1166 1749 1181 1775; x_wconf 95' lang='lat'>,</span> <span class='ocrx_word' id='word_1_160' title='bbox 1214 1706 1475 1766; x_wconf 68' lang='lat' dir='ltr'>divinitus</span> <span class='ocrx_word' id='word_1_161' title='bbox 1511 1706 1608 1764; x_wconf 80' lang='lat' dir='ltr'>fibi</span> <span class='ocrx_word' id='word_1_162' title='bbox 1647 1704 1834 1764; x_wconf 87' lang='lat' dir='ltr'>osten-</span> 
     </span>
     <span class='ocr_line' id='line_1_21' title="bbox 203 1783 1888 1870; baseline 0.001 -26"><span class='ocrx_word' id='word_1_163' title='bbox 203 1784 325 1844; x_wconf 85' lang='lat' dir='ltr'>sum</span> <span class='ocrx_word' id='word_1_164' title='bbox 345 1791 441 1845; x_wconf 86' lang='lat' dir='ltr'>rati</span> <span class='ocrx_word' id='word_1_165' title='bbox 463 1830 480 1856; x_wconf 96' lang='lat'>,</span> <span class='ocrx_word' id='word_1_166' title='bbox 510 1789 571 1846; x_wconf 88' lang='lat' dir='ltr'>ad</span> <span class='ocrx_word' id='word_1_167' title='bbox 603 1787 727 1845; x_wconf 86' lang='lat' dir='ltr'>suos</span> <span class='ocrx_word' id='word_1_168' title='bbox 762 1790 1024 1858; x_wconf 87' lang='lat' dir='ltr'>redeunt,</span> <span class='ocrx_word' id='word_1_169' title='bbox 1065 1795 1139 1848; x_wconf 89' lang='lat' dir='ltr'>rei</span> <span class='ocrx_word' id='word_1_170' title='bbox 1162 1789 1375 1870; x_wconf 83' lang='lat' dir='ltr'>gestum</span> <span class='ocrx_word' id='word_1_171' title='bbox 1415 1790 1671 1852; x_wconf 79' lang='lat' dir='ltr'>edicunt,</span> <span class='ocrx_word' id='word_1_172' title='bbox 1710 1792 1834 1868; x_wconf 86' lang='lat' dir='ltr'>Scy-</span> <span class='ocrx_word' id='word_1_173' title='bbox 1877 1783 1888 1821; x_wconf 57' lang='lat'>5²</span> 
     </span>
     <span class='ocr_line' id='line_1_22' title="bbox 205 1867 1888 1952; baseline 0.002 -27"><span class='ocrx_word' id='word_1_174' title='bbox 205 1867 376 1927; x_wconf 81' lang='lat' dir='ltr'>thiam</span> <span class='ocrx_word' id='word_1_175' title='bbox 398 1870 652 1938; x_wconf 88' lang='lat' dir='ltr'>laudant,</span> <span class='ocrx_word' id='word_1_176' title='bbox 691 1869 1031 1950; x_wconf 81' lang='lat' dir='ltr'>persuasaque</span> <span class='ocrx_word' id='word_1_177' title='bbox 1050 1891 1214 1952; x_wconf 86' lang='lat' dir='ltr'>gente</span> <span class='ocrx_word' id='word_1_178' title='bbox 1233 1870 1321 1929; x_wconf 86' lang='lat' dir='ltr'>sua</span> <span class='ocrx_word' id='word_1_179' title='bbox 1341 1914 1356 1941; x_wconf 93' lang='lat'>,</span> <span class='ocrx_word' id='word_1_180' title='bbox 1395 1876 1478 1930; x_wconf 88' lang='lat' dir='ltr'>via</span> <span class='ocrx_word' id='word_1_181' title='bbox 1495 1893 1657 1952; x_wconf 79' lang='lat' dir='ltr'>quam</span> <span class='ocrx_word' id='word_1_182' title='bbox 1680 1893 1833 1929; x_wconf 90' lang='lat' dir='ltr'>cerva</span> <span class='ocrx_word' id='word_1_183' title='bbox 1886 1885 1888 1890; x_wconf 88' lang='grc'><strong>’</strong></span> 
     </span>
     <span class='ocr_line' id='line_1_23' title="bbox 158 1951 1885 2034; baseline 0.001 -26"><span class='ocrx_word' id='word_1_184' title='bbox 158 1984 168 1987; x_wconf 50' lang='grc'>&lt;</span> <span class='ocrx_word' id='word_1_185' title='bbox 203 1951 384 2009; x_wconf 86' lang='lat' dir='ltr'>indice</span> <span class='ocrx_word' id='word_1_186' title='bbox 403 1953 634 2010; x_wconf 82' lang='lat' dir='ltr'>didicere</span> <span class='ocrx_word' id='word_1_187' title='bbox 655 1954 719 2009; x_wconf 85' lang='lat' dir='ltr'>ad</span> <span class='ocrx_word' id='word_1_188' title='bbox 739 1952 1004 2031; x_wconf 78' lang='lat' dir='ltr'>Scythiam</span> <span class='ocrx_word' id='word_1_189' title='bbox 1027 1972 1317 2033; x_wconf 84' lang='lat' dir='ltr'>properant</span> <span class='ocrx_word' id='word_1_190' title='bbox 1338 1995 1353 2021; x_wconf 92' lang='lat'>,</span> <span class='ocrx_word' id='word_1_191' title='bbox 1388 1959 1443 2011; x_wconf 77' lang='grc' dir='ltr'>δε</span> <span class='ocrx_word' id='word_1_192' title='bbox 1461 1953 1834 2034; x_wconf 86' lang='lat' dir='ltr'>quantoscun—</span> <span class='ocrx_word' id='word_1_193' title='bbox 1884 2022 1885 2026; x_wconf 10' lang='grc' dir='ltr'><strong>Ἰ</strong></span> 
     </span>
     <span class='ocr_line' id='line_1_24' title="bbox 207 2032 1882 2115; baseline 0.001 -25"><span class='ocrx_word' id='word_1_194' title='bbox 207 2052 317 2112; x_wconf 87' lang='lat' dir='ltr'>que</span> <span class='ocrx_word' id='word_1_195' title='bbox 337 2037 483 2112; x_wconf 88' lang='lat' dir='ltr'>prius</span> <span class='ocrx_word' id='word_1_196' title='bbox 499 2038 556 2091; x_wconf 89' lang='lat' dir='ltr'>in</span> <span class='ocrx_word' id='word_1_197' title='bbox 577 2032 806 2114; x_wconf 70' lang='lat' dir='ltr'>ingressu</span> <span class='ocrx_word' id='word_1_198' title='bbox 841 2035 1159 2115; x_wconf 78' lang='lat' dir='ltr'>Scytharum</span> <span class='ocrx_word' id='word_1_199' title='bbox 1182 2036 1416 2093; x_wconf 84' lang='lat' dir='ltr'>habuere</span> <span class='ocrx_word' id='word_1_200' title='bbox 1438 2078 1453 2104; x_wconf 95' lang='lat'>,</span> <span class='ocrx_word' id='word_1_201' title='bbox 1491 2040 1709 2094; x_wconf 86' lang='lat' dir='ltr'>litavere</span> <span class='ocrx_word' id='word_1_202' title='bbox 1727 2038 1833 2094; x_wconf 86' lang='lat' dir='ltr'>Vi-</span> <span class='ocrx_word' id='word_1_203' title='bbox 1874 2064 1882 2080; x_wconf 71' lang='lat'><strong>⁴</strong></span> 
     </span>
     <span class='ocr_line' id='line_1_25' title="bbox 208 2117 1885 2198; baseline 0.002 -26"><span class='ocrx_word' id='word_1_204' title='bbox 208 2117 395 2173; x_wconf 65' lang='lat' dir='ltr'>&amp;oriae</span> <span class='ocrx_word' id='word_1_205' title='bbox 417 2157 434 2184; x_wconf 88' lang='lat'>,</span> <span class='ocrx_word' id='word_1_206' title='bbox 470 2117 713 2196; x_wconf 86' lang='lat' dir='ltr'>reliquos</span> <span class='ocrx_word' id='word_1_207' title='bbox 748 2118 1088 2195; x_wconf 84' lang='lat' dir='ltr'>perdomitos</span> <span class='ocrx_word' id='word_1_208' title='bbox 1106 2117 1386 2198; x_wconf 79' lang='lat' dir='ltr'>subegere.</span> <span class='ocrx_word' id='word_1_209' title='bbox 1430 2120 1573 2176; x_wconf 88' lang='lat' dir='ltr'>Nam</span> <span class='ocrx_word' id='word_1_210' title='bbox 1596 2140 1726 2176; x_wconf 84' lang='lat' dir='ltr'>mox</span> <span class='ocrx_word' id='word_1_211' title='bbox 1746 2121 1833 2175; x_wconf 90' lang='lat' dir='ltr'>in-</span> <span class='ocrx_word' id='word_1_212' title='bbox 1881 2117 1885 2186; x_wconf 57' lang='lat' dir='ltr'><strong><em>s</em></strong></span> 
     </span>
     <span class='ocr_line' id='line_1_26' title="bbox 206 2197 1885 2279; baseline 0.002 -24"><span class='ocrx_word' id='word_1_213' title='bbox 206 2216 434 2279; x_wconf 80' lang='lat' dir='ltr'>gentem</span> <span class='ocrx_word' id='word_1_214' title='bbox 460 2200 603 2256; x_wconf 83' lang='lat' dir='ltr'>illam</span> <span class='ocrx_word' id='word_1_215' title='bbox 624 2197 869 2278; x_wconf 79' lang='lat' dir='ltr'>paludem</span> <span class='ocrx_word' id='word_1_216' title='bbox 899 2199 1150 2258; x_wconf 78' lang='lat' dir='ltr'>transiere</span> <span class='ocrx_word' id='word_1_217' title='bbox 1169 2242 1186 2268; x_wconf 95' lang='lat'>,</span> <span class='ocrx_word' id='word_1_218' title='bbox 1217 2202 1343 2258; x_wconf 79' lang='lat' dir='ltr'>ilico</span> <span class='ocrx_word' id='word_1_219' title='bbox 1362 2201 1658 2279; x_wconf 81' lang='lat' dir='ltr'>Alipzuros</span> <span class='ocrx_word' id='word_1_220' title='bbox 1679 2243 1695 2269; x_wconf 96' lang='lat'>,</span> <span class='ocrx_word' id='word_1_221' title='bbox 1728 2203 1833 2259; x_wconf 86' lang='lat' dir='ltr'>Al-</span> <span class='ocrx_word' id='word_1_222' title='bbox 1880 2211 1885 2236; x_wconf 67' lang='lat'>2</span> 
     </span>
     <span class='ocr_line' id='line_1_27' title="bbox 207 2280 1883 2364; baseline 0.002 -26"><span class='ocrx_word' id='word_1_223' title='bbox 207 2280 496 2348; x_wconf 79' lang='lat' dir='ltr'>zidzurOS,</span> <span class='ocrx_word' id='word_1_224' title='bbox 524 2288 785 2339; x_wconf 81' lang='lat' dir='ltr'>Itamaros</span> <span class='ocrx_word' id='word_1_225' title='bbox 805 2324 822 2350; x_wconf 91' lang='lat'>,</span> <span class='ocrx_word' id='word_1_226' title='bbox 846 2281 1146 2341; x_wconf 57' lang='lat' dir='ltr'>Tuncaesl&#39;os</span> <span class='ocrx_word' id='word_1_227' title='bbox 1164 2325 1179 2350; x_wconf 93' lang='lat'>,</span> <span class='ocrx_word' id='word_1_228' title='bbox 1216 2289 1269 2341; x_wconf 60' lang='grc' dir='ltr'>ὃ(</span> <span class='ocrx_word' id='word_1_229' title='bbox 1289 2280 1550 2352; x_wconf 47' lang='lat' dir='ltr'>Boiscos‘,</span> <span class='ocrx_word' id='word_1_230' title='bbox 1582 2287 1677 2364; x_wconf 87' lang='lat' dir='ltr'>qui</span> <span class='ocrx_word' id='word_1_231' title='bbox 1704 2286 1830 2363; x_wconf 89' lang='lat' dir='ltr'>ripae</span> <span class='ocrx_word' id='word_1_232' title='bbox 1880 2283 1883 2330; x_wconf 62' lang='lat' dir='ltr'><strong><em>f</em></strong></span> 
     </span>
    </p>
   </div>
   <div class='ocr_carea' id='block_1_7' title="bbox 206 2361 1830 2446">
    <p class='ocr_par' dir='ltr' id='par_1_7' title="bbox 206 2361 1830 2446">
     <span class='ocr_line' id='line_1_28' title="bbox 206 2361 1830 2446; baseline 0.002 -26"><span class='ocrx_word' id='word_1_233' title='bbox 206 2361 358 2420; x_wconf 85' lang='lat' dir='ltr'>istius</span> <span class='ocrx_word' id='word_1_234' title='bbox 379 2362 604 2444; x_wconf 84' lang='lat' dir='ltr'>Scythiae</span> <span class='ocrx_word' id='word_1_235' title='bbox 621 2363 951 2434; x_wconf 83' lang='lat' dir='ltr'>insidebant,</span> <span class='ocrx_word' id='word_1_236' title='bbox 967 2365 1113 2445; x_wconf 80' lang='lat' dir='ltr'>quasi</span> <span class='ocrx_word' id='word_1_237' title='bbox 1129 2366 1351 2446; x_wconf 88' lang='lat' dir='ltr'>quidam</span> <span class='ocrx_word' id='word_1_238' title='bbox 1370 2365 1536 2424; x_wconf 88' lang='lat' dir='ltr'>turbo</span> <span class='ocrx_word' id='word_1_239' title='bbox 1555 2369 1830 2446; x_wconf 88' lang='lat' dir='ltr'>gentium,</span> 
     </span>
    </p>
   </div>
   <div class='ocr_carea' id='block_1_8' title="bbox 206 2447 1880 2774">
    <p class='ocr_par' dir='ltr' id='par_1_8' title="bbox 206 2447 1880 2774">
     <span class='ocr_line' id='line_1_29' title="bbox 207 2447 1880 2528; baseline 0.001 -26"><span class='ocrx_word' id='word_1_240' title='bbox 207 2466 453 2525; x_wconf 83' lang='lat' dir='ltr'>rapuere.</span> <span class='ocrx_word' id='word_1_241' title='bbox 493 2448 711 2503; x_wconf 44' lang='lat' dir='ltr'>*Alanos</span> <span class='ocrx_word' id='word_1_242' title='bbox 731 2468 953 2526; x_wconf 79' lang='lat' dir='ltr'>quoque</span> <span class='ocrx_word' id='word_1_243' title='bbox 975 2469 1157 2528; x_wconf 85' lang='lat' dir='ltr'>pugna</span> <span class='ocrx_word' id='word_1_244' title='bbox 1175 2447 1270 2505; x_wconf 87' lang='lat' dir='ltr'>fibi</span> <span class='ocrx_word' id='word_1_245' title='bbox 1305 2469 1488 2528; x_wconf 79' lang='lat' dir='ltr'>pareS,</span> <span class='ocrx_word' id='word_1_246' title='bbox 1522 2447 1610 2506; x_wconf 89' lang='lat' dir='ltr'>sed</span> <span class='ocrx_word' id='word_1_247' title='bbox 1635 2447 1830 2505; x_wconf 85' lang='lat' dir='ltr'>huma-</span> <span class='ocrx_word' id='word_1_248' title='bbox 1861 2491 1880 2497; x_wconf 18' lang='lat'>¹&gt;</span> 
     </span>
     <span class='ocr_line' id='line_1_30' title="bbox 206 2526 1875 2609; baseline 0.002 -24"><span class='ocrx_word' id='word_1_249' title='bbox 206 2531 394 2585; x_wconf 84' lang='lat' dir='ltr'>nitatis</span> <span class='ocrx_word' id='word_1_250' title='bbox 410 2528 556 2586; x_wconf 56' lang='lat' dir='ltr'>victu</span> <span class='ocrx_word' id='word_1_251' title='bbox 583 2526 872 2607; x_wconf 86' lang='lat' dir='ltr'>formaque</span> <span class='ocrx_word' id='word_1_252' title='bbox 894 2529 1198 2598; x_wconf 58' lang='lat' dir='ltr'>dissimiles,</span> <span class='ocrx_word' id='word_1_253' title='bbox 1236 2527 1510 2609; x_wconf 89' lang='lat' dir='ltr'>frequenti</span> <span class='ocrx_word' id='word_1_254' title='bbox 1533 2531 1829 2588; x_wconf 87' lang='lat' dir='ltr'>certamine</span> <span class='ocrx_word' id='word_1_255' title='bbox 1872 2565 1875 2568; x_wconf 92' lang='lat'>·</span> 
     </span>
     <span class='ocr_line' id='line_1_31' title="bbox 207 2606 1874 2692; baseline 0.002 -25"><span class='ocrx_word' id='word_1_256' title='bbox 207 2606 901 2690; x_wconf 79' lang='lat' dir='ltr'>fatigantessubjugavere.</span> <span class='ocrx_word' id='word_1_257' title='bbox 959 2615 1105 2671; x_wconf 88' lang='lat' dir='ltr'>Nam</span> <span class='ocrx_word' id='word_1_258' title='bbox 1142 2619 1197 2671; x_wconf 87' lang='lat'>&amp;</span> <span class='ocrx_word' id='word_1_259' title='bbox 1240 2633 1383 2692; x_wconf 87' lang='lat' dir='ltr'>quos</span> <span class='ocrx_word' id='word_1_260' title='bbox 1424 2612 1571 2670; x_wconf 89' lang='lat' dir='ltr'>bello</span> <span class='ocrx_word' id='word_1_261' title='bbox 1602 2610 1829 2671; x_wconf 83' lang='lat' dir='ltr'>forfitan</span> <span class='ocrx_word' id='word_1_262' title='bbox 1867 2652 1874 2653; x_wconf 27' lang='lat' dir='ltr'><em>ff</em></span> 
     </span>
     <span class='ocr_line' id='line_1_32' title="bbox 208 2690 1874 2774; baseline 0.001 -24"><span class='ocrx_word' id='word_1_263' title='bbox 208 2690 771 2771; x_wconf 74' lang='lat' dir='ltr'>minimesuperabant</span> <span class='ocrx_word' id='word_1_264' title='bbox 794 2734 810 2754; x_wconf 81' lang='grc'>,</span> <span class='ocrx_word' id='word_1_265' title='bbox 836 2695 1017 2753; x_wconf 87' lang='lat' dir='ltr'>vultus</span> <span class='ocrx_word' id='word_1_266' title='bbox 1048 2695 1127 2755; x_wconf 88' lang='lat' dir='ltr'>sui</span> <span class='ocrx_word' id='word_1_267' title='bbox 1159 2715 1362 2753; x_wconf 89' lang='lat' dir='ltr'>terrore</span> <span class='ocrx_word' id='word_1_268' title='bbox 1383 2698 1617 2753; x_wconf 89' lang='lat' dir='ltr'>nimium</span> <span class='ocrx_word' id='word_1_269' title='bbox 1655 2716 1831 2774; x_wconf 79' lang='lat' dir='ltr'>pavo-</span> <span class='ocrx_word' id='word_1_270' title='bbox 1865 2766 1874 2772; x_wconf 23' lang='lat' dir='ltr'><strong><em>f</em></strong></span> 
     </span>
    </p>
   </div>
   <div class='ocr_carea' id='block_1_9' title="bbox 205 2774 1830 3106">
    <p class='ocr_par' dir='ltr' id='par_1_9' title="bbox 205 2774 1830 3083">
     <span class='ocr_line' id='line_1_33' title="bbox 205 2774 1830 2858; baseline 0.002 -26"><span class='ocrx_word' id='word_1_271' title='bbox 205 2794 324 2832; x_wconf 84' lang='lat' dir='ltr'>rem</span> <span class='ocrx_word' id='word_1_272' title='bbox 357 2779 665 2854; x_wconf 83' lang='lat' dir='ltr'>ingerentes</span> <span class='ocrx_word' id='word_1_273' title='bbox 701 2774 1036 2836; x_wconf 84' lang='lat' dir='ltr'>terribilitate</span> <span class='ocrx_word' id='word_1_274' title='bbox 1076 2776 1376 2858; x_wconf 85' lang='lat' dir='ltr'>fugabant,</span> <span class='ocrx_word' id='word_1_275' title='bbox 1422 2776 1491 2835; x_wconf 65' lang='lat' dir='ltr'>eb</span> <span class='ocrx_word' id='word_1_276' title='bbox 1525 2776 1679 2858; x_wconf 63' lang='lat' dir='ltr'>qubd</span> <span class='ocrx_word' id='word_1_277' title='bbox 1717 2795 1830 2836; x_wconf 89' lang='lat' dir='ltr'>erat</span> 
     </span>
     <span class='ocr_line' id='line_1_34' title="bbox 210 2854 1828 2940; baseline 0.003 -27"><span class='ocrx_word' id='word_1_278' title='bbox 210 2860 287 2914; x_wconf 90' lang='lat' dir='ltr'>eis</span> <span class='ocrx_word' id='word_1_279' title='bbox 316 2854 514 2936; x_wconf 87' lang='lat' dir='ltr'>species</span> <span class='ocrx_word' id='word_1_280' title='bbox 532 2858 771 2936; x_wconf 89' lang='lat' dir='ltr'>pavenda</span> <span class='ocrx_word' id='word_1_281' title='bbox 809 2860 1129 2938; x_wconf 81' lang='lat' dir='ltr'>nigredine,</span> <span class='ocrx_word' id='word_1_282' title='bbox 1162 2859 1250 2918; x_wconf 92' lang='lat' dir='ltr'>sed</span> <span class='ocrx_word' id='word_1_283' title='bbox 1285 2864 1430 2920; x_wconf 88' lang='lat' dir='ltr'>velut</span> <span class='ocrx_word' id='word_1_284' title='bbox 1466 2860 1713 2940; x_wconf 85' lang='lat' dir='ltr'>quaedam</span> <span class='ocrx_word' id='word_1_285' title='bbox 1749 2857 1828 2935; x_wconf 78' lang='lat' dir='ltr'>(si</span> 
     </span>
     <span class='ocr_line' id='line_1_35' title="bbox 206 2937 1823 3083; baseline -0.002 -84"><span class='ocrx_word' id='word_1_286' title='bbox 206 2940 314 3000; x_wconf 86' lang='lat' dir='ltr'>dici</span> <span class='ocrx_word' id='word_1_287' title='bbox 329 2938 407 3001; x_wconf 87' lang='lat' dir='ltr'>fas</span> <span class='ocrx_word' id='word_1_288' title='bbox 430 2938 530 3018; x_wconf 84' lang='lat' dir='ltr'>est)</span> <span class='ocrx_word' id='word_1_289' title='bbox 557 2937 816 3029; x_wconf 73' lang='lat' dir='ltr'>deformis</span> <span class='ocrx_word' id='word_1_290' title='bbox 830 2941 939 3031; x_wconf 76' lang='lat' dir='ltr'>offa</span> <span class='ocrx_word' id='word_1_291' title='bbox 959 2982 978 3013; x_wconf 84' lang='lat'>‚</span> <span class='ocrx_word' id='word_1_292' title='bbox 995 2965 1111 3031; x_wconf 71' lang='lat' dir='ltr'>nnn</span> <span class='ocrx_word' id='word_1_293' title='bbox 1129 2941 1309 3032; x_wconf 67' lang='lat' dir='ltr'>facieS,</span> <span class='ocrx_word' id='word_1_294' title='bbox 1327 2939 1633 3032; x_wconf 75' lang='lat' dir='ltr'>habensque</span> <span class='ocrx_word' id='word_1_295' title='bbox 1651 2943 1823 3083; x_wconf 58' lang='lat' dir='ltr'>magis</span> 
     </span>
    </p>

    <p class='ocr_par' dir='ltr' id='par_1_10' title="bbox 1618 3043 1820 3106">
     <span class='ocr_line' id='line_1_36' title="bbox 1618 3043 1820 3106; baseline -0.02 -20"><span class='ocrx_word' id='word_1_296' title='bbox 1618 3045 1733 3106; x_wconf 80' lang='lat' dir='ltr'>pun</span> <span class='ocrx_word' id='word_1_297' title='bbox 1791 3043 1820 3082; x_wconf 74' lang='lat' dir='ltr'>a</span> 
     </span>
    </p>
   </div>
   <div class='ocr_carea' id='block_1_10' title="bbox 1885 3123 1888 3232">
    <p class='ocr_par' dir='ltr' id='par_1_11' title="bbox 1885 3105 1888 3232">
     <span class='ocr_line' id='line_1_37' title="bbox 1885 3123 1888 3232; baseline 0 0"><span class='ocrx_word' id='word_1_298' title='bbox 1885 3123 1888 3232; x_wconf 71' lang='lat' dir='ltr'>l</span> 
     </span>
    </p>
   </div>
  </div>
 </body>
</html>
