1888 3428
212 150 339 223 446
537 137 1527 201 PRocoerffisAREEan
1662 215 1665 216 ⁷

214 222 657 305 deprehendunt:
699 227 755 281 &
786 221 891 280 hoc
909 241 1132 302 quoque
1147 216 1361 285 ἔτειᾶο,
1407 216 1693 279 concidiffe
1721 243 1826 302 pu-

212 327 387 371 tarant
402 303 640 365 hostium
661 309 798 362 vires
815 345 833 373 ‚
865 325 933 362 ne
949 301 1185 361 secundo
1205 301 1429 382 quidem
1442 306 1825 381 experimento
1868 313 1870 315 ’

214 392 398 451 ecloffi
413 392 637 447 interius
657 388 876 445 latentia
893 389 1090 443 rimari.
1134 404 1257 441 cum
1276 404 1405 441 vero
1440 404 1595 464 capta
1613 386 1746 444 urbe
1767 405 1828 445 ut

214 476 324 535 dixi
344 513 364 540 ,
399 493 592 551 aquam
614 472 778 528 etiam
797 487 925 526 tunc
945 466 994 526 se
1015 465 1269 542 subjicere
1295 466 1547 526 viderunt
1566 508 1582 530 ,
1616 467 1830 526 stabant

212 559 362 619 velut
396 557 652 612 miraculo
683 549 922 632 perculsi.
965 571 1096 607 mox
1114 570 1183 608 eo
1218 552 1373 628 quod
1405 568 1516 607 erat
1548 549 1577 607 ὲ
1607 553 1829 628 captivis

212 656 468 720 percepto
491 677 506 699 ,
538 643 592 694 &
628 634 864 692 hostium
885 637 941 690 in
963 654 1031 689 eo
1049 653 1213 710 opere
1243 631 1579 690 sedulitatem
1608 638 1662 689 &
1681 632 1829 693 suam
1876 660 1883 680 1

191 721 600 801 'negligentiam
619 717 735 775 sero
756 758 772 785 ‚
809 717 1073 795 nulloque
1087 721 1201 792 jam
1224 712 1317 771 usu
1337 734 1667 794 cognovere.
1715 717 1830 774 Ca-

213 809 392 884 ptivos
420 799 548 859 Besa
570 800 636 858 ad
665 805 1055 878 Imperatorem
1084 795 1224 855 mifit
1243 816 1470 854 omnes:
1514 801 1682 855 Petrae
1698 819 1829 857 mae-

209 890 304 944 ,nia
322 888 553 964 aequavit
570 882 686 939 solo
705 923 724 950 ‚
771 902 839 938 ne
874 879 998 938 inde
1031 884 1089 937 in
1122 878 1397 960 posterum
1431 883 1718 960 negotium
1753 884 1829 939 rei

212 968 479 1025 Romanae
520 964 685 1022 hostis
716 960 1000 1020 facesseret.
1054 963 1359 1041 Exceptum
1386 962 1624 1042 benigne
1653 961 1828 1041 ipsum

212 1049 536 1108 Iustinianus
552 1046 786 1104 laudavit
817 1048 1028 1103 virtutis
1048 1044 1451 1124 prudentiaeque
1470 1065 1603 1124 ergo
1622 1086 1639 1112 ‚
1675 1044 1751 1102 ob
1774 1043 1831 1104 id

172 1203 173 1209 ¹
216 1135 453 1191 maxime
474 1129 624 1207 quod
643 1130 900 1185 maenium
934 1125 1064 1184 nihil
1099 1129 1364 1205 reliquum
1397 1125 1602 1183 fiviffet.
1645 1128 1727 1184 Ex
1759 1148 1829 1184 eo

213 1214 344 1273 Besa
360 1231 480 1271 tum
501 1208 769 1267 felicitatis
806 1206 905 1267 suae
938 1226 1058 1265 tum
1093 1214 1147 1264 &
1179 1212 1364 1287 magni
1397 1211 1562 1265 animi
1597 1213 1829 1287 pretium

214 1296 404 1355 habuit
422 1335 440 1362 ‚
479 1291 544 1349 ab
564 1289 823 1349 omnibus
842 1287 1049 1369 suspici.
1095 1292 1228 1346 Sane
1247 1295 1301 1346 &
1320 1310 1445 1347 cum
1476 1290 1674 1347 Romae
1695 1312 1829 1371 praee-

214 1379 349 1439 fidio
378 1373 663 1455 impolitus
697 1370 856 1439 estet,
891 1393 1144 1452 magnam
1175 1374 1231 1428 in
1252 1393 1317 1429 eo
1339 1370 1485 1452 spem
1505 1413 1522 1440 ,
1555 1372 1631 1431 ob
1651 1377 1831 1453 priora

215 1460 381 1521 fortia
396 1455 532 1515 faeta
550 1498 567 1526 ,
584 1453 873 1537 posuerant
887 1457 1149 1513 Romani.
1182 1451 1271 1511 sed
1290 1475 1413 1512 cum
1436 1452 1621 1533 postea
1636 1475 1719 1523 res
1738 1476 1829 1513 ce-

216 1540 461 1603 cidiffent
492 1536 852 1619 improspere,
883 1535 1114 1611 Romaa
1149 1537 1381 1595 Gotthis
1398 1555 1549 1618 capta
1567 1578 1585 1606 ,
1621 1555 1682 1596 ut
1703 1559 1830 1596 nar-
1883 1598 1885 1601 ,

216 1629 331 1686 ravi
350 1623 510 1703 alibi,
560 1619 776 1700 ipsaque
810 1621 1062 1679 Romana
1093 1618 1245 1699 stirpe
1281 1641 1427 1699 paene
1455 1624 1610 1678 omni
1640 1618 1828 1686 excisa,

218 1708 472 1788 quamvis
499 1702 567 1760 fic
595 1700 864 1759 reversum
902 1705 960 1760 in
998 1704 1171 1758 aulam
1203 1705 1480 1780 Byzantii,
1527 1708 1829 1782 Imperator

221 1791 370 1850 bello
408 1791 464 1845 in
497 1781 674 1843 Persas
708 1781 1026 1862 praefecerat.
1070 1803 1167 1839 nec
1200 1780 1372 1841 ferme
1401 1802 1520 1841 tum
1541 1781 1828 1864 quisquam

221 1892 371 1936 erat,
404 1872 502 1948 qui
535 1887 651 1924 non
684 1865 790 1922 hoc
826 1868 1172 1944 Imperatoris
1190 1864 1454 1940 judicium
1487 1866 1827 1925 criminando

219 1974 312 2016 aut
344 1973 438 2030 per
467 1945 675 2008 irrisum
702 1948 1072 2014 insectaretur,
1108 1944 1248 2004 Besae
1265 1946 1458 2006 scilicet
1475 1947 1841 2006 Gotthorum

219 2041 402 2097 Marte
435 2032 680 2109 superato
714 2029 1098 2108 decrepitoque
1125 2028 1411 2088 Medicum
1444 2030 1680 2089 mandari
1711 2031 1827 2088 bel-

219 2120 412 2179 lumin
440 2112 554 2193 ipso
593 2115 713 2169 vitae
743 2110 951 2170 occasu.
992 2113 1125 2170 Haec
1145 2134 1261 2192 quae
1288 2134 1462 2191 prope
1484 2134 1677 2170 omnes
1706 2110 1827 2170 sen-

222 2203 393 2262 serant
410 2240 427 2265 ,
462 2197 644 2254 revicit
663 2211 888 2251 eventus
908 2234 925 2262 ‚
951 2215 1063 2271 quo
1085 2194 1193 2252 dux
1212 2196 1297 2252 ille
1319 2213 1379 2252 ut
1408 2191 1723 2252 fortissimus
1751 2199 1826 2252 ita

218 2292 278 2343 &
308 2278 639 2341 felicissimus
665 2280 919 2355 apparuit,
961 2274 1027 2333 fic
1046 2298 1163 2355 non*
1182 2298 1280 2355 pro
1301 2277 1592 2335 hominum
1610 2281 1826 2357 opinio-

223 2361 293 2426 ne
314 2408 330 2428 ,
363 2362 450 2421 sed
465 2379 524 2417 ut
542 2362 669 2416 Deo
689 2357 859 2417 visum
879 2380 958 2416 res
982 2359 1298 2417 mortalibus
1320 2360 1617 2438 procedunt
1632 2400 1650 2424 ,
1671 2359 1826 2438 quod
1877 2378 1884 2384 ·

222 2448 504 2516 fortunam
541 2461 730 2501 vocare
764 2460 885 2497 mos
915 2439 1234 2498 hominibus
1270 2483 1287 2508 ‚
1332 2444 1528 2522 ignaris
1563 2446 1715 2517 cujus
1747 2446 1826 2499 rei

226 2529 377 2589 causa
409 2527 726 2608 proveniant
757 2545 815 2579 ea
836 2544 953 2602 quae
982 2522 1076 2601 ipfi
1102 2522 1454 2602 conspiciunt.
1499 2525 1644 2580 Nam
1672 2524 1826 2603 quod

224 2612 506 2671 insolitum
544 2605 618 2664 est
652 2608 701 2662 ei
735 2626 1031 2684 congruere
1064 2607 1296 2663 creditur
1329 2602 1561 2665 fortunae
1595 2627 1824 2664 nomen.

226 2695 317 2753 sed
346 2695 413 2751 de
450 2689 529 2747 his
560 2692 634 2745 ita
667 2684 891 2766 quisque
926 2704 987 2743 ut
1017 2687 1111 2766 ipsi
1132 2687 1263 2745 libet
1290 2687 1527 2746 aestimet.
1572 2692 1652 2746 At
1670 2689 1825 2746 Mer-

226 2795 440 2836 meroes
457 2771 665 2830 dudum
685 2768 936 2826 sollicitus
953 2810 969 2835 ,
1001 2789 1068 2825 ne
1087 2770 1351 2828 derelicffls
1380 2771 1548 2829 Persis
1565 2792 1624 2828 ac
1652 2775 1826 2828 Petrae

226 2860 490 2936 temporis
508 2871 657 2914 mora
676 2855 874 2910 malum
893 2849 1146 2913 adferret,
1179 2856 1331 2909 omni
1351 2873 1475 2911 cum
1499 2856 1736 2912 exercitu
1752 2869 1826 2908 eo-
1858 2888 1860 2890 >

228 2939 497 3003 incesserat
518 2977 537 3010 2
569 2952 798 2999 vocante
830 2932 937 3014 ipsa
956 2955 1178 3015 quoque
1208 2938 1331 2994 anni
1360 2935 1671 3018 tempestate
1701 2930 1824 3013 post

1615 3015 1824 3093 hyemis
1886 3024 1888 3075 l
