1888 3428
1398 106 1426 119 Q

268 204 307 256 6
568 199 970 256 PRocopu
1029 189 1663 252 CAESAREENSIS'ET

269 275 427 337 nubii
460 278 632 358 ripam
666 299 829 358 agros
861 277 1040 357 adepti
1070 275 1225 338 sunt,
1256 296 1399 355 quos
1425 280 1480 332 δε
1511 278 1659 332 nunc
1675 284 1879 337 tenent&

274 361 619 418 Caeterorum
646 403 663 430 ‚
692 359 1038 442 Wifigotthi
1072 360 1176 417 suis
1209 354 1399 439 egreffi
1427 355 1882 429 sedibussArcadfi

271 445 527 524 principis
542 443 853 502 societatem
874 465 1000 500 cum
1018 439 1739 520 induiffent,aliquan'to'post
1752 449 1888 510 term!

272 546 410 607 pore
428 568 445 595 ,
478 538 539 584 'ut
558 550 672 585 non
708 525 783 584 est
820 525 1072 583 constans
1092 525 1329 581 barbaris
1356 527 1412 580 in
1429 519 1888 594 Romanos-fide&

274 608 412 667 duce
431 609 686 668 Alaricho
707 613 920 689 utrique
949 615 1355 685 Imperatorum
1375 603 1592 686 possessa
1610 591 1888 683 inhiant&

274 692 556 772 Europam
579 684 753 773 prope
775 712 1003 754 omnem
1023 734 1037 755 ,
1073 688 1101 745 a
1120 690 1353 746 Thracia
1371 687 1475 746 orfi
1492 728 1506 755 -‚
1523 685 1888 766 hostiliter-ha?

188 844 192 847 Α
273 773 535 833 buerunt.
577 779 733 833 Alter
769 775 1072 853 principum
1109 775 1400 830 Honorius
1443 765 1888 834 Romaedesrdefflf

249 892 253 893 ν
277 856 347 917 de
365 857 511 915 bello
534 858 667 915 nihil
685 857 979 937 cogitabat,
995 856 1115 911 satis
1132 876 1327 934 nempe
1345 854 1650 913 existimans
1667 846 1888 922 ,fiintffi

276 940 535 1016 palatium
568 944 811 1020 quietam
847 960 1004 1020 agere
1038 941 1201 996 vitam
1237 937 1514 996 sineretur.
1572 940 1652 995 At
1671 935 1765 993 ubi
1786 945 1888 1013 ndu*

279 1024 447 1103 [longe
483 1023 694 1082 barbari
730 1027 786 1080 in
817 1023 1121 1083 Taulantiis
1155 1024 1368 1102 ingenti
1400 1042 1526 1080 cum
1543 1022 1781 1095 exercitu
1802 1013 1888 1091 effi⁴

279 1106 673 1164 nuntiabantur
687 1148 704 1174 ,
725 1103 928 1164 deserta
949 1108 1111 1186 regia,
1130 1102 1317 1185 fugam
1337 1104 1648 1164 indecoram
1667 1093 1883 1180 capien'ss

281 1186 604 1247 Ravennam
639 1191 813 1247 tendit
847 1229 864 1255 ‚
904 1188 1096 1245 urbem
1130 1183 1358 1244 validam
1379 1229 1396 1256 ,
1426 1190 1483 1244 in
1518 1189 1715 1244 ultimo
1755 1173 1884 1241 ficar}

284 1271 466 1331 Adriae
488 1270 700 1328 receffu.
737 1270 858 1327 sunt
878 1277 931 1326 &
951 1274 1046 1348 qui
1067 1270 1133 1326 ab
1153 1269 1269 1349 ipso
1290 1272 1488 1326 accitos
1505 1261 1764 1348 barbaros
1778 1269 1884 1322 na?-

282 1373 424 1421 rant,
439 1357 663 1411 incitato
680 1351 899 1411 suorum
918 1350 1179 1409 seditione
1199 1377 1212 1410 :
1231 1350 1320 1408 sed
1340 1347 1884 1431 mihi,quantum-qifi·

287 1435 413 1493 dem
441 1439 746 1516 exingenio
768 1441 881 1512 ejus
898 1438 1150 1514 principis
1163 1435 1401 1511 judicare
1420 1429 1598 1501 datur,
1615 1433 1669 1491 id
1689 1453 1805 1489 non
1820 1435 1884 1489 -vl-

288 1517 448 1575 detur
467 1519 735 1576 credibile.
780 1522 860 1575 At
880 1517 1090 1577 barbari
1110 1562 1124 1582 ‚
1149 1519 1293 1575 nulla
1311 1521 1362 1575 vi
1378 1516 1618 1574 hostium
1640 1511 1881 1594 oppofiffi

289 1603 348 1656 in·
367 1601 733 1677 crudelitatem
754 1600 957 1656 efferati
975 1640 992 1666 ‚
1010 1620 1142 1679 quas
1161 1619 1431 1677 caeperunt
1449 1599 1608 1660 urbes
1626 1602 1697 1655 ita
1715 1598 1884 1675 tracta-

291 1701 419 1742 runt
446 1723 460 1744 2
496 1702 555 1740 ut
575 1683 638 1740 ad
660 1680 839 1739 nostra
863 1679 1029 1760 usque
1058 1695 1308 1760 tempora
1336 1683 1479 1739 nulla
1501 1702 1685 1738 earum
1707 1690 1884 1736 monu-

292 1784 476 1823 menta
493 1761 771 1844 supersint,
792 1767 922 1822 citra
939 1762 1164 1821 Adriam
1186 1767 1419 1821 maxime
1437 1805 1452 1831 ‚
1473 1762 1568 1820 nifi
1586 1761 1729 1820 forte
1750 1763 1885 1819 turrii

293 1865 397 1905 aut·
419 1867 576 1926 porta
606 1852 781 1927 aliqua
815 1846 1009 1914 alicubi
1041 1846 1196 1904 restat
1233 1870 1245 1902 :
1280 1845 1534 1903 homines
1565 1868 1695 1904 vero
1717 1843 1884 1901 obvio:

296 1951 493 1987 omnes
513 1929 849 1987 trucidarunt
870 1971 887 1998 ,
908 1934 1136 2005 juvenes
1152 1927 1403 2008 senesque
1425 1970 1441 1997 ‚
1471 1951 1538 1986 ne
1555 1926 1774 1986 feminis
1789 1928 1884 2006 (1ύῖ-

296 2014 420 2070 dem
457 2034 554 2070 nec
587 2017 767 2092 pueris
801 2029 1074 2091 parcentes
1106 2032 1119 2066 :
1156 2011 1299 2069 unde
1318 2033 1464 2069 nunc
1481 2033 1707 2091 quoque
1726 2009 1884 2067 homi-

297 2117 432 2153 num
467 2101 646 2152 tenuis
677 2117 769 2174 per
800 2099 1001 2152 Italiam
1039 2097 1193 2172 copia
1235 2094 1310 2151 est
1344 2118 1357 2152 :
1401 2099 1611 2174 rapinas
1646 2093 1884 2156 autem'ei

299 2182 466 2238 omni*
483 2181 708 2256 vEuropa
743 2198 899 2257 egere
937 2181 1211 2233 maximas.
1268 2178 1466 2236 Romae
1498 2181 1758 2257 praecipue
1787 2187 1884 2253 cu-”u

299 2261 435 2318 nibil
470 2260 794 2340 reliquiss'ent
824 2257 1022 2338 publici
1052 2262 1351 2338 privative,
1384 2261 1564 2318 abiere
1596 2264 1653 2316 in
1691 2259 1884 2315 Gallias

303 2345 618 2421 Qmodo
640 2364 768 2399 vero
789 2344 1030 2401 Romam
1056 2342 1336 2399 Alarichus
1362 2348 1560 2421 ceperit
1577 2383 1596 2411 ,
1625 2340 1884 2405 tacendun

303 2426 438 2483 mibi
456 2447 569 2482 non
590 2426 836 2482 arbitror.
886 2425 1033 2502 Cum
1053 2427 1217 2505 longa
1235 2426 1532 2483 traheretur
1550 2423 1763 2481 obsidio
1779 2464 1794 2488 ,
1816 2432 1884 2480 ise«

302 2518 398 2565 aut
416 2510 468 2566 vi
486 2528 576 2565 aut
594 2527 701 2566 arte
721 2527 905 2585 capere
924 2506 1177 2585 potuiffet
1200 2508 1412 2575 urbem,
1432 2508 1496 2566 ad
1511 2507 1615 2564 hoc
1631 2520 1884 2583 commen

305 2596 427 2654 'tum
444 2594 694 2649 vertitur.
714 2664 716 2666 v
735 2586 914 2647 Lectis
945 2590 1011 2647 de
1046 2593 1201 2647 omni
1235 2594 1471 2647 exercitu
1491 2589 1796 2669 puberum,
1824 2585 1883 2669 set

303 2671 617 2752 investium,
638 2674 908 2740 trecentiS‚
931 2693 1069 2751 quos
1091 2679 1143 2730 ὃ(
1164 2671 1393 2729 honesto
1411 2674 1538 2730 loco
1558 2690 1717 2729 natos
1735 2682 1888 2727 nor-at:

306 2762 364 2814 δε
393 2754 548 2835 supra
566 2775 777 2820 aetatem
808 2757 1020 2812 virtutis
1042 2752 1288 2817 accensos
1307 2754 1486 2812 studio
1512 2797 1530 2823 ,
1563 2757 1698 2812 clam
1717 2752 1888 2830 indica

306 2840 441 2898 velle
475 2837 524 2896 se
557 2837 698 2917 ipsos
728 2858 828 2918 pro
853 2836 1010 2894 servis
1043 2838 1193 2894 dono
1227 2837 1348 2894 dare
1372 2839 1638 2908 Romanis
1655 2835 1883 2914 primaria

305 2920 713 3001 dignitati5,qui
733 2923 937 2998 patricii
956 2938 1237 2988 vocantur,
1257 2922 1544 2999 imperium
1566 2918 1799 2989 addidit,
1817 2912 1882 2974 tib

303 3006 364 3072 in
383 3018 579 3067 eorum
608 3001 865 3069 veniffent
891 3003 1091 3071 domos
1109 3044 1127 3074 ‚
1159 3021 1220 3062 ut
1250 3000 1521 3067 modestiae
1539 3004 1888 3085 patientiaeqm

293 3116 298 3122 ,
431 3121 434 3124 .
1697 3097 1882 3142 memo·
