1888 3428
141 181 233 219 An
262 160 585 219 GOTTHo
605 181 627 217 s
670 165 1133 233 P‘ERTINENTI
1152 164 1421 219 s‘L113.I.
1507 183 1621 240 549

14 245 171 301 niret.
216 245 380 301 Nunc
400 261 588 301 contra
619 260 866 300 evenerat
902 285 917 306 ,
963 260 1022 297 ut
1053 243 1335 322 illislonge
1357 244 1619 324 digreffi8‚

15 329 109 404 qui
145 325 351 402 Narseti
388 326 603 382 aderant
638 327 793 402 primi
825 322 889 379 ad
930 321 1163 379 hostium
1203 327 1312 379 vim
1350 345 1612 401 paterent.

13 408 164 486 quod
187 410 407 464 minime
423 408 754 464 tolerandum
775 424 916 461 ratus
935 445 950 471 ‚
981 402 1118 461 mifit
1135 405 1200 462 ad
1216 405 1429 462 eosdem
1449 407 1612 465 duces

11 486 295 545 hominem
318 488 412 546 fibi
430 486 784 553 familiarem,'
808 488 892 542 cui
920 481 1125 543 nomen
1147 485 1481 564 StephanuS,
1516 511 1612 566 pa-

11 571 110 626 tria
128 571 459 648 Epidamnus
475 572 693 648 Illyrica,
710 568 1167 647 qui-exprobraret
1184 567 1306 646 ipfis
1323 571 1611 647 ignaviam,

11 669 365 732 apertumque
397 649 592 709 faceret
610 653 777 707 teneri
797 671 892 705 eos
911 649 1122 709 desertae
1140 650 1446 728 reipublicae
1464 691 1482 717 ‚
1513 651 1611 709 nisi

9 732 75 790 ad
106 737 363 811 imperata
395 736 510 790 loca
542 734 808 789 continuo
829 732 1079 789 redirent.
1123 730 1425 810 Stephanus
1453 754 1611 790 man-

9 814 128 872 data
144 815 483 873 exsecuturus
500 853 517 880 ,
546 810 781 870 assumtis
796 813 1069 891 equitibus
1083 814 1329 871 ducentis
1347 813 1612 891 praestanti

9 899 207 967 yirtute
226 917 383 977 atque
404 899 594 963 armis,
631 900 997 974 properatiter
1024 895 1222 954 laboris
1253 918 1310 954 ac
1343 895 1607 954 sollicitu-

8 978 147 1036 dinis
165 983 395 1054 plenum.
439 984 564 1036 Pars
582 982 729 1035 enim
748 979 1076 1035 Francorum
1096 980 1215 1036 illes
1244 999 1464 1058 campos
1482 1001 1611 1058 per-

8 1059 245 1117 cursabat
265 1100 279 1121 ‚
292 1064 484 1139 partim
504 1059 682 1139 pabuli
701 1102 717 1126 ‚
736 1061 928 1138 partim
949 1060 1132 1138 praedae
1156 1082 1219 1118 ex
1241 1065 1379 1140 agris
1396 1061 1607 1140 raptan-

7 1141 82 1198 dae
99 1141 263 1199 causa.
306 1142 381 1202 ob
409 1143 460 1198 id
499 1144 668 1199 ηοᾶυ
689 1145 1007 1221 plerumque
1026 1142 1321 1222 pergebant
1341 1146 1611 1212 Romani,

4 1225 320 1304 conglobati
338 1229 475 1281 inter
491 1223 539 1281 se
562 1230 614 1281 &
637 1225 844 1281 vicibus
863 1244 1010 1304 terga
1027 1223 1293 1282 servantes
1311 1267 1326 1286 ‚
1361 1245 1418 1281 ut
1438 1267 1452 1286 ,
1481 1225 1516 1282 fi
1535 1249 1607 1283 0-

6 1326 106 1383 pus
141 1304 267 1367 esset
289 1349 302 1369 ,
334 1308 512 1385 praelio
551 1309 926 1362 invenirentur
949 1327 1062 1362 non
1086 1311 1349 1386 imparati.
1393 1309 1603 1365 Audire

4 1404 117 1444 erat
131 1390 357 1446 ululatus
374 1386 659 1468 agrestium
680 1428 696 1455 ‚
730 1394 781 1445 &
803 1388 975 1445 boum
995 1392 1087 1467 qui
1110 1389 1465 1468 abigebantur
1485 1411 1605 1446 mu-

3 1470 186 1547 gituS,
219 1477 273 1527 δε
304 1467 574 1550 fragorem
608 1470 863 1526 arborum
886 1469 1002 1549 quae
1034 1472 1384 1529 caedebantur.
1438 1475 1602 1530 Tales

4 1555 147 1608 inter
179 1552 424 1630 strepitus
461 1572 599 1630 aegre
631 1554 944 1609 Faventiam
978 1557 1029 1608 &
1053 1554 1116 1611 acl
1135 1557 1393 1611 exercitus
1412 1575 1603 1631 perve-

4 1652 149 1689 nere.
193 1634 442 1691 Ducibus
461 1631 755 1709 conspectis
775 1633 1073 1712 Stephanus
1092 1677 1108 1701 ,
1130 1631 1259 1713 quid
1278 1635 1475 1714 egisti5‚
1494 1638 1600 1693 ait?

6 1714 101 1770 ubi
120 1734 322 1772 veteres
338 1719 519 1794 gloriae
535 1757 551 1782 ‚
569 1716 660 1771 ubi
680 1737 940 1771 novarum
964 1718 1306 1772 vifftoriarum
1327 1714 1603 1795 promissa?

3 1797 293 1875 quomodo
311 1801 513 1853 Lucam
548 1800 718 1874 capiet
753 1804 804 1853 ὃ(
837 1800 909 1853 cis
940 1800 1298 1875 Apenninum
1327 1797 1417 1875 fita
1448 1819 1605 1878 paca-

4 1877 86 1935 bit
100 1878 288 1936 Narses
305 1919 320 1940 ‚
344 1877 377 1935 fi
397 1900 517 1945 VOS,
535 1900 647 1934 non
669 1881 816 1946 aliter
832 1901 993 1957 quam
1016 1903 1077 1937 ex
1103 1901 1396 1946 convent0‚
1414 1880 1605 1954 transi-5
1661 1952 1664 1956 ι

4 1978 119 2017 tum
140 1955 278 2017 ho'sti
298 1961 431 2017 datis
450 2005 463 2024 ,
500 1966 554 2017 &
574 1962 830 2039 quicquid
851 1965 894 2017 ei
917 1962 1067 2019 lubet
1087 1984 1241 2043 agere
1268 1964 1500 2020 liberum
1519 1961 1603 2020 fa—

3 2045 157 2101 citis?
183 2044 370 2122 Etego
388 2043 608 2122 quidem
629 2042 758 2100 nihil
776 2044 1149 2102 inclementius
1167 2045 1361 2112 dicam,
1380 2044 1466 2102 sed
1483 2067 1600 2102 non

2 2122 227 2183 'deerunt
241 2123 382 2182 forte
402 2128 495 2202 qui
517 2127 784 2205 ignaviam
804 2125 855 2181 id
884 2144 1080 2183 vocent
1099 2169 1114 2193 ‚
1150 2146 1603 2207 contemtumque

3 2203 135 2263 boni
156 2208 371 2284 publici.
414 2208 487 2263 Ni
507 2211 799 2285 properatis
816 2213 1064 2266 Parmam
1085 2210 1253 2266 redire
1271 2251 1290 2276 ,
1334 2232 1448 2266 non
1464 2209 1600 2267 defi-

2 2307 96 2345 net
112 2289 300 2348 Narses
335 2287 479 2345 irasci
499 2288 657 2346 vobis
676 2295 727 2346 δέ
762 2293 1026 2366 imputare
1044 2290 1214 2370 siquid
1234 2295 1366 2349 ultra
1394 2293 1516 2349 mali
1539 2313 1599 2348 e-

4 2375 228 2428 venerit.
274 2366 426 2428 fimul
456 2377 509 2427 &
527 2368 632 2428 hoc
652 2371 826 2427 videte
848 2416 861 2435 ‚
896 2394 962 2428 ne
996 2379 1454 2451 &Imperatorem
1478 2371 1597 2430 sen-

3 2454 525 2532 tiatisimplacatum.
570 2455 702 2527 Satis
734 2454 1107 2534 intelligebant
1137 2457 1329 2523 duce3‚
1358 2457 1598 2512 Narsetis

4 2535 184 2592 audire
201 2538 250 2591 se
270 2534 429 2592 verba
448 2575 462 2599 ‚
498 2555 675 2614 neque
695 2534 866 2593 dicere
886 2553 1134 2614 peterant
1155 2558 1245 2615 per
1273 2541 1520 2612 injuriam
1542 2533 1596 2593 se

4 2615 296 2697 objurgari.
337 2614 698 2674 excusationes
725 2635 906 2674 tamen
934 2619 1191 2696 quasdam
1219 2619 1598 2676 obtendebant

3 2693 149 2757 fafio
167 2739 182 2761 ,
198 2696 342 2778 quasi
360 2700 529 2755 coacti
546 2701 802 2778 emigrare
818 2739 836 2765 ,
862 2701 1011 2778 quod
1027 2704 1081 2756 in
1099 2705 1287 2767 vicinis
1300 2708 1498 2759 Parmae
1517 2704 1599 2757 lo-

7 2782 82 2835 cis
95 2783 343 2838 alimenta
360 2801 472 2836 non
488 2779 782 2838 sufficerent
803 2784 986 2850 militi,
1017 2804 1193 2860 neque
1208 2805 1338 2840 vero
1353 2780 1597 2839 adfuisset

0 2862 313 2920 Antiochus
333 2861 576 2940 magister
594 2865 826 2919 militum
846 2904 862 2930 ‚
882 2866 966 2920 cui
988 2885 1123 2921 curae
1141 2868 1260 2922 talia
1278 2906 1293 2926 ,
1312 2886 1486 2942 neque
1504 2863 1598 2919 sti-

7 2944 198 3023 pendia
210 2945 273 3004 de
290 2965 440 3002 more
460 2942 724 3024 persoluta
742 2944 919 3003 effcnt.
963 2946 1265 3024 Stephanus
1281 2948 1598 3011 Ravennam

923 3027 990 3083 M
1008 3049 1059 3084 m
1108 3050 1131 3104 3
1539 3043 1601 3080 ut
