1888 3428
250 169 361 253 3'82
567 175 951 236 Pnocopn
993 163 1544 229 emmenum

239 250 512 332 duriffima
543 275 667 313 cum
699 257 863 333 patiar
879 294 897 321 ‚
940 273 1056 310 non
1080 251 1374 309 misereris:
1418 273 1674 333 egossvero
1692 272 1846 316 tuam
1865 275 1868 279 ·

241 338 408 395 doleo
427 340 597 395 vicem
618 376 636 402 ‚
670 358 795 394 cum
814 354 1097 414 utramque
1113 332 1336 413 respicio
1356 356 1582 392 uxorem
1597 375 1615 402 ‚
1661 342 1715 394 &
1730 355 1849 397 eam

238 428 350 500 qua
371 437 558 478 contra
575 418 653 477 fas
669 419 908 498 spoliaris
922 460 940 487 ‚
964 423 1017 475 δε
1037 438 1153 474 eam
1174 457 1192 484 ,
1237 419 1462 496 quicum
1482 433 1574 497 per
1591 422 1701 476 vim
1720 440 1850 477 con-

236 503 460 580 junc‘t'tus
479 524 552 559 es·
601 506 677 559 At
694 519 835 558 certe
853 539 871 570 -‚
902 504 988 558 cui
1009 499 1206 578 aliquid
1225 496 1287 558 fit
1306 503 1505 557 mentis
1520 503 1613 567 ‚is
1639 521 1755 559 non
1772 502 1850 559 est

240 607 339 642 cur
371 583 645 642 Iustiniani
678 584 875 642 caedem
906 601 997 641 aut
1031 598 1180 639 metu
1217 599 1308 639 aut
1341 583 1554 662 pigritia
1571 580 1814 664 defugiat
1830 626 1848 652 ,

235 666 484 724 hominis
515 666 651 724 soliti
682 665 1032 724 incustoditas
1065 664 1258 723 nocstes
1274 660 1466 722 fabulis
1483 683 1652 723 terere
1671 706 1687 728 ,
1717 666 1851 724 dum

239 747 578 807 sacerdotum
613 770 738 806 cum
775 748 1054 828 decrepitis
1090 746 1372 804 confidens
1415 746 1850 806 Christianorum

241 834 458 889 oracula
476 830 652 889 studet
670 832 939 888 evolvere.
980 830 1111 909 quid
1129 828 1281 909 quod
1302 849 1402 886 nec
1419 829 1695 888 Iustiniani
1720 834 1861 909 pro«.

242 918 580 995 pinquorum
600 916 887 993 quisquam
914 911 1015 969 tibi
1033 910 1107 969 est
1127 910 1426 969 obstiturus
1449 934 1482 973 ε,
1503 933 1698 971 eorum
1718 934 1849 972 vero

243 994 650 1077 potentiffimus
679 994 829 1053 facile
858 997 1173 1053 Germanus
1205 997 1370 1067 etiarn
1401 995 1614 1071 adjutor
1641 994 1742 1053 tibi
1759 992 1852 1054 fu-

244 1097 401 1135 turus
419 1100 541 1135 cum
562 1075 683 1133 filiis
697 1117 714 1144 ‚
745 1083 800 1134 ὃς
817 1082 1041 1151 juventa
1056 1078 1201 1134 &ira
1219 1076 1528 1134 ardentibus
1543 1119 1558 1145 ‚
1575 1098 1715 1157 quos
1733 1099 1852 1136 cer-

246 1178 299 1218 te
319 1183 425 1241 ego
443 1158 602 1237 ipsius
615 1161 776 1215 etiam
797 1162 978 1237 operis
994 1157 1302 1215 societatem
1315 1162 1705 1238 concupituros
1722 1181 1852 1218 con-
1881 1227 1887 1229 ξ

176 1279 177 1282 =
245 1241 361 1300 fido
382 1283 398 1308 ‚
431 1260 490 1298 ut
508 1243 599 1319 qui
617 1243 832 1320 gravius
850 1241 917 1296 ab
945 1261 1011 1297 eo
1032 1239 1132 1298 laefi
1152 1239 1254 1295 fint
1272 1281 1288 1306 ‚
1311 1261 1476 1319 quam
1496 1258 1587 1298 aut
1605 1262 1706 1298 nos
1723 1284 1740 1310 ,
1760 1261 1853 1301 aut

245 1325 544 1382 Armenius
571 1326 882 1401 quisquam.
924 1322 1159 1379 Talibus
1184 1322 1523 1379 Artabanern
1559 1324 1843 1402 quotidie&

244 1405 294 1465 se
313 1404 625 1486 instigatum
652 1402 873 1462 Arsaces
893 1422 953 1463 ut
968 1402 1112 1463 fleffl
1130 1401 1284 1462 senfit
1301 1441 1319 1473 ,
1351 1425 1466 1462 rem
1484 1403 1854 1466 Persarmenio

244 1492 422 1556 alteri,
456 1490 542 1545 cui
562 1487 944 1566 Chanaranges
963 1504 1205 1556 nomen,
1224 1491 1412 1567 aperit·
1453 1489 1581 1564 Erat
1592 1488 1678 1547 hic
1702 1486 1858 1548 Cha-·
1882 1486 1887 1490 ⁷

245 1592 506 1650 naranges
522 1569 826 1629 adolescens
843 1569 1105 1650 speciosus
1122 1590 1351 1646 corpore
1370 1611 1387 1637 ‚
1418 1569 1534 1628 serii
1551 1574 1641 1631 vix
1658 1587 1819 1651 capax
1832 1608 1850 1640 5

245 1654 463 1711 ludicris
497 1652 753 1710 addicffus.
797 1655 966 1710 Hunc
986 1653 1080 1711 ubi
1111 1652 1330 1710 Arsaces
1347 1653 1610 1711 Artabani
1637 1657 1692 1712 in
1713 1676 1852 1712 con-

246 1735 356 1792 filia
373 1734 785 1813 sermonemque
804 1733 1023 1792 sociavit
1040 1777 1057 1803 ‚
1091 1734 1222 1791 abiit
1241 1736 1508 1812 pollicitus
1525 1733 1851 1794 effe&urum

245 1816 296 1875 se
319 1834 379 1877 ut
412 1822 467 1874 δε
503 1818 814 1873 Germanus
831 1822 883 1874 &
918 1815 1010 1874 filii
1042 1821 1154 1891 ejus
1185 1814 1422 1889 ejusdem
1451 1817 1711 1897 propositi
1729 1839 1852 1897 par-a

248 1903 436 1977 ticipes
468 1896 673 1956 fierent.
714 1899 842 1954 Erat
859 1901 1004 1956 enim
1032 1897 1261 1956 Iustinus
1290 1903 1462 1974 major
1497 1901 1762 1957 Germani
1779 1899 1849 1959 fia·-

247 1984 447 2039 liorum
471 1979 759 2057 pubescens
777 1981 1071 2058 primulum
1086 1983 1300 2055 juvenis
1320 2022 1335 2042 ‚
1371 1979 1458 2039 sed
1479 1984 1639 2039 animi
1659 2003 1775 2039 acer
1794 1990 1850 2041 &
1873 1980 1876 1983 ’

248 2060 496 2120 aestuosus
515 2104 531 2129 ,
563 2083 842 2142 nuperque
862 2064 925 2120 ad
946 2061 1277 2120 consularem
1295 2063 1566 2121 honorem
1587 2085 1851 2143 pei-vene*

249 2155 347 2203 rat.
390 2144 481 2203 Ad
500 2166 622 2201 eum
642 2163 702 2200 ut
720 2148 867 2202 venit
887 2143 1102 2202 Arsaces
1122 2186 1138 2212 ‚
1173 2166 1368 2224 cupere
1388 2144 1438 2205 se
1471 2150 1544 2204 ait
1563 2168 1686 2204 curn
1707 2169 1774 2204 eo
1793 2148 1873 2205 inst

249 2232 361 2287 aede
379 2229 552 2305 aliqua
569 2228 828 2306 colloqui.
869 2234 929 2284 In
946 2230 1129 2285 locum
1148 2226 1348 2286 sacrum
1373 2248 1430 2285 ut
1452 2248 1728 2298 venerant,
1750 2230 1851 2292 ob<

248 2313 375 2367 nixe
408 2307 435 2365 a
462 2309 664 2388 Iustino
699 2312 834 2386 petit
859 2309 1078 2367 Arsaces
1113 2312 1486 2387 jusjurandum
1509 2353 1526 2379 ,
1563 2316 1770 2369 nemini
1798 2311 1850 2369 se

251 2392 562 2450 mortalium
580 2392 709 2471 quid
724 2391 1003 2450 auditurus
1022 2390 1146 2449 esset
1164 2433 1180 2457 ‚
1216 2413 1567 2473 praeterquam
1586 2397 1718 2473 patri
1738 2434 1755 2462 ‚
1787 2412 1867 2451 e-·

251 2477 642 2532 nuntiaturum.
686 2473 742 2531 id
778 2495 902 2530 cum
937 2473 1245 2561 praestitiffet
1271 2479 1483 2550 juvenis
1500 2518 1518 2545 ‚
1559 2476 1850 2554 exprobrat

247 2554 465 2616 Arsaces
497 2555 648 2636 quod
680 2561 1064 2634 Imperatorem
1098 2556 1366 2638 sanguinis
1395 2561 1709 2638 propinquo
1727 2579 1849 2639 gra-

245 2638 321 2696 du
355 2643 681 2717 contingens
698 2637 946 2696 homines
973 2641 1038 2698 de
1057 2640 1211 2720 plebe
1246 2642 1446 2697 nullius
1463 2643 1617 2720 pretii
1645 2641 1850 2699 videret

245 2722 303 2778 in
321 2719 543 2778 summis
559 2723 797 2799 imperiis
812 2764 830 2790 ‚
863 2721 1061 2801 quibus
1077 2726 1305 2802 impares
1325 2721 1489 2781 effent
1506 2763 1524 2791 ‚
1544 2721 1750 2792 versari,
1765 2741 1850 2781 at*-

247 2824 355 2882 que
374 2801 479 2883 ipse
500 2821 678 2860 tantus
696 2822 823 2861 ortu
847 2823 1118 2881 pateretur
1145 2808 1199 2861 in
1218 2805 1545 2885 ignobilium
1566 2827 1727 2863 manu
1746 2803 1848 2864 effe

247 2885 650 2966 rempublicam.
696 2886 920 2944 Addidit
940 2895 1054 2944 no'n
1087 2887 1258 2964 ipsum
1282 2905 1494 2946 tanturn
1513 2887 1578 2944 ab
1609 2894 1848 2967 Impera-

244 2966 574 3048 toredespici
591 3010 609 3038 ,
623 2966 709 3028 sed
728 2974 781 3027 δε
800 2987 1005 3049 patrem
1029 2969 1188 3051 ipfius
1206 3012 1223 3040 ‚
1246 2975 1340 3050 qui
1359 2975 1438 3035 vir
1451 2973 1659 3030 eximiae
1677 2974 1848 3030 virtu-2

1688 3071 1773 3121 tis,
1789 3065 1851 3110 ut
