1888 3428
297 166 724 231 DEREB.
812 162 1302 224 GETIcrs.
1509 173 1631 248 σω]

69 319 76 323 ,
110 256 289 318 alamir
305 252 661 320 secretitenax
681 289 697 311 ‚
714 245 945 306 blandus
964 243 1207 323 alloquio
1226 287 1244 312 ,
1262 248 1372 305 doli
1386 249 1633 327 ignarus3

10 339 274 403 Ardarich
290 335 396 396 fide
417 341 472 393 &
491 331 714 392 consilio
732 373 750 401 ,
785 345 845 387 ut
871 327 1107 386 diximus
1121 367 1138 395 ‚
1170 331 1359 386 clarus·
1403 332 1632 398 Quibus

11 446 127 485 non
149 417 427 482 immerito
460 434 649 475 contra
668 427 916 494 parentes
948 408 1282 489 Vesegothas
1301 410 1493 470 debuit
1512 436 1634 473 cre-

10 509 144 567 dere
163 500 580 586 pugnatoribus·
622 497 854 575 Reliqua
871 509 1053 550 autem
1074 493 1110 549 fi
1131 493 1234 550 dici
1249 491 1326 560 fas
1342 493 1416 550 est
1433 535 1448 560 ,
1472 497 1634 555 turba

17 609 211 671 regum
230 627 248 654 ‚
282 582 710 661 diversarumque
727 579 1016 635 nationum
1031 574 1287 633 ductores
1305 615 1322 640 ‚
1364 575 1464 634 acfi
1482 574 1637 634 sares.-

18 675 137 731 lites
158 712 175 739 ‚
199 667 427 726 nutibus
446 668 624 724 Attilae
639 659 1021 724 attendebant,
1045 665 1100 716 δι
1119 657 1215 716 ubi
1233 661 1398 716 oculo
1419 658 1638 717 annuis-„-

21 750 322 831 {et‚absque
341 754 515 830 aliqua
532 746 964 805 murmuratione
982 764 1106 799 cum
1138 745 1338 799 timore
1358 747 1413 798 δε
1429 760 1640 800 tremo-

29 858 86 899 re
105 832 473 914 unusquisque
494 827 729 891 adstabat
749 868 766 895 ,
798 844 890 883 aut
910 823 1064 886 ‚certe
1084 824 1238 905 quod
1266 824 1433 902 juffus
1462 823 1642 887 fuerat

27 917 437 998 exsequebatur.
469 912 571 979 Sed
589 909 732 969 solus
749 910 922 968 Attila
940 929 1030 966 rex
1049 911 1301 966 omnium
1318 928 1535 988 regum,
1554 906 1643 966 su-

28 1023 124 1081 per
140 1021 334 1057 omnes
368 1005 422 1056 &
447 1017 547 1076 pro
569 993 832 1053 omnibus
862 989 1098 1049 solicitus
1118 1009 1244 1050 erat.
1287 993 1372 1047 Fit
1406 1012 1538 1072 ergo
1575 992 1642 1049 de

27 1086 169 1150 Ioci,
199 1102 367 1161 quem
398 1079 632 1138 diximus
652 1117 670 1143 ‚
704 1077 1115 1156 opportunitate
1133 1090 1423 1131 certamen.
1469 1076 1648 1132 Attila

31 1163 158 1225 suos
191 1165 374 1245 dirigit
408 1165 503 1242 qui
546 1181 810 1218 cacumen
847 1161 1057 1219 montis
1103 1157 1453 1222 invaderent,
1494 1154 1581 1215 sed
1617 1155 1646 1218 a

29 1245 443 1309 Thorismundo
462 1251 517 1302 δε
538 1244 708 1301 Aetio
727 1259 1027 1320 praeventus
1046 1238 1119 1296 est
1139 1280 1154 1306 ‚
1188 1244 1280 1317 qui
1300 1240 1517 1296 eluctati
1531 1241 1647 1297 col-

16 1333 97 1401 'lis
133 1330 331 1387 excelsa
360 1347 420 1386 ut
451 1324 872 1384 conscenderent
892 1363 910 1389 ,
945 1322 1243 1401 superiores
1277 1319 1459 1378 effecti
1489 1319 1648 1389 sunt,

36 1409 421 1492 venientesque
470 1412 717 1467 Hunnos
759 1407 966 1470 montis
1016 1403 1286 1461 beneficio
1335 1401 1486 1465 facile
1529 1421 1649 1467 tur÷

39 1496 257 1557 havere.

431 1631 490 1694 C
593 1652 642 1701 A
741 1650 796 1691 P.
942 1647 1257 1696 xxxix.

142 1775 299 1831 Attila:
317 1771 473 1828 oratio
491 1769 560 1826 ad
573 1779 776 1824 Hunnos.
790 1806 808 1834 ‚
830 1785 927 1841 qua,
941 1784 1020 1822 eos
1036 1764 1328 1840 adpraelium
1349 1762 1574 1838 adversus

433 1863 673 1910 Romanos
691 1850 950 1913 ineundum
970 1850 1278 1905 exhortatur.

47 1996 300 2123 TVnc
334 1991 542 2055 Attila,
581 2010 753 2069 quum
772 1988 977 2046 videret
1009 1988 1307 2044 exercitum
1337 1983 1488 2042 causa
1524 2003 1659 2063 prae=2

37 2128 41 2132 .
178 2078 402 2135 cedente
424 2073 706 2132 turbatum
730 2113 744 2133 ‚
766 2073 853 2128 tali
877 2092 939 2127 ex
961 2089 1208 2149 tempore
1228 2068 1396 2126 credit
1413 2069 1661 2146 alloquio

47 2159 509 2224 confirmandum.
552 2155 677 2212 Post
696 2155 947 2211 victorias
968 2169 1237 2209 tantarum
1255 2146 1663 2232 genti‘um,post

49 2245 243 2319 orbem
264 2240 301 2299 fi
320 2238 612 2299 consistatis
643 2237 981 2302 edomitum,
1009 2237 1259 2313 ineptum
1281 2229 1660 2309 judicaverim>

50 2344 310 2406 tanquam
331 2326 554 2404 ignaros
582 2322 659 2377 rei
695 2317 873 2375 verbis
908 2338 1114 2381 acuere.
1165 2319 1392 2392 Qaerat
1428 2314 1534 2372 hoc
1567 2330 1663 2379 aut·

53 2431 231 2489 novus
248 2407 445 2466 durior
464 2446 481 2473 ,
517 2419 610 2460 aut
627 2405 939 2479 inexpertus
958 2400 1242 2457 exercitus.
1286 2402 1404 2458 Nec
1426 2396 1559 2454 mihi
1583 2393 1667 2454 fas,

22 2486 130 2557 'est
163 2489 366 2570 aliquid
409 2489 626 2567 vulgare
659 2484 869 2549 dicere,
920 2480 1021 2539 nec'
1070 2503 1170 2540 vos
1203 2498 1428 2560 oportet
1460 2478 1667 2543 audire.

57 2572 214 2642 Quid
236 2591 417 2631 autem
438 2569 579 2628 aliud
596 2588 694 2624 vos
714 2564 875 2644 quam
891 2565 1086 2622 bellare
1106 2564 1348 2622 consueti
1369 2570 1390 2633 ἓ
1422 2580 1512 2625 aut
1529 2559 1666 2641 quid

56 2655 186 2727 forti
229 2653 441 2714 suavius
454 2694 484 2722 ,Ἄ
507 2649 669 2732 quam
705 2648 1000 2706 vindiciam
1032 2669 1198 2705 manu
1230 2651 1504 2728 quaerere?
1542 2644 1668 2703 Mae,

58 2760 231 2821 gnum
265 2739 463 2795 munus
496 2731 524 2791 ὲ
552 2751 776 2800 natura,
810 2734 1053 2789 animum
1075 2734 1281 2789 ultione
1299 2729 1501 2787 satiare.
1545 2730 1669 2805 Ag·-

61 2820 370 2901 grediarnur
388 2837 521 2898 ergo
557 2814 766 2874 hostem
785 2815 992 2872 alacres.
1040 2813 1349 2871 audaciores
1380 2812 1499 2870 sunt
1528 2807 1669 2866 sem-

65 2924 159 2983 per
178 2943 194 2969 ,
226 2906 317 2981 qui
337 2898 576 2959 inferunt
606 2897 828 2957 bellum.
870 2897 1153 2955 Adunatas
1171 2894 1420 2974 despicite
1438 2889 1674 2951 diffonas

67 3003 274 3067 gentes.
315 2983 584 3054 Indicium
619 2984 834 3061 pavoris
868 2978 980 3050 est,
1025 2978 1275 3047 societate
1306 2973 1539 3038 defendi.
1583 2970 1676 3034 En:

79 3077 90 3099 .’.
1547 3067 1678 3109 ante
