1888 3428
404 225 1246 278 PROLEGOMENA.
1556 217 1632 287 69

22 302 392 382 perta-mulier
438 300 693 378 bonaque
729 302 850 372 ejus
885 300 936 353 in
987 294 1248 376 potestate
1284 293 1384 351 {int
1418 297 1626 352 mariti:

23 402 311 462 corruptor
331 401 670 461 corruptam,
714 377 750 436 ίῖ
782 401 872 458 par
889 378 996 447 est,
1035 379 1229 436 ducat:
1275 374 1310 431 si
1341 381 1512 454 impar
1542 376 1630 435 di>-

24 484 101 523 tet
120 470 508 523 autmoriatur.
552 462 740 521 Viduae
761 481 878 540 quae
915 478 1245 541 praegnantes
1274 455 1325 514 se
1354 457 1542 515 dicunt
1561 479 1626 515 es:

23 550 217 609 marito
239 565 297 605 ut
329 546 711 605 custodiantur.
756 542 874 621 post
893 545 1165 600 decimum
1188 539 1422 598 mensem
1448 558 1629 617 partus

23 651 92 687 ne
111 631 304 686 marito
328 627 641 686 afl'cribatur.
681 625 743 682 ad
766 626 1042 682 bonorum
1075 623 1390 681 societatem
1422 619 1628 678 succes-

24 710 298 789 fionesque
323 711 430 788 haec
450 711 717 788 pertinent
741 729 852 764 non
871 704 1163 786 spernenda
1186 729 1200 762 ι
1244 724 1301 762 ut
1333 707 1537 761 mortui
1560 724 1627 759 u-

21 791 164 851 xora
195 792 433 850 secundis
454 794 654 869 nuptiis
673 788 939 847 abstinens
972 793 1183 846 tertiam
1204 787 1486 859 bonorum
1507 806 1628 863 par-

21 890 132 931 tem
149 871 280 931 ferat
301 896 314 930 :
355 874 553 953 alioqui
571 875 725 930 tertia
746 894 920 929 rerum
942 872 1229 929 mobilium
1246 889 1391 949 parte
1411 889 1466 925 ac
1481 868 1623 926 lecto

20 953 369 1035 stragulisque
403 974 660 1013 contenta
681 955 759 1011 fit.
805 954 973 1011 stante
997 956 1347 1011 matrimonio
1368 973 1484 1031 quae
1516 971 1628 1008 em-

21 1056 123 1117 pta·
143 1035 264 1095 sunt
292 1059 359 1096 ex
392 1060 547 1118 aequo
582 1039 917 1099 dividantur:
963 1058 1029 1093 ne
1059 1038 1297 1093 mulieris
1317 1057 1396 1092 res
1428 1036 1625 1090 marito

23 1123 244 1179 alienare
262 1122 430 1177 liceat.
468 1121 697 1200 Raptori
715 1119 878 1178 haeres
898 1117 959 1176 fit
980 1138 1157 1197 partus
1175 1118 1207 1175 si
1224 1116 1346 1196 ‘post
1378 1139 1408 1173 x
1426 1137 1476 1172 L.
1511 1116 1630 1172 die-

22 1223 146 1260 rum
162 1200 524 1261 hebdomadas
544 1202 616 1260 est
636 1203 829 1260 editus.
853 1200 1274 1281 proscriptorum
1295 1197 1391 1256 filii
1411 1220 1476 1254 ne
1496 1196 1628 1276 quid

25 1284 91 1342 de
122 1304 403 1363 parentum
437 1284 599 1341 bonis
620 1289 826 1363 capiant
844 1325 862 1349 ,
910 1283 1002 1342 nifi
1026 1303 1147 1340 ante
1174 1280 1629 1360 ‘praescriptionem

26 1369 273 1444 concepti
289 1364 404 1425 sint.
420 1368 638 1423 Femina
653 1364 822 1423 occisa
834 1367 860 1422 a
873 1368 1189 1445 propinquis
1208 1366 1330 1422 ideo
1349 1362 1500 1442 quod
1516 1381 1630 1417 ute-

25 1468 148 1506 rum
163 1445 342 1516 ferret,
358 1448 522 1505 haeres
541 1453 716 1505 mariti
733 1446 988 1506 habeatur
1005 1490 1020 1515 ,
1051 1448 1306 1526 bonaque
1327 1447 1390 1502 ad
1413 1447 1633 1523 propin-

26 1550 166 1608 quos
197 1527 318 1586 suos
339 1529 675 1587 transmittat.
695 1529 897 1587 nludin
928 1528 1237 1586 Christianae
1257 1529 1530 1603 religionis
1549 1523 1630 1580 fa-

26 1630 214 1667 vorem
234 1608 414 1688 postea
434 1611 701 1683 adjectum
722 1618 920 1666 :m‘ater
936 1610 1114 1666 liberis
1130 1609 1320 1666 suisita
1336 1607 1577 1665 succedat
1597 1606 1639 1661 [i

29 1691 277 1772 baptizati
293 1690 512 1750 fuerint.
546 1695 598 1748 Si
619 1697 833 1772 vagiens
852 1692 1024 1748 infans
1045 1693 1257 1748 auditus
1280 1688 1402 1748 effer
1423 1732 1438 1758 ,
1458 1687 1634 1746 fuerat

26 1776 82 1831 in
101 1776 333 1853 antiquis
350 1773 874 1854 legibu3,manetque
895 1775 1033 1852 apud
1051 1776 1431 1832 Nortmannos
1448 1781 1501 1830 δε
1518 1770 1637 1849 pos·

26 1853 180 1914 seffos
197 1860 553 1914 Nortmannis
575 1858 791 1937 Anglos
808 1899 823 1922 ,
863 1877 1049 1913 contra
1067 1857 1381 1913 abortiones
1410 1854 1631 1919 scilicet,

27 1946 142 2018 quo
158 1945 209 1996 &
227 1940 308 1995 illa
320 1936 516 2018 speciat
531 1943 802 2005 cauti0‚ne
820 1960 953 1996 vena
968 1942 1174 1997 mulieri
1186 1937 1388 1996 secetur
1404 1937 1497 1993 niii
1515 1957 1638 2015 pro-

27 2025 242 2100 pinquis
262 2020 623 2100 praesentibuS.
646 2043 743 2078 nec
765 2019 913 2078 causa
930 2025 1118 2090 caruit,
1141 2023 1293 2101 quod
1311 2022 1636 2078 Graecorum

29 2124 190 2183 quam
213 2106 530 2161 Latinorum
548 2126 669 2161 mos
691 2103 1019 2172 Sueonibtis,
1035 2110 1141 2180 jam
1162 2103 1498 2168 Christianis,
1521 2124 1637 2157 ma*

29 2188 110 2267 gis
130 2187 350 2260 placuit,
366 2184 762 2267 visumque'illis
780 2184 807 2243 ἐ
824 2187 976 2244 bono
996 2187 1214 2265 pubiico
1237 2207 1295 2242 ut
1315 2187 1637 2266 presbyteris

31 2266 398 2343 uxoresjustas
415 2267 609 2326 habere
631 2271 808 2326 liceret
829 2309 849 2344 ‚-
893 2272 1041 2347 quod
1061 2277 1112 2327 δέ
1149 2292 1210 2326 ex
1231 2269 1487 2327 Iohannis
1506 2269 1636 2324 Ma-

32 2351 126 2430 gni
169 2349 400 2407 historiis
442 2356 496 2408 &
541 2374 604 2408 ex
651 2356 958 2409 iunocentii
997 2355 1088 2406 i'fi-
1134 2349 1353 2428 epistola
1398 2369 1636 2431 apparet.

32 2430 289 2511 quodque
320 2429 499 2489 miffos
529 2434 556 2490 a
587 2433 946 2491 Pontificibus
974 2428 1239 2491 Romanis
1260 2477 1275 2502 ,
1304 2434 1481 2514 spreto
1503 2431 1634 2490 suo-

33 2533 152 2571 tum
172 2514 419 2572 locorum
440 2515 665 2572 antistite
689 2557 703 2582 ,
720 2516 970 2575 doctores
986 2538 1099 2572 non
1123 2537 1461 2595 receperunt,
1480 2516 1635 2596 quod

34 2594 175 2652 idem
204 2596 289 2652 ille
317 2596 583 2654 Iohannes
618 2599 859 2678 Magnus
879 2596 1100 2656 scribere
1138 2621 1250 2657 non
1270 2603 1425 2657 inane
1457 2600 1633 2656 duxit.

32 2677 278 2733 Etiamne
301 2677 364 2736 ad
382 2683 675 2737 nominum
694 2700 810 2738 tum
835 2684 1213 2738 communium
1236 2701 1356 2740 tum
1384 2684 1637 2762 proprio-

36 2777 156 2814 rum
175 2761 409 2839 origines
441 2781 491 2820 te
513 2763 722 2820 vocabo
743 2804 758 2824 ,
789 2764 996 2820 erudite
1031 2765 1237 2823 lector?
1284 2768 1386 2822 Sed
1422 2765 1550 2844 quid
1580 2767 1635 2818 ni

39 2859 229 2898 vocem
252 2881 268 2907 ,
304 2863 427 2900 cum
447 2844 531 2902 ille
552 2843 724 2902 Caesar
742 2887 757 2912 ,
792 2848 885 2924 qui
904 2864 1077 2902 tantas
1104 2869 1282 2903 rerum
1304 2851 1639 2905 mutationes

0 2929 1 2933 ’
39 2925 220 2978 animo
241 2923 504 3001 agitabat,
548 2926 614 2983 de
650 2948 847 2984 vocum
884 2930 1282 2987 mutationibus
1315 2950 1432 3006 quae
1457 2926 1642 2983 obscr-

39 3020 253 3065 vaverat
282 3002 564 3086 scripserit,
598 3030 715 3089 quae
744 3007 941 3088 scripfit
971 3011 1230 3070 ediderit?
1292 3014 1425 3072 Non
1460 3029 1640 3066 autem

937 3112 964 3147 e
1014 3114 1036 3168 3
1520 3111 1650 3171 ch,
