<?xml version="1.0" encoding="UTF-8"?>
<!DOCTYPE html PUBLIC "-//W3C//DTD XHTML 1.0 Transitional//EN"
    "http://www.w3.org/TR/xhtml1/DTD/xhtml1-transitional.dtd">
<html xmlns="http://www.w3.org/1999/xhtml" xml:lang="en" lang="en">
 <head>
  <title>
</title>
<meta http-equiv="Content-Type" content="text/html;charset=utf-8" />
  <meta name='ocr-system' content='tesseract 3.04.00' />
  <meta name='ocr-capabilities' content='ocr_page ocr_carea ocr_par ocr_line ocrx_word'/>
</head>
<body>
  <div class='ocr_page' id='page_1' title='image "./historiagotthoru00grot_0911.png"; bbox 0 0 1931 3428; ppageno 0'>
   <div class='ocr_carea' id='block_1_1' title="bbox 266 87 1601 345">
    <p class='ocr_par' dir='ltr' id='par_1_1' title="bbox 266 87 1601 345">
     <span class='ocr_line' id='line_1_1' title="bbox 311 87 1601 210; baseline -0.005 -18"><span class='ocrx_word' id='word_1_1' title='bbox 311 133 1191 193; x_wconf 57' lang='lat' dir='ltr'>-LrnEffPrumvs,</span> <span class='ocrx_word' id='word_1_2' title='bbox 1488 87 1601 210; x_wconf 46' lang='grc' dir='ltr'>’ᾖς</span> 
     </span>
     <span class='ocr_line' id='line_1_2' title="bbox 266 230 1142 345; baseline -0.016 -5"><span class='ocrx_word' id='word_1_3' title='bbox 266 238 269 241; x_wconf 70' lang='grc'><strong>’</strong></span> <span class='ocrx_word' id='word_1_4' title='bbox 472 230 546 336; x_wconf 56' lang='grc' dir='ltr'>’ς</span> <span class='ocrx_word' id='word_1_5' title='bbox 651 236 698 335; x_wconf 59' lang='grc' dir='ltr'><strong>Α</strong></span> <span class='ocrx_word' id='word_1_6' title='bbox 798 290 853 332; x_wconf 87' lang='lat' dir='ltr'>P.</span> <span class='ocrx_word' id='word_1_7' title='bbox 1004 264 1142 345; x_wconf 16' lang='lat'><strong>11¹1.</strong></span> 
     </span>
    </p>
   </div>
   <div class='ocr_carea' id='block_1_2' title="bbox 153 403 1475 568">
    <p class='ocr_par' dir='ltr' id='par_1_2' title="bbox 153 403 1475 568">
     <span class='ocr_line' id='line_1_3' title="bbox 153 403 1475 492; baseline -0.004 -21"><span class='ocrx_word' id='word_1_8' title='bbox 153 403 299 491; x_wconf 78' lang='lat' dir='ltr'>Qod</span> <span class='ocrx_word' id='word_1_9' title='bbox 313 412 422 470; x_wconf 82' lang='lat' dir='ltr'>lbor</span> <span class='ocrx_word' id='word_1_10' title='bbox 437 411 501 474; x_wconf 58' lang='grc' dir='ltr'>ὅγ’</span> <span class='ocrx_word' id='word_1_11' title='bbox 515 421 606 492; x_wconf 81' lang='lat' dir='ltr'>Ayo</span> <span class='ocrx_word' id='word_1_12' title='bbox 627 452 644 478; x_wconf 89' lang='lat'>‚</span> <span class='ocrx_word' id='word_1_13' title='bbox 672 410 824 486; x_wconf 82' lang='lat' dir='ltr'>primi</span> <span class='ocrx_word' id='word_1_14' title='bbox 835 408 980 483; x_wconf 28' lang='lat' dir='ltr'>‚duces</span> <span class='ocrx_word' id='word_1_15' title='bbox 1001 407 1304 476; x_wconf 74' lang='lat' dir='ltr'>VVinilorum</span> <span class='ocrx_word' id='word_1_16' title='bbox 1326 444 1344 472; x_wconf 91' lang='lat'>‚</span> <span class='ocrx_word' id='word_1_17' title='bbox 1364 427 1475 466; x_wconf 86' lang='lat' dir='ltr'>cum</span> 
     </span>
     <span class='ocr_line' id='line_1_4' title="bbox 407 488 1208 568; baseline -0.009 -16"><span class='ocrx_word' id='word_1_18' title='bbox 407 511 568 552; x_wconf 84' lang='lat' dir='ltr'>matre</span> <span class='ocrx_word' id='word_1_19' title='bbox 586 494 686 568; x_wconf 74' lang='lat' dir='ltr'>fita</span> <span class='ocrx_word' id='word_1_20' title='bbox 714 491 957 550; x_wconf 73' lang='lat' dir='ltr'>cambam</span> <span class='ocrx_word' id='word_1_21' title='bbox 981 488 1208 565; x_wconf 82' lang='lat' dir='ltr'>fuerunt.</span> 
     </span>
    </p>
   </div>
   <div class='ocr_carea' id='block_1_3' title="bbox 3 628 1622 1438">
    <p class='ocr_par' dir='ltr' id='par_1_3' title="bbox 3 628 1622 1438">
     <span class='ocr_line' id='line_1_5' title="bbox 3 628 1616 763; baseline -0.001 -71"><span class='ocrx_word' id='word_1_22' title='bbox 3 637 59 763; x_wconf 82' lang='lat' dir='ltr'>I</span> <span class='ocrx_word' id='word_1_23' title='bbox 89 634 262 692; x_wconf 89' lang='lat' dir='ltr'>Gitur</span> <span class='ocrx_word' id='word_1_24' title='bbox 284 653 343 691; x_wconf 86' lang='lat' dir='ltr'>ea</span> <span class='ocrx_word' id='word_1_25' title='bbox 361 653 502 712; x_wconf 68' lang='lat' dir='ltr'>pam,</span> <span class='ocrx_word' id='word_1_26' title='bbox 528 631 744 698; x_wconf 49' lang='lat' dir='ltr'>cuhsors</span> <span class='ocrx_word' id='word_1_27' title='bbox 760 629 976 687; x_wconf 83' lang='lat' dir='ltr'><strong>dederat</strong></span> <span class='ocrx_word' id='word_1_28' title='bbox 994 630 1228 710; x_wconf 84' lang='lat' dir='ltr'>genitale</span> <span class='ocrx_word' id='word_1_29' title='bbox 1262 628 1435 688; x_wconf 88' lang='lat' dir='ltr'>solum</span> <span class='ocrx_word' id='word_1_30' title='bbox 1458 651 1616 691; x_wconf 79' lang='lat' dir='ltr'>exce-</span> 
     </span>
     <span class='ocr_line' id='line_1_6' title="bbox 64 708 1618 795; baseline -0.001 -21"><span class='ocrx_word' id='word_1_31' title='bbox 64 716 209 774; x_wconf 80' lang='lat' dir='ltr'>&#39;&#39;dere</span> <span class='ocrx_word' id='word_1_32' title='bbox 224 757 239 784; x_wconf 90' lang='lat'>‚</span> <span class='ocrx_word' id='word_1_33' title='bbox 259 734 547 795; x_wconf 83' lang='lat' dir='ltr'>exteraque</span> <span class='ocrx_word' id='word_1_34' title='bbox 565 735 688 773; x_wconf 88' lang='lat' dir='ltr'>arva</span> <span class='ocrx_word' id='word_1_35' title='bbox 702 713 884 771; x_wconf 70' lang='lat' dir='ltr'>se&amp;ari</span> <span class='ocrx_word' id='word_1_36' title='bbox 903 753 921 781; x_wconf 87' lang='lat'>‚</span> <span class='ocrx_word' id='word_1_37' title='bbox 956 711 1222 771; x_wconf 86' lang='lat' dir='ltr'>ordinatis</span> <span class='ocrx_word' id='word_1_38' title='bbox 1240 708 1395 791; x_wconf 87' lang='lat' dir='ltr'>super</span> <span class='ocrx_word' id='word_1_39' title='bbox 1411 713 1461 771; x_wconf 92' lang='lat' dir='ltr'>se</span> <span class='ocrx_word' id='word_1_40' title='bbox 1479 715 1618 773; x_wconf 86' lang='lat' dir='ltr'>duo-</span> 
     </span>
     <span class='ocr_line' id='line_1_7' title="bbox 5 798 1617 876; baseline -0.001 -19"><span class='ocrx_word' id='word_1_41' title='bbox 5 798 110 857; x_wconf 81' lang='lat' dir='ltr'>bus</span> <span class='ocrx_word' id='word_1_42' title='bbox 139 799 371 858; x_wconf 88' lang='lat' dir='ltr'>ducibus</span> <span class='ocrx_word' id='word_1_43' title='bbox 391 842 404 863; x_wconf 91' lang='lat'>‚</span> <span class='ocrx_word' id='word_1_44' title='bbox 437 799 565 856; x_wconf 90' lang='lat' dir='ltr'>Ibor</span> <span class='ocrx_word' id='word_1_45' title='bbox 583 798 775 856; x_wconf 87' lang='lat' dir='ltr'>scilicet</span> <span class='ocrx_word' id='word_1_46' title='bbox 793 801 847 854; x_wconf 73' lang='grc' dir='ltr'>δε</span> <span class='ocrx_word' id='word_1_47' title='bbox 876 799 1070 869; x_wconf 81' lang='lat' dir='ltr'>‘Ajone</span> <span class='ocrx_word' id='word_1_48' title='bbox 1095 836 1112 863; x_wconf 90' lang='lat'>‚</span> <span class='ocrx_word' id='word_1_49' title='bbox 1147 799 1242 876; x_wconf 91' lang='lat' dir='ltr'>qui</span> <span class='ocrx_word' id='word_1_50' title='bbox 1275 802 1331 852; x_wconf 86' lang='lat'>&amp;</span> <span class='ocrx_word' id='word_1_51' title='bbox 1367 801 1617 876; x_wconf 86' lang='lat' dir='ltr'>germani</span> 
     </span>
     <span class='ocr_line' id='line_1_8' title="bbox 4 876 1622 960; baseline -0.001 -21"><span class='ocrx_word' id='word_1_52' title='bbox 4 900 178 947; x_wconf 88' lang='lat' dir='ltr'>erant,</span> <span class='ocrx_word' id='word_1_53' title='bbox 197 882 496 960; x_wconf 88' lang='lat' dir='ltr'>&amp;juvenili</span> <span class='ocrx_word' id='word_1_54' title='bbox 516 878 689 939; x_wconf 88' lang='lat' dir='ltr'>adhuc</span> <span class='ocrx_word' id='word_1_55' title='bbox 707 897 861 938; x_wconf 80' lang='lat' dir='ltr'>aetate</span> <span class='ocrx_word' id='word_1_56' title='bbox 876 876 1055 936; x_wconf 85' lang='lat' dir='ltr'>floridi</span> <span class='ocrx_word' id='word_1_57' title='bbox 1066 883 1143 947; x_wconf 72' lang='grc' dir='ltr'>,δε</span> <span class='ocrx_word' id='word_1_58' title='bbox 1164 882 1350 936; x_wconf 87' lang='lat' dir='ltr'>ceteris</span> <span class='ocrx_word' id='word_1_59' title='bbox 1366 879 1622 958; x_wconf 78' lang='lat' dir='ltr'>praestan-</span> 
     </span>
     <span class='ocr_line' id='line_1_9' title="bbox 4 961 1622 1044; baseline -0.001 -22"><span class='ocrx_word' id='word_1_60' title='bbox 4 968 208 1026; x_wconf 87' lang='lat' dir='ltr'>tiores,</span> <span class='ocrx_word' id='word_1_61' title='bbox 238 965 304 1023; x_wconf 82' lang='lat' dir='ltr'>ad</span> <span class='ocrx_word' id='word_1_62' title='bbox 336 963 692 1044; x_wconf 82' lang='lat' dir='ltr'>exquirendas</span> <span class='ocrx_word' id='word_1_63' title='bbox 711 984 844 1042; x_wconf 86' lang='lat' dir='ltr'>quas</span> <span class='ocrx_word' id='word_1_64' title='bbox 872 961 1074 1042; x_wconf 83' lang='lat' dir='ltr'>poffint</span> <span class='ocrx_word' id='word_1_65' title='bbox 1093 964 1325 1021; x_wconf 78' lang='lat' dir='ltr'>incolere</span> <span class='ocrx_word' id='word_1_66' title='bbox 1345 961 1622 1030; x_wconf 80' lang='lat' dir='ltr'>terraS,se-</span> 
     </span>
     <span class='ocr_line' id='line_1_10' title="bbox 5 1043 1619 1126; baseline -0.001 -19"><span class='ocrx_word' id='word_1_67' title='bbox 5 1044 453 1126; x_wconf 84' lang='lat' dir='ltr'>desquestatuere</span> <span class='ocrx_word' id='word_1_68' title='bbox 471 1087 491 1115; x_wconf 85' lang='lat'>‚</span> <span class='ocrx_word' id='word_1_69' title='bbox 527 1047 881 1105; x_wconf 84' lang='lat' dir='ltr'>valedicentes</span> <span class='ocrx_word' id='word_1_70' title='bbox 901 1044 1005 1102; x_wconf 88' lang='lat' dir='ltr'>suis</span> <span class='ocrx_word' id='word_1_71' title='bbox 1025 1043 1179 1102; x_wconf 85' lang='lat' dir='ltr'>fimul</span> <span class='ocrx_word' id='word_1_72' title='bbox 1200 1052 1253 1104; x_wconf 88' lang='lat'>&amp;</span> <span class='ocrx_word' id='word_1_73' title='bbox 1272 1050 1448 1124; x_wconf 86' lang='lat' dir='ltr'>patriae</span> <span class='ocrx_word' id='word_1_74' title='bbox 1466 1088 1485 1114; x_wconf 90' lang='lat'>,</span> <span class='ocrx_word' id='word_1_75' title='bbox 1515 1050 1619 1105; x_wconf 87' lang='lat' dir='ltr'>iter</span> 
     </span>
     <span class='ocr_line' id='line_1_11' title="bbox 4 1129 1622 1207; baseline 0 -20"><span class='ocrx_word' id='word_1_76' title='bbox 4 1133 289 1207; x_wconf 81' lang='lat' dir='ltr'>arripiunt.</span> <span class='ocrx_word' id='word_1_77' title='bbox 329 1129 557 1189; x_wconf 85' lang='lat' dir='ltr'>Horum</span> <span class='ocrx_word' id='word_1_78' title='bbox 591 1150 700 1188; x_wconf 86' lang='lat' dir='ltr'>erat</span> <span class='ocrx_word' id='word_1_79' title='bbox 720 1131 922 1187; x_wconf 85' lang='lat' dir='ltr'>ducum</span> <span class='ocrx_word' id='word_1_80' title='bbox 943 1147 1148 1195; x_wconf 86' lang='lat' dir='ltr'>mater,</span> <span class='ocrx_word' id='word_1_81' title='bbox 1183 1131 1408 1185; x_wconf 83' lang='lat' dir='ltr'>nomine</span> <span class='ocrx_word' id='word_1_82' title='bbox 1439 1130 1622 1187; x_wconf 86' lang='lat' dir='ltr'>Garn-</span> 
     </span>
     <span class='ocr_line' id='line_1_12' title="bbox 4 1210 1618 1292; baseline 0.001 -24"><span class='ocrx_word' id='word_1_83' title='bbox 4 1210 168 1276; x_wconf 87' lang='lat' dir='ltr'>bara,</span> <span class='ocrx_word' id='word_1_84' title='bbox 207 1214 399 1269; x_wconf 87' lang='lat' dir='ltr'>mulier</span> <span class='ocrx_word' id='word_1_85' title='bbox 417 1230 686 1292; x_wconf 86' lang='lat' dir='ltr'>quantum</span> <span class='ocrx_word' id='word_1_86' title='bbox 716 1216 857 1269; x_wconf 68' lang='lat' dir='ltr'>interr</span> <span class='ocrx_word' id='word_1_87' title='bbox 874 1210 1000 1269; x_wconf 89' lang='lat' dir='ltr'>suos</span> <span class='ocrx_word' id='word_1_88' title='bbox 1029 1218 1083 1267; x_wconf 84' lang='lat'>&amp;</span> <span class='ocrx_word' id='word_1_89' title='bbox 1114 1213 1339 1288; x_wconf 82' lang='lat' dir='ltr'>ingenio</span> <span class='ocrx_word' id='word_1_90' title='bbox 1359 1213 1490 1268; x_wconf 85' lang='lat' dir='ltr'>acris</span> <span class='ocrx_word' id='word_1_91' title='bbox 1508 1253 1526 1280; x_wconf 88' lang='lat'>,</span> <span class='ocrx_word' id='word_1_92' title='bbox 1560 1218 1618 1270; x_wconf 77' lang='grc' dir='ltr'>δε</span> 
     </span>
     <span class='ocr_line' id='line_1_13' title="bbox 6 1292 1620 1374; baseline 0.001 -23"><span class='ocrx_word' id='word_1_93' title='bbox 6 1293 242 1352; x_wconf 79' lang='lat' dir='ltr'>consiliis</span> <span class='ocrx_word' id='word_1_94' title='bbox 280 1295 537 1374; x_wconf 80' lang='lat' dir='ltr'>provida3</span> <span class='ocrx_word' id='word_1_95' title='bbox 570 1295 637 1353; x_wconf 92' lang='lat' dir='ltr'>de</span> <span class='ocrx_word' id='word_1_96' title='bbox 671 1300 824 1370; x_wconf 89' lang='lat' dir='ltr'>cujus</span> <span class='ocrx_word' id='word_1_97' title='bbox 859 1299 916 1351; x_wconf 87' lang='lat' dir='ltr'>in</span> <span class='ocrx_word' id='word_1_98' title='bbox 947 1292 1108 1352; x_wconf 87' lang='lat' dir='ltr'>rebus</span> <span class='ocrx_word' id='word_1_99' title='bbox 1128 1292 1307 1351; x_wconf 86' lang='lat' dir='ltr'>dubiis</span> <span class='ocrx_word' id='word_1_100' title='bbox 1330 1294 1620 1374; x_wconf 79' lang='lat' dir='ltr'>prudentia</span> 
     </span>
     <span class='ocr_line' id='line_1_14' title="bbox 7 1376 830 1438; baseline -0.001 -2"><span class='ocrx_word' id='word_1_101' title='bbox 7 1397 128 1437; x_wconf 89' lang='lat' dir='ltr'>non</span> <span class='ocrx_word' id='word_1_102' title='bbox 148 1380 442 1438; x_wconf 86' lang='lat' dir='ltr'>minimum</span> <span class='ocrx_word' id='word_1_103' title='bbox 462 1376 830 1438; x_wconf 85' lang='lat' dir='ltr'>confidebant.</span> 
     </span>
    </p>
   </div>
   <div class='ocr_carea' id='block_1_4' title="bbox 533 1519 1090 1585">
    <p class='ocr_par' dir='ltr' id='par_1_4' title="bbox 533 1519 1090 1585">
     <span class='ocr_line' id='line_1_15' title="bbox 533 1519 1090 1585; baseline 0.002 -1"><span class='ocrx_word' id='word_1_104' title='bbox 533 1519 701 1585; x_wconf 79' lang='lat' dir='ltr'>CA</span> <span class='ocrx_word' id='word_1_105' title='bbox 767 1543 820 1585; x_wconf 88' lang='lat' dir='ltr'>P.</span> <span class='ocrx_word' id='word_1_106' title='bbox 958 1519 1090 1585; x_wconf 87' lang='lat' dir='ltr'>IV.</span> 
     </span>
    </p>
   </div>
   <div class='ocr_carea' id='block_1_5' title="bbox 189 1660 1444 1741">
    <p class='ocr_par' dir='ltr' id='par_1_5' title="bbox 189 1660 1444 1741">
     <span class='ocr_line' id='line_1_16' title="bbox 189 1660 1444 1741; baseline -0.002 -21"><span class='ocrx_word' id='word_1_107' title='bbox 189 1672 267 1720; x_wconf 86' lang='lat' dir='ltr'>De</span> <span class='ocrx_word' id='word_1_108' title='bbox 273 1660 459 1741; x_wconf 55' lang='lat' dir='ltr'>septem</span> <span class='ocrx_word' id='word_1_109' title='bbox 477 1663 591 1722; x_wconf 77' lang='lat' dir='ltr'>viris</span> <span class='ocrx_word' id='word_1_110' title='bbox 603 1662 737 1738; x_wconf 87' lang='lat' dir='ltr'>apud</span> <span class='ocrx_word' id='word_1_111' title='bbox 751 1664 1062 1724; x_wconf 76' lang='lat' dir='ltr'>Germaniam</span> <span class='ocrx_word' id='word_1_112' title='bbox 1081 1661 1444 1719; x_wconf 79' lang='lat' dir='ltr'>dormientibus.</span> 
     </span>
    </p>
   </div>
   <div class='ocr_carea' id='block_1_6' title="bbox 10 1780 1625 1929">
    <p class='ocr_par' dir='ltr' id='par_1_6' title="bbox 10 1780 1625 1929">
     <span class='ocr_line' id='line_1_17' title="bbox 10 1780 1625 1929; baseline -0.01 -59"><span class='ocrx_word' id='word_1_113' title='bbox 10 1780 162 1929; x_wconf 81' lang='lat' dir='ltr'><strong>H</strong></span> <span class='ocrx_word' id='word_1_114' title='bbox 187 1800 321 1858; x_wconf 88' lang='lat' dir='ltr'>Aud</span> <span class='ocrx_word' id='word_1_115' title='bbox 339 1801 405 1857; x_wconf 89' lang='lat' dir='ltr'>ab</span> <span class='ocrx_word' id='word_1_116' title='bbox 438 1821 494 1859; x_wconf 87' lang='lat' dir='ltr'>re</span> <span class='ocrx_word' id='word_1_117' title='bbox 513 1798 613 1858; x_wconf 87' lang='lat' dir='ltr'>effe</span> <span class='ocrx_word' id='word_1_118' title='bbox 632 1800 862 1858; x_wconf 84' lang='lat' dir='ltr'>arbitror</span> <span class='ocrx_word' id='word_1_119' title='bbox 882 1842 898 1869; x_wconf 60' lang='lat'>³</span> <span class='ocrx_word' id='word_1_120' title='bbox 935 1798 1190 1880; x_wconf 84' lang='lat' dir='ltr'>paulisper</span> <span class='ocrx_word' id='word_1_121' title='bbox 1207 1799 1455 1858; x_wconf 84' lang='lat' dir='ltr'>narrandi</span> <span class='ocrx_word' id='word_1_122' title='bbox 1475 1785 1625 1857; x_wconf 74' lang='lat' dir='ltr'>ordi-</span> 
     </span>
    </p>
   </div>
   <div class='ocr_carea' id='block_1_7' title="bbox 12 1882 1637 3115">
    <p class='ocr_par' dir='ltr' id='par_1_7' title="bbox 191 1882 1625 1964">
     <span class='ocr_line' id='line_1_18' title="bbox 191 1882 1625 1964; baseline -0.001 -24"><span class='ocrx_word' id='word_1_123' title='bbox 191 1882 667 1963; x_wconf 21' lang='lat' dir='ltr'>nemrpostponere</span> <span class='ocrx_word' id='word_1_124' title='bbox 683 1925 700 1951; x_wconf 90' lang='lat'>,</span> <span class='ocrx_word' id='word_1_125' title='bbox 721 1891 773 1940; x_wconf 88' lang='lat'>&amp;</span> <span class='ocrx_word' id='word_1_126' title='bbox 794 1887 920 1962; x_wconf 83' lang='lat' dir='ltr'>quia</span> <span class='ocrx_word' id='word_1_127' title='bbox 939 1882 1109 1940; x_wconf 82' lang='lat' dir='ltr'>adhuc</span> <span class='ocrx_word' id='word_1_128' title='bbox 1128 1884 1288 1964; x_wconf 84' lang='lat' dir='ltr'>stylus</span> <span class='ocrx_word' id='word_1_129' title='bbox 1308 1885 1365 1939; x_wconf 89' lang='lat' dir='ltr'>in</span> <span class='ocrx_word' id='word_1_130' title='bbox 1385 1882 1625 1940; x_wconf 85' lang='lat' dir='ltr'>Germa-</span> 
     </span>
    </p>

    <p class='ocr_par' dir='ltr' id='par_1_8' title="bbox 12 1963 1637 3115">
     <span class='ocr_line' id='line_1_19' title="bbox 13 1963 1629 2046; baseline -0.003 -21"><span class='ocrx_word' id='word_1_131' title='bbox 13 1969 106 2025; x_wconf 85' lang='lat' dir='ltr'>nia</span> <span class='ocrx_word' id='word_1_132' title='bbox 119 1970 346 2023; x_wconf 87' lang='lat' dir='ltr'>vertitur</span> <span class='ocrx_word' id='word_1_133' title='bbox 362 2010 375 2031; x_wconf 92' lang='lat'><strong>,</strong></span> <span class='ocrx_word' id='word_1_134' title='bbox 410 1969 728 2024; x_wconf 86' lang='lat' dir='ltr'>miraculum</span> <span class='ocrx_word' id='word_1_135' title='bbox 745 1966 895 2045; x_wconf 84' lang='lat' dir='ltr'>quod</span> <span class='ocrx_word' id='word_1_136' title='bbox 915 1966 1023 2022; x_wconf 87' lang='lat' dir='ltr'>illic</span> <span class='ocrx_word' id='word_1_137' title='bbox 1041 1968 1183 2046; x_wconf 84' lang='lat' dir='ltr'>apud</span> <span class='ocrx_word' id='word_1_138' title='bbox 1207 1987 1401 2023; x_wconf 86' lang='lat' dir='ltr'>omnes</span> <span class='ocrx_word' id='word_1_139' title='bbox 1419 1963 1629 2022; x_wconf 82' lang='lat' dir='ltr'>celebre</span> 
     </span>
     <span class='ocr_line' id='line_1_20' title="bbox 12 2045 1626 2129; baseline -0.001 -24"><span class='ocrx_word' id='word_1_140' title='bbox 12 2047 244 2106; x_wconf 88' lang='lat' dir='ltr'>habetur</span> <span class='ocrx_word' id='word_1_141' title='bbox 262 2089 279 2117; x_wconf 85' lang='grc'>,</span> <span class='ocrx_word' id='word_1_142' title='bbox 294 2045 382 2106; x_wconf 89' lang='lat' dir='ltr'>sed</span> <span class='ocrx_word' id='word_1_143' title='bbox 400 2055 455 2107; x_wconf 87' lang='lat'>&amp;</span> <span class='ocrx_word' id='word_1_144' title='bbox 473 2051 721 2129; x_wconf 85' lang='lat' dir='ltr'>quaedam</span> <span class='ocrx_word' id='word_1_145' title='bbox 739 2052 850 2113; x_wconf 86' lang='lat' dir='ltr'>alia,</span> <span class='ocrx_word' id='word_1_146' title='bbox 876 2047 1112 2106; x_wconf 87' lang='lat' dir='ltr'>breviter</span> <span class='ocrx_word' id='word_1_147' title='bbox 1128 2052 1397 2106; x_wconf 85' lang='lat' dir='ltr'>intimare.</span> <span class='ocrx_word' id='word_1_148' title='bbox 1446 2054 1509 2104; x_wconf 90' lang='lat' dir='ltr'>In</span> <span class='ocrx_word' id='word_1_149' title='bbox 1529 2069 1626 2104; x_wconf 80' lang='lat' dir='ltr'>ex-</span> 
     </span>
     <span class='ocr_line' id='line_1_21' title="bbox 18 2129 1632 2210; baseline -0.001 -22"><span class='ocrx_word' id='word_1_150' title='bbox 18 2134 208 2189; x_wconf 89' lang='lat' dir='ltr'>tremis</span> <span class='ocrx_word' id='word_1_151' title='bbox 239 2133 462 2188; x_wconf 88' lang='lat' dir='ltr'>circium</span> <span class='ocrx_word' id='word_1_152' title='bbox 495 2131 676 2189; x_wconf 88' lang='lat' dir='ltr'>versus</span> <span class='ocrx_word' id='word_1_153' title='bbox 695 2132 999 2189; x_wconf 84' lang='lat' dir='ltr'>Germaniae</span> <span class='ocrx_word' id='word_1_154' title='bbox 1019 2129 1220 2188; x_wconf 83' lang='lat' dir='ltr'>finibus</span> <span class='ocrx_word' id='word_1_155' title='bbox 1238 2173 1255 2201; x_wconf 84' lang='lat'>,</span> <span class='ocrx_word' id='word_1_156' title='bbox 1296 2134 1352 2188; x_wconf 86' lang='lat' dir='ltr'>in</span> <span class='ocrx_word' id='word_1_157' title='bbox 1387 2129 1502 2210; x_wconf 85' lang='lat' dir='ltr'>ipso</span> <span class='ocrx_word' id='word_1_158' title='bbox 1539 2130 1632 2187; x_wconf 86' lang='lat' dir='ltr'>O-</span> 
     </span>
     <span class='ocr_line' id='line_1_22' title="bbox 19 2212 1629 2293; baseline -0.002 -21"><span class='ocrx_word' id='word_1_159' title='bbox 19 2217 173 2272; x_wconf 90' lang='lat' dir='ltr'>ceani</span> <span class='ocrx_word' id='word_1_160' title='bbox 205 2212 390 2271; x_wconf 91' lang='lat' dir='ltr'>littore</span> <span class='ocrx_word' id='word_1_161' title='bbox 410 2255 428 2282; x_wconf 87' lang='lat'>‚</span> <span class='ocrx_word' id='word_1_162' title='bbox 459 2232 674 2272; x_wconf 87' lang='lat' dir='ltr'>antrum</span> <span class='ocrx_word' id='word_1_163' title='bbox 701 2212 798 2270; x_wconf 88' lang='lat' dir='ltr'>sub</span> <span class='ocrx_word' id='word_1_164' title='bbox 821 2217 1084 2271; x_wconf 87' lang='lat' dir='ltr'>eminenti</span> <span class='ocrx_word' id='word_1_165' title='bbox 1116 2234 1249 2292; x_wconf 91' lang='lat' dir='ltr'>rupe</span> <span class='ocrx_word' id='word_1_166' title='bbox 1279 2213 1629 2293; x_wconf 87' lang='lat' dir='ltr'>conspicitur,</span> 
     </span>
     <span class='ocr_line' id='line_1_23' title="bbox 15 2292 1634 2375; baseline -0.002 -20"><span class='ocrx_word' id='word_1_167' title='bbox 15 2297 114 2355; x_wconf 87' lang='lat' dir='ltr'>ubi</span> <span class='ocrx_word' id='word_1_168' title='bbox 131 2297 334 2374; x_wconf 86' lang='lat' dir='ltr'>septem</span> <span class='ocrx_word' id='word_1_169' title='bbox 352 2298 451 2354; x_wconf 90' lang='lat' dir='ltr'>viri</span> <span class='ocrx_word' id='word_1_170' title='bbox 486 2303 504 2370; x_wconf 90' lang='lat'>(</span> <span class='ocrx_word' id='word_1_171' title='bbox 525 2300 788 2354; x_wconf 91' lang='lat' dir='ltr'>incertum</span> <span class='ocrx_word' id='word_1_172' title='bbox 808 2317 868 2354; x_wconf 82' lang='lat' dir='ltr'>ex</span> <span class='ocrx_word' id='word_1_173' title='bbox 887 2318 999 2375; x_wconf 85' lang='lat' dir='ltr'>quo</span> <span class='ocrx_word' id='word_1_174' title='bbox 1024 2302 1311 2375; x_wconf 87' lang='lat' dir='ltr'>tempore)</span> <span class='ocrx_word' id='word_1_175' title='bbox 1350 2299 1525 2375; x_wconf 85' lang='lat' dir='ltr'>longo</span> <span class='ocrx_word' id='word_1_176' title='bbox 1543 2292 1634 2351; x_wconf 85' lang='lat' dir='ltr'>so-</span> 
     </span>
     <span class='ocr_line' id='line_1_24' title="bbox 13 2376 1631 2458; baseline -0.001 -23"><span class='ocrx_word' id='word_1_177' title='bbox 13 2381 116 2458; x_wconf 86' lang='lat' dir='ltr'>piti</span> <span class='ocrx_word' id='word_1_178' title='bbox 133 2376 327 2458; x_wconf 86' lang='lat' dir='ltr'>sopore</span> <span class='ocrx_word' id='word_1_179' title='bbox 345 2377 649 2457; x_wconf 87' lang='lat' dir='ltr'>quiescunt,</span> <span class='ocrx_word' id='word_1_180' title='bbox 668 2382 739 2437; x_wconf 84' lang='lat' dir='ltr'>ita</span> <span class='ocrx_word' id='word_1_181' title='bbox 753 2377 939 2437; x_wconf 81' lang='lat' dir='ltr'>inlaefis</span> <span class='ocrx_word' id='word_1_182' title='bbox 955 2400 1069 2435; x_wconf 89' lang='lat' dir='ltr'>non</span> <span class='ocrx_word' id='word_1_183' title='bbox 1086 2377 1263 2437; x_wconf 89' lang='lat' dir='ltr'>solum</span> <span class='ocrx_word' id='word_1_184' title='bbox 1283 2377 1631 2457; x_wconf 88' lang='lat' dir='ltr'>corporibus,</span> 
     </span>
     <span class='ocr_line' id='line_1_25' title="bbox 16 2459 1634 2542; baseline -0.002 -23"><span class='ocrx_word' id='word_1_185' title='bbox 16 2459 108 2519; x_wconf 90' lang='lat' dir='ltr'>sed</span> <span class='ocrx_word' id='word_1_186' title='bbox 125 2464 289 2519; x_wconf 87' lang='lat' dir='ltr'>etiam</span> <span class='ocrx_word' id='word_1_187' title='bbox 312 2460 642 2521; x_wconf 89' lang='lat' dir='ltr'>vestimentis</span> <span class='ocrx_word' id='word_1_188' title='bbox 662 2505 679 2531; x_wconf 91' lang='lat'>,</span> <span class='ocrx_word' id='word_1_189' title='bbox 720 2481 781 2519; x_wconf 90' lang='lat' dir='ltr'>ut</span> <span class='ocrx_word' id='word_1_190' title='bbox 814 2483 877 2519; x_wconf 81' lang='lat' dir='ltr'>ex</span> <span class='ocrx_word' id='word_1_191' title='bbox 897 2460 1002 2519; x_wconf 90' lang='lat' dir='ltr'>hoc</span> <span class='ocrx_word' id='word_1_192' title='bbox 1022 2459 1136 2541; x_wconf 88' lang='lat' dir='ltr'>ipso</span> <span class='ocrx_word' id='word_1_193' title='bbox 1155 2506 1169 2527; x_wconf 92' lang='lat'>‚</span> <span class='ocrx_word' id='word_1_194' title='bbox 1225 2463 1376 2542; x_wconf 87' lang='lat' dir='ltr'>quod</span> <span class='ocrx_word' id='word_1_195' title='bbox 1397 2459 1503 2517; x_wconf 86' lang='lat' dir='ltr'>fine</span> <span class='ocrx_word' id='word_1_196' title='bbox 1528 2459 1634 2517; x_wconf 81' lang='lat' dir='ltr'>ulla</span> 
     </span>
     <span class='ocr_line' id='line_1_26' title="bbox 17 2545 1634 2625; baseline -0.002 -25"><span class='ocrx_word' id='word_1_197' title='bbox 17 2565 117 2624; x_wconf 86' lang='lat' dir='ltr'>per</span> <span class='ocrx_word' id='word_1_198' title='bbox 151 2561 239 2602; x_wconf 92' lang='lat' dir='ltr'>tot</span> <span class='ocrx_word' id='word_1_199' title='bbox 269 2562 540 2603; x_wconf 84' lang='lat' dir='ltr'>annorum</span> <span class='ocrx_word' id='word_1_200' title='bbox 560 2546 818 2603; x_wconf 86' lang='lat' dir='ltr'>curricula</span> <span class='ocrx_word' id='word_1_201' title='bbox 836 2549 1189 2625; x_wconf 86' lang='lat' dir='ltr'>corruptione</span> <span class='ocrx_word' id='word_1_202' title='bbox 1210 2545 1502 2625; x_wconf 86' lang='lat' dir='ltr'>perdurant</span> <span class='ocrx_word' id='word_1_203' title='bbox 1518 2585 1536 2612; x_wconf 95' lang='lat'>‚</span> <span class='ocrx_word' id='word_1_204' title='bbox 1580 2561 1634 2597; x_wconf 86' lang='lat' dir='ltr'>a-</span> 
     </span>
     <span class='ocr_line' id='line_1_27' title="bbox 20 2625 1634 2705; baseline 0 -23"><span class='ocrx_word' id='word_1_205' title='bbox 20 2625 135 2705; x_wconf 89' lang='lat' dir='ltr'>pud</span> <span class='ocrx_word' id='word_1_206' title='bbox 155 2625 416 2700; x_wconf 80' lang='lat' dir='ltr'>indociles</span> <span class='ocrx_word' id='word_1_207' title='bbox 430 2625 637 2685; x_wconf 87' lang='lat' dir='ltr'>easdem</span> <span class='ocrx_word' id='word_1_208' title='bbox 658 2633 712 2686; x_wconf 87' lang='lat'>&amp;</span> <span class='ocrx_word' id='word_1_209' title='bbox 739 2626 986 2684; x_wconf 84' lang='lat' dir='ltr'>barbaras</span> <span class='ocrx_word' id='word_1_210' title='bbox 1005 2633 1254 2686; x_wconf 87' lang='lat' dir='ltr'>nationes</span> <span class='ocrx_word' id='word_1_211' title='bbox 1271 2669 1286 2694; x_wconf 93' lang='lat'>,</span> <span class='ocrx_word' id='word_1_212' title='bbox 1324 2628 1634 2683; x_wconf 85' lang='lat' dir='ltr'>veneratio-</span> 
     </span>
     <span class='ocr_line' id='line_1_28' title="bbox 20 2705 1635 2789; baseline -0.001 -26"><span class='ocrx_word' id='word_1_213' title='bbox 20 2710 81 2763; x_wconf 87' lang='lat' dir='ltr'>ni</span> <span class='ocrx_word' id='word_1_214' title='bbox 96 2706 416 2767; x_wconf 88' lang='lat' dir='ltr'>habeantur.</span> <span class='ocrx_word' id='word_1_215' title='bbox 456 2711 536 2766; x_wconf 89' lang='lat' dir='ltr'>Hi</span> <span class='ocrx_word' id='word_1_216' title='bbox 567 2710 802 2789; x_wconf 87' lang='lat' dir='ltr'>denique</span> <span class='ocrx_word' id='word_1_217' title='bbox 827 2729 1093 2788; x_wconf 87' lang='lat' dir='ltr'>quantum</span> <span class='ocrx_word' id='word_1_218' title='bbox 1129 2711 1194 2768; x_wconf 88' lang='lat' dir='ltr'>ad</span> <span class='ocrx_word' id='word_1_219' title='bbox 1228 2709 1481 2766; x_wconf 82' lang='lat' dir='ltr'>habitum</span> <span class='ocrx_word' id='word_1_220' title='bbox 1516 2705 1635 2786; x_wconf 86' lang='lat' dir='ltr'>spe-</span> 
     </span>
     <span class='ocr_line' id='line_1_29' title="bbox 21 2789 1632 2872; baseline 0 -27"><span class='ocrx_word' id='word_1_221' title='bbox 21 2789 132 2845; x_wconf 67' lang='lat' dir='ltr'>&amp;at</span> <span class='ocrx_word' id='word_1_222' title='bbox 161 2830 180 2856; x_wconf 92' lang='lat'>,</span> <span class='ocrx_word' id='word_1_223' title='bbox 211 2791 452 2848; x_wconf 87' lang='lat' dir='ltr'>Romani</span> <span class='ocrx_word' id='word_1_224' title='bbox 485 2789 585 2849; x_wconf 81' lang='lat' dir='ltr'>effe</span> <span class='ocrx_word' id='word_1_225' title='bbox 614 2809 930 2850; x_wconf 86' lang='lat' dir='ltr'>cernuntur.</span> <span class='ocrx_word' id='word_1_226' title='bbox 985 2795 1032 2850; x_wconf 89' lang='lat' dir='ltr'><strong>E</strong></span> <span class='ocrx_word' id='word_1_227' title='bbox 1059 2793 1260 2872; x_wconf 87' lang='lat' dir='ltr'>quibus</span> <span class='ocrx_word' id='word_1_228' title='bbox 1293 2793 1427 2850; x_wconf 88' lang='lat' dir='ltr'>dum</span> <span class='ocrx_word' id='word_1_229' title='bbox 1459 2808 1632 2846; x_wconf 90' lang='lat' dir='ltr'>unum</span> 
     </span>
     <span class='ocr_line' id='line_1_30' title="bbox 22 2869 1636 2952; baseline 0.002 -27"><span class='ocrx_word' id='word_1_230' title='bbox 22 2869 244 2949; x_wconf 88' lang='lat' dir='ltr'>quidam</span> <span class='ocrx_word' id='word_1_231' title='bbox 262 2916 276 2937; x_wconf 91' lang='lat'><strong>,</strong></span> <span class='ocrx_word' id='word_1_232' title='bbox 301 2874 593 2952; x_wconf 86' lang='lat' dir='ltr'>cupiditate</span> <span class='ocrx_word' id='word_1_233' title='bbox 612 2876 1101 2943; x_wconf 77' lang='lat' dir='ltr'>stimulatu5‚vellet</span> <span class='ocrx_word' id='word_1_234' title='bbox 1122 2896 1349 2941; x_wconf 87' lang='lat' dir='ltr'>exuere,</span> <span class='ocrx_word' id='word_1_235' title='bbox 1370 2894 1498 2930; x_wconf 82' lang='lat' dir='ltr'>mox</span> <span class='ocrx_word' id='word_1_236' title='bbox 1519 2875 1636 2943; x_wconf 83' lang='lat' dir='ltr'>ejus</span> 
     </span>
     <span class='ocr_line' id='line_1_31' title="bbox 25 2951 1637 3037; baseline 0.001 -28"><span class='ocrx_word' id='word_1_237' title='bbox 25 2969 88 3035; x_wconf 70' lang='lat' dir='ltr'>ut</span> <span class='ocrx_word' id='word_1_238' title='bbox 109 2951 302 3015; x_wconf 89' lang='lat' dir='ltr'>dicitur</span> <span class='ocrx_word' id='word_1_239' title='bbox 322 2954 531 3016; x_wconf 84' lang='lat' dir='ltr'>brachia</span> <span class='ocrx_word' id='word_1_240' title='bbox 549 2975 804 3017; x_wconf 83' lang='lat' dir='ltr'>aruerunt</span> <span class='ocrx_word' id='word_1_241' title='bbox 823 2999 841 3029; x_wconf 90' lang='lat'>‚</span> <span class='ocrx_word' id='word_1_242' title='bbox 881 2978 1155 3037; x_wconf 84' lang='lat' dir='ltr'>poenaque</span> <span class='ocrx_word' id='word_1_243' title='bbox 1174 2958 1261 3016; x_wconf 87' lang='lat' dir='ltr'>sua</span> <span class='ocrx_word' id='word_1_244' title='bbox 1278 2974 1485 3014; x_wconf 88' lang='lat' dir='ltr'>ceteros</span> <span class='ocrx_word' id='word_1_245' title='bbox 1505 2973 1637 3030; x_wconf 89' lang='lat' dir='ltr'>pro-</span> 
     </span>
     <span class='ocr_line' id='line_1_32' title="bbox 840 3034 1637 3115; baseline -0.014 -15"><span class='ocrx_word' id='word_1_246' title='bbox 840 3044 894 3100; x_wconf 90' lang='lat' dir='ltr'>A</span> <span class='ocrx_word' id='word_1_247' title='bbox 913 3061 941 3098; x_wconf 85' lang='lat' dir='ltr'>a</span> <span class='ocrx_word' id='word_1_248' title='bbox 962 3060 992 3097; x_wconf 86' lang='lat' dir='ltr'>a</span> <span class='ocrx_word' id='word_1_249' title='bbox 1039 3058 1064 3115; x_wconf 69' lang='grc' dir='ltr'>ς</span> <span class='ocrx_word' id='word_1_250' title='bbox 1424 3034 1637 3102; x_wconf 70' lang='lat' dir='ltr'>terruit,</span> 
     </span>
    </p>
   </div>
  </div>
 </body>
</html>
