1888 3428
367 221 393 261 Ι
410 206 486 260 26
797 190 846 253 E
926 213 963 251 L
1041 211 1079 250 0
1161 209 1201 246 G
1282 207 1304 245 1
1383 184 1441 247 A;
1481 185 1484 187 ’

440 282 563 341 Nec
578 299 731 362 parce
747 274 989 360 gladium
1007 274 1182 353 capuli
1197 269 1510 329 moderator
1527 270 1737 351 adegit:
1857 325 1878 344 .,

442 367 590 425 Nam
604 378 871 444 quantum
889 362 946 417 in
964 357 1115 414 nudo
1138 356 1428 413 velinermi
1445 375 1671 434 corpote
1686 351 1762 412 fas
1783 350 1888 429 ests}⁴

442 449 575 528 Egit
590 449 646 504 in
661 461 869 503 armato
890 465 903 498 z
946 438 1014 497 fic
1031 438 1151 497 duri
1169 439 1408 516 tegmina
1427 433 1551 495 ferri
1728 443 1733 444 ’

443 533 523 590 Vt
542 529 730 587 molles
745 524 950 601 trajecit
967 542 1148 601 aqua3‚
1163 539 1260 576 nec
1278 522 1397 598 opis
1415 517 1547 576 mihi
1567 521 1859 598 quicquam
1880 519 1882 521 ’

445 610 651 691 Aspera
671 611 846 668 loricae
867 622 1080 686 poterat
1106 604 1447 661 committere
1468 601 1663 659 moles·

448 776 705 856 Contigit
740 789 922 830 autem
959 771 1148 850 potitis
1186 770 1411 827 viotoria
1431 763 1664 824 Gotthis
1696 782 1862 821 omne

368 860 642 920 Roluonis
661 851 1222 938 agmenoccumbete.

956 1014 1084 1081 Lib.
1141 1039 1166 1081 1
1190 1037 1213 1079 1
1241 1039 1285 1081 1.

451 1174 530 1230 Ea
548 1168 864 1250 tempestate
881 1170 1067 1249 Helgo
1096 1168 1348 1246 Halogiae
1366 1186 1454 1223 rex
1491 1163 1541 1220 C
1548 1159 1725 1221 usonis
1739 1163 1867 1218 Fin-

374 1277 577 1313 norum
624 1257 1094 1332 Byarmorumque
1129 1252 1381 1328 principis
1428 1245 1593 1304 filiam
1642 1249 1868 1301 nomine

375 1337 626 1397 Thoram
650 1334 845 1392 crebra:
863 1334 1154 1412 legationis
1173 1327 1358 1387 officio
1378 1327 1740 1408 procabatur„

452 1503 561 1560 Fro
581 1519 807 1580 quoque
831 1500 1086 1557 Deorum
1105 1492 1305 1574 satrapa
1322 1492 1500 1553 sedem
1517 1489 1659 1572 haud
1681 1489 1871 1570 procul

371 1582 570 1645 Vbsala
606 1584 795 1660 cepit,
836 1579 933 1638 ubi
970 1598 1208 1644 veterem
1244 1579 1504 1634 litationis
1537 1594 1751 1630 morem
1784 1587 1870 1629 tot

376 1664 636 1749 gentibus
670 1683 729 1720 ac
760 1660 961 1719 saeculis
980 1660 1290 1738 usurpatum
1312 1697 1329 1724 ‚
1369 1656 1502 1714 tristi
1535 1653 1870 1733 infandoque

378 1749 590 1829 piaculo
624 1746 870 1803 mutavit.
916 1742 1179 1823 fiqui'dem
1200 1740 1651 1820 humanigeneris
1677 1735 1888 1802 hostias

381 1832 613 1890 maeque
630 1825 896 1910 aggressus
913 1823 1046 1886 faeda
1071 1824 1271 1904 superis
1295 1822 1586 1880 libamenta
1605 1818 1871 1901 persolvit.

975 2012 1100 2078 Lib.
1166 2038 1190 2077 1
1228 2037 1291 2079 v.

459 2170 538 2227 Ea
574 2164 891 2246 tempestate
927 2164 1184 2244 regnabat
1219 2163 1359 2243 apud
1393 2164 1627 2220 Suetiam
1649 2158 1870 2225 Atissus,

385 2255 465 2310 vir-
477 2249 619 2320 fama
636 2249 925 2327 studioque
945 2246 1266 2325 conspicuus
1292 2287 1310 2313 ,
1352 2248 1588 2325 quicum
1608 2242 1874 2301 finitimos

383 2338 486 2395 late
503 2334 644 2391 bello
668 2328 918 2412 preffiffet
938 2374 952 2395 ,
975 2350 1041 2386 ne
1063 2347 1273 2408 partum
1297 2327 1585 2385 virtutibus
1603 2324 1873 2406 fulgorem

387 2420 507 2475 otio
526 2414 840 2494 defidiaeque
860 2411 1318 2490 corrumpendum
1340 2413 1660 2487 relinqueret
1679 2449 1704 2477 ,‚
1721 2428 1875 2466 com-

386 2500 537 2580 plura
571 2519 836 2557 nov-atum
871 2513 1048 2553 retur-n
1077 2491 1251 2552 officia
1266 2493 1450 2551 sedulo
1482 2490 1876 2570 frequentatio-

387 2585 471 2640 nis
490 2581 667 2647 studio
697 2577 1009 2639 celebranda
1039 2579 1279 2639 cutavit„
1307 2579 1449 2634 inter
1465 2596 1583 2655 quae
1603 2577 1764 2632 etiam
1792 2576 1877 2642 inf

388 2663 523 2744 signi
552 2672 818 2721 armatura
838 2661 1135 2720 succinitus
1156 2659 1527 2739 quotidianam
1551 2656 1764 2715 solitarii
1793 2657 1876 2710 in-

391 2743 556 2804 ceffus
576 2745 1021 2819 consuetudinem
1042 2743 1270 2823 praebuit
1295 2766 1323 2816 :²
1338 2760 1455 2800 tum
1474 2739 1624 2821 quod
1641 2743 1694 2796 in
1710 2759 1764 2795 re
1780 2738 1877 2793 mi-

390 2832 528 2888 litari
545 2826 676 2886 nihil
695 2828 882 2885 crebro
913 2847 1189 2885 armorum
1222 2824 1315 2884 usu
1343 2823 1668 2905 ptaestantius
1691 2817 1878 2885 noffet,

375 2930 513 2982 ⁸tum
534 2930 596 2969 ut
611 2909 771 2988 hujus
802 2907 1288 2991 agitatione‘studii
1317 2903 1877 2965 'claritatisincremen-

394 3013 449 3055 ta
466 2992 824 3065 contraheret,
843 2997 899 3051 in
917 3011 1029 3073 quo
1050 3013 1164 3051 non
1181 2997 1358 3051 minus
1377 2989 1471 3049 fibi
1490 2987 1703 3065 fiducia,
1715 3001 1876 3126 qualm

1712 3071 1795 3126 lau
1835 3069 1878 3123 is
