1931 3428
288 183 410 258 926
622 168 1064 230 *Der-*Gerus
1103 166 1589 229 LANcomumss

291 260 465 320 Sclavi
497 253 655 335 super
687 274 815 311 eum
845 250 1026 310 subito
1055 246 1321 309 irruissent
1340 292 1358 319 ,
1392 248 1573 332 &ipse
1592 250 1762 313 adhuc
1780 255 1901 315 lan-4

289 364 442 405 ceam
467 337 617 399 suam
638 336 706 395 ab
723 338 991 416 armigero
1027 355 1143 392 non
1165 330 1488 403 abstulisset,
1520 355 1648 393 eum
1676 341 1768 416 qui
1787 342 1903 418 pri-

290 448 418 487 mus
434 426 484 483 ei
501 424 756 488 occurrit,
775 421 919 481 clava
936 438 1103 501 quarn
1127 437 1294 479 manu
1310 416 1553 500 gestabat
1569 423 1903 500 percutiens,

294 515 409 587 ejus
427 511 597 571 vitam
615 507 854 564 extinxit.

769 642 832 708 C
935 665 984 708 A
1081 664 1140 707 P.
1301 640 1523 709 LIII.

459 786 706 866 Qomodo
725 795 838 842 Rex
870 783 1198 862 Liutprandus
1231 784 1399 859 Pipino
1426 784 1597 844 Karoli
1618 789 1741 861 regia⁴

772 868 882 945 filio
910 868 1140 944 capillum
1173 866 1409 923 totondit.

447 1014 562 1066 Irca
592 1006 704 1065 haec
728 1023 977 1084 tempora
990 1005 1224 1061 Karolus
1243 1044 1260 1071 ,
1285 1004 1533 1083 princeps
1550 1006 1909 1067 Francorum,

451 1094 708 1169 Pipinum
731 1088 888 1145 suum
901 1084 1078 1142 filium
1099 1086 1165 1143 ad
1182 1088 1578 1165 Liutprandum
1598 1087 1791 1145 direxit
1808 1129 1826 1157 ‚
1844 1104 1910 1144 ut

298 1181 411 1253 ejus
434 1178 594 1249 juxta
628 1190 841 1229 morem
870 1170 1123 1248 capillum
1141 1165 1438 1247 susciperet.
1489 1170 1740 1246 Quiejus
1758 1167 1911 1229 caesa-

292 1263 431 1317 riern
449 1255 692 1313 incidens
712 1296 729 1323 ,
748 1258 796 1311 ei
818 1271 970 1334 pater
987 1250 1212 1309 effeetus
1231 1252 1306 1308 est
1321 1292 1339 1320 ,
1373 1251 1662 1332 multisque
1679 1273 1805 1312 eum
1824 1252 1909 1333 di5

295 1359 474 1399 tatum
494 1341 655 1419 regiis
673 1334 992 1396 muneribus
1002 1375 1020 1405 ‚
1049 1336 1290 1416 genitori
1307 1332 1526 1393 remisit.

765 1476 827 1542 C
929 1499 978 1542 A
1076 1499 1132 1540 P.
1282 1475 1492 1543 LIV.

338 1624 602 1681 sarraceni
619 1614 812 1693 rm‘ficm
832 1619 1011 1675 Gallias
1029 1630 1293 1695 repetentes
1309 1613 1341 1674 ἃ
1357 1616 1868 1693 Franciaficperantun

387 1707 450 1767 ὅς’
469 1705 706 1780 quomodo
725 1703 1059 1779 Liutprandus
1074 1702 1368 1778 insolatium
1387 1711 1678 1759 Francorum
1698 1703 1812 1760 ivit.

295 1844 387 1971 P
412 1842 486 1898 Er
516 1841 662 1899 idem
692 1860 910 1919 tempus
946 1843 1358 1896 Sarracenorum
1381 1839 1644 1898 exercitus
1661 1876 1680 1903 ,
1701 1835 1910 1896 rursum

414 1924 470 1981 in
489 1925 724 1982 Galliam
743 1925 1007 1979 introiens
1024 1965 1040 1986 ‚
1072 1924 1302 1978 multam
1320 1919 1743 1979 devastationem
1762 1917 1907 1976 fecit.

297 2008 515 2063 Contra
545 2027 687 2084 quos
719 2007 955 2061 Karolus
990 2023 1104 2060 non
1136 2004 1304 2084 longe
1347 2002 1374 2059 a
1402 2003 1666 2060 Narbona
1706 2001 1910 2059 bellum

296 2091 653 2146 committens
671 2128 688 2156 ,
710 2108 828 2154 eos,
845 2084 975 2142 ficut
993 2088 1208 2163 &prius
1223 2125 1239 2151 ,
1264 2089 1497 2142 maxima
1515 2084 1652 2142 caede
1674 2082 1910 2164 prostra-

205 2239 207 2241 .
297 2174 397 2229 vit.
442 2175 642 2227 Iterato
679 2169 948 2225 Sarraceni
969 2166 1257 2225 Gallorum
1290 2164 1427 2225 fines
1455 2164 1704 2247 ingreffi,
1738 2165 1910 2246 usque

295 2253 363 2311 ad
378 2255 717 2311 Provinciam
738 2266 1003 2308 venerunt
1017 2290 1033 2318 ‚
1069 2255 1124 2307 δε
1144 2268 1300 2328 capta
1318 2252 1529 2308 Arelate
1547 2290 1565 2317 ‚
1597 2251 1784 2307 omnia
1802 2253 1909 2307 cir-

294 2355 641 2415 cumquaque
661 2334 908 2392 demoliti
928 2330 1069 2390 sunt.
1111 2335 1275 2389 Tunc
1292 2333 1750 2413 Karoluslegatos
1778 2352 1907 2389 cum

294 2417 618 2476 muneribus
655 2417 722 2475 acl
765 2414 1161 2492 Liutprandum
1198 2436 1381 2495 regem
1418 2417 1642 2472 mittens
1670 2457 1687 2483 ,
1733 2413 1799 2471 ab
1836 2434 1905 2472 eo

292 2519 483 2559 contra
499 2502 818 2557 Sarracenos
848 2498 1105 2554 auxilium
1125 2495 1388 2576 poposcit.
1433 2498 1611 2564 Quod
1630 2497 1762 2555 nihil
1779 2517 1907 2554 mo-

203 2639 205 2641 ,
291 2601 441 2641 xatus
459 2623 476 2647 ‚
513 2603 638 2640 cum
660 2581 815 2641 omni
834 2579 1325 2659 Langobardorum
1343 2583 1582 2637 exercitu
1600 2582 1657 2636 in
1674 2586 1788 2656 ejus
1807 2578 1907 2636 ad-

286 2666 560 2742 jutorium
579 2667 905 2743 properavit.
953 2664 1092 2739 Qo
1112 2682 1562 2744 compert0‚gens
1583 2666 1906 2720 Sarraceno-

290 2767 417 2807 tum
457 2766 588 2802 mox
625 2745 692 2802 ab
746 2745 851 2803 illis
898 2744 1217 2826 regionibus
1247 2742 1480 2825 aufugit.
1539 2742 1905 2824 Liutprandus

292 2849 426 2889 vero
445 2850 574 2887 cum
606 2831 763 2887 omni
797 2827 894 2885 suo
918 2833 1155 2885 exercitu
1185 2829 1250 2887 ad
1279 2832 1484 2886 Italiam
1503 2828 1674 2886 rediit.
1722 2825 1904 2882 Multa

292 2911 439 2970 idem
477 2928 735 2993 regnator
767 2928 955 2969 contra
983 2913 1272 2970 Romanos
1304 2911 1438 2970 bella
1471 2908 1678 2991 geffit,
1701 2911 1757 2965 in
1777 2911 1902 2987 qui-

293 2991 400 3074 bus
431 2994 644 3079 semper
672 2994 849 3061 vidior
886 2995 1095 3068 extitit,
1137 3013 1326 3077 praeter
1343 2995 1494 3078 quod
1509 2991 1674 3055 semel
1690 2994 1747 3050 in
1768 2991 1902 3083 {xri-

1717 3092 1898 3141 mine,
