1888 3428
344 186 348 191 ’
385 172 458 233 88
480 174 482 178 ’
638 208 641 211 ,
828 170 876 228 E
956 189 991 226 L
1071 164 1107 225 ὃ
1187 161 1225 224 Ξ
1304 184 1338 223 1·
1402 176 1461 222 Αἱ
1834 205 1836 207 .

384 258 546 312 liores
577 272 678 309 nos
713 267 904 331 putant
930 248 1029 309 effe
1048 269 1211 330 quarn
1228 245 1505 305 barbaro&
1544 240 1723 303 dicant
1739 244 1879 325 quid·-

385 334 588 393 horum
608 337 689 392 vel
711 331 997 413 paucissimi
1017 330 1220 390 Gotthi
1241 327 1445 387 faciunt
1464 367 1481 393 ,
1511 329 1592 386 vel
1607 327 1737 406 quid
1756 326 1877 386 norit

389 416 586 474 horum
606 415 844 476 Romani
870 437 1091 482 omnes,
1122 415 1202 473 vel
1222 433 1357 491 pene
1378 429 1591 469 omnes.
1632 416 1688 466 δε
1707 412 1881 476 mira-s

389 520 512 556 mur
529 497 564 561 fi
583 519 729 556 terrae
745 500 827 556 vel
843 500 1249 576 Aquitanorum
1265 496 1347 551 vel
1362 491 1603 551 nostrum
1620 489 1888 564 omnium-l

389 579 813 638 &Deobarbaris
830 580 960 637 datae
977 576 1118 642 sunt,
1137 597 1259 635 cum
1281 597 1339 634 ea
1358 597 1473 653 quae
1490 578 1731 634 Romani
1747 579 1888 656 pola.l

389 663 598 720 luerant
617 660 978 726 fornicatione
996 703 1011 726 ‚
1049 680 1193 717 nunc
1212 658 1476 716 mundent
1492 657 1701 714 barbari
1721 659 1875 728 casti-5

387 752 539 821 tate?
575 745 675 802 Sed
695 743 836 802 forte
871 744 1049 800 hocin
1068 735 1392 821 Aquitaneis
1420 758 1651 797 tantum.
1693 742 1876 800 Tran-

388 825 594 885 seamus
609 829 771 883 etiam
791 826 853 883 ad
872 828 991 883 alias
1013 824 1201 881 mundi
1221 841 1389 902 partes
1403 862 1421 890 ‚
1441 843 1508 878 ne
1528 823 1593 880 de
1613 822 1734 879 solis
1751 842 1875 882 tan-

388 909 682 966 tummodo
702 910 871 966 Gallis
889 903 1066 964 dixisse
1085 907 1377 965 videamur.
1425 906 1577 974 Quid
1595 902 1877 985 Hispanias

390 1012 578 1048 nonne
599 993 679 1047 vel
697 990 880 1047 eadem
901 992 985 1046 vel
1019 995 1224 1064 majora
1242 984 1462 1045 forsitan
1483 989 1611 1045 vitia
1631 990 1883 1066 perdide-5

389 1091 517 1130 runt
538 1081 561 1132 Ρ
594 1094 724 1151 quas
741 1071 961 1151 quidem
978 1071 1185 1129 caelestis
1203 1076 1277 1143 ira
1294 1067 1495 1127 etiamsi
1519 1070 1632 1127 aliis
1651 1073 1880 1146 quibus..

388 1153 518 1213 libet
537 1152 772 1211 barbaris
789 1151 1076 1211 tradidisset
1094 1194 1110 1221 ‚
1141 1153 1301 1232 digna
1333 1170 1516 1210 tamen
1540 1151 1878 1236 flagitiorum.

389 1254 665 1294 tormenta
694 1238 1060 1305 toleraverunt
1096 1237 1338 1312 puritatis
1381 1236 1603 1292 inimici.
1648 1239 1751 1296 Sed
1791 1258 1882 1294 ac...

390 1316 534 1374 ceffit
554 1316 658 1374 hoc
683 1317 747 1373 ad
781 1314 1221 1372 manifestandam
1244 1316 1341 1371 illis
1357 1317 1704 1394 impudentiae
1723 1319 1878 1378 dam-

389 1403 668 1455 nationem
687 1439 702 1465 ,
740 1415 800 1454 ut
817 1396 1114 1456 Wandalis
1139 1395 1477 1475 potissimum
1495 1438 1514 1466 ‚
1544 1399 1597 1458 id
1615 1401 1686 1458 est
1706 1400 1879 1481 publi..

388 1485 464 1538 cis
480 1479 712 1537 barbaris
730 1519 747 1546 ‚
781 1478 1132 1555 traderentur.
1173 1480 1479 1556 Dupliciter
1508 1484 1562 1551 in
1588 1482 1671 1540 illa
1686 1482 1881 1564 Hispa-¹

390 1584 589 1619 norum
623 1563 931 1637 captivitate
967 1563 1120 1617 Deus
1158 1558 1438 1619 ostendere
1468 1552 1640 1621 voluit
1658 1606 1676 1633 ,
1711 1587 1879 1645 quan-

323 1697 325 1699 .
391 1662 510 1702 tum
533 1650 585 1700 &
606 1640 794 1699 odisset
823 1645 990 1698 carnis
1025 1642 1301 1699 libidinem
1322 1681 1340 1707 ‚
1380 1650 1434 1700 δε
1457 1645 1708 1725 diligeret
1724 1647 1888 1705 casti-2

390 1744 558 1783 tatem
578 1765 593 1787 ‚
625 1745 750 1780 cum
772 1729 825 1780 &
844 1722 1164 1784 Wandalos
1182 1724 1257 1779 ob
1277 1723 1440 1781 solam
1468 1732 1701 1785 maxime
1720 1730 1886 1809 pudi-

391 1810 572 1865 citiam
592 1809 690 1863 illis
709 1804 1087 1885 superponeret
1106 1847 1122 1872 ‚
1158 1811 1212 1863 &
1231 1804 1500 1886 Hispanos
1517 1808 1592 1866 ob
1611 1808 1773 1870 solam
1794 1805 1886 1873 vel

393 1893 625 1947 maxime
645 1887 1033 1966 impudicitiam
1051 1886 1375 1968 subjugarent

848 1996 1004 2065 Idem
1042 1996 1210 2063 Libro
1254 2024 1336 2065 VI
1363 2026 1413 2065 1.

474 2126 553 2178 At
572 2124 776 2178 nonita
795 2119 995 2178 Gottlai
1018 2162 1032 2186 ‚
1075 2142 1189 2178 non
1209 2127 1278 2180 ita
1295 2126 1565 2184 Wandali
1588 2165 1605 2191 ‚
1643 2129 1878 2185 malisli*

395 2222 479 2261 cet
513 2203 832 2261 doc'toribus
865 2202 1120 2260 instituti.
1181 2209 1428 2262 meliores
1461 2228 1643 2265 tamen
1677 2213 1732 2265 in
1778 2208 1875 2266 hae

391 2304 540 2364 parte
565 2307 726 2363 quam
757 2283 940 2341 nostri.
987 2284 1189 2343 offendi
1225 2287 1482 2365 quosdam
1514 2294 1761 2369 quamvis
1791 2290 1877 2347 su-

322 2444 326 2446 ·
392 2367 557 2443 spicer
589 2367 671 2422 his
708 2388 823 2444 quae
859 2366 1090 2423 diximus
1123 2390 1136 2423 ε
1190 2365 1278 2427 sed
1323 2374 1448 2448 quia
1481 2376 1673 2429 ‘veritas
1705 2368 1886 2452 magis-¹

392 2471 557 2527 quam
576 2446 801 2504 offensio
822 2447 1105 2526 cogitanda
1125 2448 1199 2505 est
1216 2491 1232 2515 ‚
1263 2452 1433 2510 dicam
1455 2459 1505 2510 δι
1522 2452 1651 2531 saepe
1670 2453 1840 2510 dicam
1858 2476 1875 2494 ¹2

392 2552 509 2587 non
528 2535 600 2586 ita
619 2528 849 2596 Gotthi,
880 2550 995 2586 non
1013 2533 1086 2586 ita
1102 2532 1374 2590 ⁷xWandali
1391 2576 1407 2601 ‚
1437 2538 1531 2615 qui
1552 2542 1605 2593 &
1623 2540 1676 2605 in
1695 2535 1876 2593 discri-

391 2616 544 2669 mine
576 2611 730 2690 positi
748 2631 912 2689 opem
942 2611 969 2668 ὲ
988 2613 1113 2673 Deo
1132 2612 1403 2691 postulant
1422 2659 1438 2684 ‚
1481 2623 1535 2673 &
1557 2615 1882 2697 prosperita-f-

380 2697 460 2764 tis
477 2691 575 2751 suae
597 2713 796 2749 munus
823 2691 1017 2750 divinis
1047 2696 1363 2753 nominibus
1393 2701 1674 2777 appellant.
1720 2700 1883 2757 deni?v

380 2797 500 2855 que
520 2775 769 2855 probavit
803 2772 907 2831 hoc
927 2774 1071 2831 bello
1091 2781 1343 2853 proximo
1375 2779 1658 2838 infelicitas
1677 2770 1873 2840 nostra.

393 2879 517 2920 cum
537 2860 681 2914 enim
697 2854 898 2929 'Gotthi
920 2874 1224 2914 metuerent
1243 2904 1255 2923 ,
1294 2860 1718 2941 praesumpsimus
1736 2884 1836 2920 nos
1853 2862 1882 2921 ε’

394 2960 496 2999 nos
513 2942 568 2996 in
589 2937 792 2999 viribus
812 2934 955 3017 spem
981 2941 1283 3019 ponere,illi
1301 2945 1355 3001 in
1374 2945 1520 3004 DeO.
1544 2966 1667 3006 cum
1686 2962 1784 3025 pax
1806 2944 1872 3000 ab

1772 3028 1873 3085 illis
