1888 3428
222 134 622 202 HtsT0R1AE
660 138 1139 198 VANDA'LICAE
1179 135 1410 199 L113.11.'
1490 179 1491 182 =
1559 143 1633 217 89

21 230 150 306 ,lege
173 222 268 290 sibi
285 222 535 282 subdidit.
566 217 918 300 Propioribus
935 215 999 275 ad
1017 215 1254 277 nostram
1271 239 1479 281 aetatem
1492 216 1636 301 rtem*-

36 307 261 389 poribus
292 308 510 375 Mauri,
539 305 720 386 praelio
757 299 1012 379 superatis
1045 321 1160 357 non
1178 297 1336 363 semel
1360 305 1656 371 Vandalis.

35 392 415 450 Mauritaniam
450 409 570 467 quae
603 405 747 444 nunc
775 383 970 442 dicitur
995 380 1024 438 a
1059 382 1310 442 Gadibus
1341 384 1637 448 Caesaream

37 471 201 551 usque
222 477 577 549 pertinentem
597 509 615 536 ,
651 487 749 525 nec
766 464 903 522 hanc
921 482 1134 523 tantum
1151 510 1166 531 ‚
1202 466 1290 525 sed
1309 473 1363 525 ἃ,
1382 485 1526 525 extra
1541 490 1637 527 eos

36 552 173 610 fines
192 550 388 611 Africae
417 570 628 632 partem
656 569 909 628 magnam
929 566 1171 605 tenuere.
1214 551 1288 606 ita
1316 548 1366 606 se
1384 550 1449 607 de
1471 550 1637 608 Mau-

36 649 223 693 rorum
242 636 474 693 adventu
492 628 924 714 proceffibusque
941 634 996 687 in
1013 626 1198 688 Africa
1219 652 1302 688 res
1321 630 1502 689 habet.
1535 635 1639 689 So.-

36 718 190 777 lomo
209 719 488 775 intellecffis
506 736 620 794 quae
639 711 850 772 Rufino
870 719 923 769 &
943 715 1149 792 Aigani
1167 730 1453 788 evenerant
1475 755 1494 782 ‚
1516 713 1637 771 bel-

37 800 151 856 lum
166 820 353 878 parans
371 838 388 865 ,
420 799 634 856 interim
654 794 764 853 haec
782 793 980 875 scripsit
999 795 1064 855 ad
1083 796 1406 854 Maurorum
1435 799 1638 876 princi-

36 901 144 960 pes.
190 881 408 938 Accidit
422 877 643 938 antehac
661 879 771 936 aliis
788 919 806 946 ,
833 897 893 935 ut
924 884 977 936 &
999 880 1133 935 mala
1157 877 1372 936 consilia
1402 881 1457 935 in
1479 901 1637 937 men-

37 982 146 1030 tem
165 965 265 1020 illis
284 958 526 1023 venirent
542 1001 557 1023 ,
591 967 645 1020 δε
666 959 788 1040 post
810 960 945 1017 male
967 977 1235 1019 verterent
1250 1002 1265 1023 ‚
1301 962 1446 1018 nulla
1463 982 1568 1042 prae
1585 962 1637 1019 se

36 1043 183 1125 figna
213 1043 537 1104 habentibus
566 1065 678 1122 quo
716 1045 917 1100 exitura
956 1042 1080 1121 ipsis
1113 1040 1238 1101 effet
1265 1041 1500 1101 stultitia.
1557 1047 1637 1101 At

39 1147 138 1186 vos
157 1169 175 1195 ,
211 1126 408 1207 quibus
439 1127 467 1184 a
493 1128 678 1184 vicinis
700 1126 956 1185 Vandalis
994 1127 1301 1205 exemplum
1332 1147 1502 1205 prope
1525 1123 1635 1193 est,

33 1210 172 1288 quid
187 1214 341 1289 agitis
359 1207 511 1289 quod
541 1229 740 1288 magno
763 1212 1075 1287 Imperatori
1106 1206 1313 1265 infertis
1331 1229 1475 1274 arma
1492 1248 1508 1274 ,
1543 1229 1640 1266 ve-

39 1292 306 1369 stramque
341 1290 432 1369 ipfi
469 1289 690 1347 salutern
725 1292 1016 1367 projiciti5‚
1049 1289 1210 1368 idque
1238 1311 1362 1347 cum
1394 1297 1446 1347 &
1482 1289 1639 1347 testes

39 1371 344 1430 sanfflffimi
366 1371 713 1448 jurisjurandi
729 1370 934 1428 tabulas
955 1376 1007 1427 &
1036 1369 1180 1427 filios
1210 1370 1409 1428 vestros
1427 1371 1640 1429 dederi-

41 1458 109 1512 tis
128 1456 412 1535 pafiorum
430 1451 681 1513 obfides?
725 1455 818 1509 An
835 1452 890 1511 id
909 1452 1063 1512 vobis
1085 1452 1440 1533 propofitum,
1464 1456 1639 1531 palam

42 1534 211 1595 facere
226 1540 480 1604 necDei‚
515 1557 614 1592 nec
649 1538 804 1600 vitae,
845 1556 941 1592 nec
971 1533 1261 1594 vestrarum
1296 1534 1641 1594 neceffitudi-

41 1612 210 1684 num,
240 1640 336 1675 nec
355 1616 509 1676 vestri
530 1616 687 1675 vobis
705 1656 724 1685 ,
762 1636 940 1694 neque
974 1617 1130 1674 ullius
1166 1615 1398 1694 denique
1431 1620 1507 1673 rei
1539 1616 1641 1676 effe

42 1721 221 1763 curam
243 1707 264 1764 ἓ
307 1701 517 1778 Atqui,
538 1696 573 1756 fi
593 1700 779 1756 Deum
799 1718 865 1753 eo
886 1698 1010 1760 loco
1033 1701 1268 1776 ponitis,
1313 1697 1456 1755 unde
1473 1720 1640 1778 opem

44 1801 231 1842 contra
260 1780 524 1843 summam
554 1797 678 1838 toto
714 1778 848 1841 orbe
882 1784 1181 1859 potentiam
1220 1778 1471 1859 speratis?
1515 1780 1549 1838 fi
1584 1786 1644 1839 in

46 1867 327 1944 pernitiem
351 1862 527 1932 vestrae
562 1864 726 1943 prolis
756 1883 902 1919 arma
933 1866 1149 1941 capitis,
1182 1867 1275 1941 qui
1304 1880 1495 1929 erunt,
1540 1884 1640 1942 pro
1690 1884 1693 1885 ⁷

47 1945 244 2024 quibus
261 1947 487 2025 pericula
503 1944 777 2003 subeunda
786 1945 1034 2021 judicatis
1053 1951 1075 2007 ?
1118 1948 1250 2024 quin
1266 1943 1302 2001 fi
1320 1966 1426 2023 qua
1443 1967 1545 2003 -vos
1563 1950 1645 2002 in-

48 2027 193 2090 ceffit
221 2029 522 2108 improvide
555 2045 851 2105 caeptorum
881 2031 1222 2107 paenitentia,
1272 2023 1498 2084 scribite.
1551 2031 1643 2085 Sin

51 2130 229 2172 manet
245 2111 458 2172 insania,
473 2113 695 2189 accipite
713 2108 738 2166 εὶ
757 2112 1021 2166 Romanis
1040 2108 1243 2167 bellurn
1263 2150 1281 2176 ,
1315 2129 1542 2189 quaeque
1562 2108 1644 2167 fe·-

49 2191 550 2269 dernmjuratorum
569 2191 883 2271 ruptoribus
903 2232 919 2258 ‚
949 2189 1157 2271 suaeque
1177 2190 1379 2249 sobolis
1395 2192 1646 2270 prodito-

49 2272 194 2336 ribus
233 2275 513 2342 debentur.
558 2277 650 2332 Ad
684 2273 776 2331 has
814 2274 1129 2331 Solomonis
1157 2272 1334 2331 literas
1354 2273 1646 2354 responde-

50 2375 175 2419 runt
191 2359 387 2416 Mauri.
437 2355 713 2420 Belisarius
749 2377 850 2413 nos
867 2356 1216 2434 pollicitando
1247 2360 1648 2414 circumventos

49 2442 274 2518 perpulit
308 2443 364 2496 in
384 2439 706 2519 obsequium
725 2437 1001 2497 Iustiniani
1022 2442 1385 2518 Imperatoris,
1428 2440 1645 2497 Deinde

50 2523 291 2579 amicitiae
315 2543 372 2578 ac
395 2520 664 2580 societatis
692 2523 958 2579 Romanae
980 2526 1213 2600 pretium
1241 2519 1442 2578 famem
1461 2563 1477 2589 ,
1511 2522 1645 2579 adeo

52 2600 185 2662 boni
205 2602 333 2661 nihil
349 2604 670 2684 accepimuS.
717 2604 905 2678 Qare
924 2601 959 2659 fi
975 2601 1138 2662 fidem
1162 2607 1510 2671 mutavimUS,
1525 2602 1652 2662 vos-

14 2699 16 2702 ’
55 2683 325 2760 metipsos,
344 2708 455 2743 non
475 2708 576 2744 nos
596 2684 850 2763 accusate.
892 2687 1169 2767 Frangunt
1187 2684 1366 2743 federa
1383 2726 1400 2752 2
1420 2682 1535 2743 non
1554 2689 1650 2764 qui

55 2782 288 2841 acceptas
306 2771 522 2842 injurias
557 2770 727 2847 palam
763 2766 1001 2846 dequesti
1022 2769 1194 2845 palam
1230 2767 1489 2826 deficiunt
1506 2808 1521 2833 ‚
1560 2766 1649 2824 sed

55 2847 148 2922 qui
167 2845 260 2902 sub
279 2844 403 2911 falso
423 2849 612 2907 federis
631 2852 854 2913 nomine
874 2853 984 2907 vim
1015 2849 1269 2914 inferunt.
1306 2849 1372 2908 fic
1391 2857 1444 2908 &
1465 2852 1647 2906 Deum

50 2924 150 2994 ,fibi
168 2925 373 2993 hostem
392 2937 681 3001 conciunt,
705 2953 817 2988 non
836 2934 930 3011 qui
953 2974 967 2998 ‚
990 2950 1048 2989 ut
1067 2931 1169 2991 suis
1187 2930 1434 3000 fruantur
1450 2971 1467 3001 2
1489 2931 1649 2986 armis

875 3016 913 3070 F
962 3034 987 3090 5
1468 3026 1649 3067 arcent.
1714 3039 1716 3041 ·
