1888 3428
219 176 665 239 GoTTHmAE
706 174 1117 238 H1sToR1AE
1155 178 1460 241 L113.1V.
1547 184 1672 265 507'

53 281 226 332 tuna,
260 281 473 342 tempus
495 302 509 324 ,
546 264 699 319 locus
732 260 1007 318 dederant.
1051 260 1171 315 Hic,
1192 257 1316 317 finis
1336 267 1493 342 praelii
1521 265 1667 339 fuit,
1700 281 1705 283 ’

53 349 370 422 multojam
407 346 614 402 noetis.
671 345 920 401 Totilam
957 361 1050 419 per
1083 341 1332 400 tenebras
1362 344 1670 426 fugientem

53 451 179 487 cum
209 432 451 507 quinque
484 424 780 485 comitibus
807 424 950 481 haud
986 424 1247 500 amplius,
1284 447 1521 504 quorum
1557 450 1671 489 erat

57 515 276 589 Scipuar
302 551 318 577 ,
363 504 1298 588 Romanialiquotinsequebantur,
1344 513 1463 586 quis
1485 533 1669 572 tamen

53 591 178 651 effet
195 592 376 649 nescii.
420 599 565 651 Inter
593 592 697 649 hos
724 591 1014 649 Romanos
1041 609 1151 646 erat
1169 596 1224 646 &
1246 590 1463 669 Gepida
1484 599 1673 652 nomi-

54 697 122 733 ne
154 674 409 733 Asbadus
428 716 447 743 ,
477 680 573 756 qui
607 673 808 730 Totilae
842 670 1198 740 imminebat,
1233 691 1293 729 ut
1322 671 1524 732 hastam
1545 680 1593 733 ei
1613 681 1672 736 in

53 775 269 839 tergum
292 757 528 839 adigeret
546 802 562 824 ,
593 777 717 814 cum
735 752 879 812 forte
900 752 1202 827 adolescens
1221 754 1475 815 Gotthus
1501 758 1674 816 eTo-

52 843 155 900 tilae
174 838 373 899 familia
402 839 543 920 fugae
578 837 834 906 consors,
870 838 1163 916 conspe&o
1192 842 1332 919 regis
1355 843 1597 918 periculo
1616 846 1674 899 in

54 922 489 1003 indignationem
521 939 857 979 commotus.
903 926 1053 978 Itane
1072 963 1088 988 ,
1108 925 1306 1001 inquit,
1327 926 1471 980 canis
1488 923 1674 981 domi-

54 1027 188 1062 num
211 1025 369 1062 tuum
389 1001 723 1085 percussurus
746 1005 910 1063 ades?
953 1008 1035 1061 At
1055 1004 1309 1078 Asbadtus
1331 1009 1380 1063 vi
1403 1010 1559 1064 omni
1575 1006 1673 1064 ha-

54 1085 186 1144 stam
206 1088 412 1146 Totilae
430 1091 660 1169 impegit
675 1130 692 1156 ,
735 1087 843 1167 ipse
862 1109 993 1144 vero
1014 1086 1041 1144 ὲ
1061 1083 1311 1164 Scipuare
1331 1088 1525 1168 pedem
1549 1089 1674 1147 vul-

54 1187 271 1228 neratus
299 1169 502 1228 ibidem
521 1173 627 1229 loci
645 1169 851 1228 mansit.
885 1168 1115 1228 substitit
1134 1175 1188 1227 δε
1216 1174 1434 1248 Scipuar
1451 1173 1674 1231 vulnere

54 1253 209 1331 quod
226 1251 254 1309 ἒι
273 1250 709 1333 persequentium
729 1255 912 1332 aliquo
945 1271 1235 1330 acceperat.
1279 1252 1505 1312 Asbado
1536 1277 1676 1336 qua-

58 1353 187 1393 tuor
205 1336 421 1393 aderant
454 1338 650 1393 milites
683 1337 777 1415 qui
801 1334 881 1391 ob
904 1354 1083 1392 curam
1106 1333 1284 1392 salutis
1304 1341 1419 1410 ejus
1449 1335 1676 1416 aperse-

57 1417 280 1497 quendo
301 1415 453 1475 hoste
472 1417 790 1476 destiterunt
809 1458 827 1485 ,
853 1438 1090 1497 cumque
1108 1416 1222 1496 ipso
1246 1418 1309 1475 ad
1329 1438 1472 1476 retro
1491 1420 1676 1479 relicta

55 1499 248 1558 reverfi
269 1499 406 1557 sunt.
426 1504 504 1557 At
519 1502 611 1580 qui
630 1501 881 1557 Totilam
897 1499 1322 1568 comitabantur,
1339 1502 1492 1582 quod
1510 1501 1677 1573 insta-

57 1601 113 1641 re
129 1582 301 1641 adhuc
321 1581 414 1640 fibi
434 1582 643 1641 hostem
663 1583 963 1648 crederent,
980 1581 1146 1640 nihilo
1169 1604 1331 1661 quam
1354 1602 1475 1641 ante
1494 1588 1678 1644 minus

57 1664 419 1746 properabant
451 1706 467 1733 ,
517 1669 766 1745 quamvis
813 1664 987 1744 ipsum
1009 1661 1284 1722 ‘lethaliter
1332 1670 1677 1728 vulneratum

51 1746 645 1828 jamquesernanimem
663 1746 932 1805 traherent
952 1770 966 1803 :
988 1746 1197 1804 cursum
1219 1748 1475 1806 incitabat
1492 1747 1681 1809 neces-

19 1848 23 1854 ·
59 1830 198 1889 sitas,
241 1830 413 1910 spatio
431 1828 687 1889 confecto
722 1828 1017 1888 stadiorum
1040 1849 1280 1909 quatuor
1315 1833 1678 1914 &octoginta

61 1914 127 1972 ad
159 1915 346 1972 locum
381 1909 611 1972 veniunt
644 1916 729 1971 cui
765 1913 957 1989 Capris
991 1934 1232 1981 nomen,
1278 1913 1371 1971 ubi
1405 1910 1586 1973 sumto
1609 1916 1675 1974 ad

62 1999 303 2076 quietem
343 1995 665 2074 sanandique
708 1999 954 2075 corporis
985 2016 1165 2052 curam
1209 2015 1458 2075 tempore
1491 2037 1510 2065 ,
1559 2019 1675 2056 non

63 2080 241 2138 multo
275 2080 394 2160 post
429 2082 596 2137 vitam
630 2080 878 2159 explevit.
916 2096 1153 2136 mortuo
1186 2083 1414 2137 comites
1443 2080 1677 2139 humum

63 2160 501 2237 cuminjeciffent
521 2203 538 2228 ,
581 2160 773 2218 abiere.
817 2164 951 2219 Haec
971 2162 1452 2241 Totilaeregnandi
1472 2184 1677 2221 annum

64 2246 245 2325 agenti
280 2245 631 2302 undecimum
658 2241 782 2301 finis
815 2246 1023 2323 imperii
1044 2265 1102 2300 ac
1133 2247 1252 2302 vitae
1270 2242 1405 2314 fuit,
1450 2248 1678 2304 minime

67 2325 336 2406 prioribus
369 2331 481 2402 ejus
513 2327 641 2383 atPtis
676 2347 1003 2406 congruens.
1044 2325 1131 2384 sed
1163 2324 1295 2385 ficut
1329 2349 1414 2385 res
1441 2329 1517 2386 illi
1554 2346 1680 2387 ante

66 2407 220 2487 supra
239 2406 600 2486 exspectatum
622 2408 977 2487 processerant
992 2450 1009 2478 ,
1030 2411 1121 2466 ita
1142 2415 1197 2468 δι
1214 2412 1310 2489 qui
1338 2412 1561 2470 minime
1583 2433 1680 2469 ex-

66 2489 402 2570 specotabatur
435 2490 544 2549 fuit
573 2496 762 2549 exitus,
821 2493 1001 2549 Etiam
1029 2495 1085 2549 in
1120 2491 1226 2549 hoc
1246 2490 1468 2553 fortuna
1488 2536 1503 2560 ,
1552 2494 1679 2574 pul-

68 2573 258 2631 chrum
282 2572 530 2632 renidens
563 2596 620 2632 ac
654 2575 812 2632 rebus
845 2576 1076 2634 illudens
1109 2573 1360 2633 humanis
1385 2618 1402 2646 ,
1445 2575 1681 2636 ostendit

69 2674 232 2736 quam
253 2653 453 2714 feratur
470 2674 674 2715 temere
691 2699 710 2726 ,
737 2676 797 2714 ut
816 2679 932 2736 quae
953 2661 1077 2739 cogi
1097 2677 1332 2738 nequeat
1347 2680 1537 2717 eorum
1557 2681 1678 2739 quae

69 2740 188 2796 vult
219 2742 486 2796 rationem
522 2740 758 2798 reddere.
804 2742 888 2798 illa
920 2743 1124 2800 Totilae
1157 2742 1382 2822 longam
1402 2741 1509 2798 fine
1528 2739 1678 2799 causa

69 2817 383 2878 felicitatem
414 2819 683 2901 praestitit,
713 2823 801 2880 illa
833 2844 1093 2902 pavorem
1124 2827 1170 2880 ei
1191 2828 1526 2903 exitiumque
1542 2822 1680 2879 stru-

71 2903 151 2959 xit
167 2943 183 2969 ,
214 2904 354 2961 unde
375 2926 489 2961 non
509 2904 818 2984 oportebat.
862 2903 950 2963 sed
967 2905 1108 2971 haec,
1143 2909 1196 2962 ni
1216 2903 1392 2973 fallor,
1410 2907 1476 2962 ab
1493 2904 1676 2961 homi-

71 2982 232 3046 nibus
251 2990 448 3067 percipi
475 3009 652 3068 neque
677 3005 975 3068 potuerunt
1002 3009 1244 3069 unquam
1260 3029 1277 3059 ,
1310 3008 1487 3066 neque
1513 3002 1676 3066 pote-

1545 3085 1672 3126 runt
