<?xml version="1.0" encoding="UTF-8"?>
<!DOCTYPE html PUBLIC "-//W3C//DTD XHTML 1.0 Transitional//EN"
    "http://www.w3.org/TR/xhtml1/DTD/xhtml1-transitional.dtd">
<html xmlns="http://www.w3.org/1999/xhtml" xml:lang="en" lang="en">
 <head>
  <title>
</title>
<meta http-equiv="Content-Type" content="text/html;charset=utf-8" />
  <meta name='ocr-system' content='tesseract 3.04.00' />
  <meta name='ocr-capabilities' content='ocr_page ocr_carea ocr_par ocr_line ocrx_word'/>
</head>
<body>
  <div class='ocr_page' id='page_1' title='image "./historiagotthoru00grot_0725.png"; bbox 0 0 1888 3428; ppageno 0'>
   <div class='ocr_carea' id='block_1_1' title="bbox 0 129 1673 3051">
    <p class='ocr_par' dir='ltr' id='par_1_1' title="bbox 0 129 1673 2260">
     <span class='ocr_line' id='line_1_1' title="bbox 78 129 1609 206; baseline -0.006 -12"><span class='ocrx_word' id='word_1_1' title='bbox 78 155 167 194; x_wconf 81' lang='lat' dir='ltr'><strong>AD</strong></span> <span class='ocrx_word' id='word_1_2' title='bbox 199 133 583 192; x_wconf 79' lang='lat' dir='ltr'><strong>GoTTI-los</strong></span> <span class='ocrx_word' id='word_1_3' title='bbox 625 135 1149 201; x_wconf 61' lang='lat' dir='ltr'><strong>P‘ERTmENsz</strong></span> <span class='ocrx_word' id='word_1_4' title='bbox 1181 129 1261 183; x_wconf 93' lang='lat' dir='ltr'><strong>L1</strong></span> <span class='ocrx_word' id='word_1_5' title='bbox 1282 148 1332 184; x_wconf 81' lang='lat' dir='ltr'><strong>B·</strong></span> <span class='ocrx_word' id='word_1_6' title='bbox 1364 133 1448 186; x_wconf 91' lang='lat'><strong>11.</strong></span> <span class='ocrx_word' id='word_1_7' title='bbox 1496 145 1609 206; x_wconf 86' lang='lat'><strong>559</strong></span> 
     </span>
     <span class='ocr_line' id='line_1_2' title="bbox 20 206 1673 295; baseline -0.005 -20"><span class='ocrx_word' id='word_1_8' title='bbox 20 236 118 276; x_wconf 86' lang='lat' dir='ltr'><strong>erae</strong></span> <span class='ocrx_word' id='word_1_9' title='bbox 141 215 351 291; x_wconf 81' lang='lat' dir='ltr'>solent,</span> <span class='ocrx_word' id='word_1_10' title='bbox 385 212 703 295; x_wconf 86' lang='lat' dir='ltr'><strong>sanguinem</strong></span> <span class='ocrx_word' id='word_1_11' title='bbox 723 215 952 290; x_wconf 87' lang='lat' dir='ltr'><strong>lingens.</strong></span> <span class='ocrx_word' id='word_1_12' title='bbox 995 210 1069 264; x_wconf 89' lang='lat' dir='ltr'><strong>ita</strong></span> <span class='ocrx_word' id='word_1_13' title='bbox 1106 206 1258 267; x_wconf 82' lang='lat' dir='ltr'><strong>fimul</strong></span> <span class='ocrx_word' id='word_1_14' title='bbox 1280 216 1333 265; x_wconf 86' lang='lat'>&amp;</span> <span class='ocrx_word' id='word_1_15' title='bbox 1359 210 1616 289; x_wconf 88' lang='lat' dir='ltr'><strong>impletus</strong></span> <span class='ocrx_word' id='word_1_16' title='bbox 1666 242 1673 247; x_wconf 93' lang='lat'><em>-</em></span> 
     </span>
     <span class='ocr_line' id='line_1_3' title="bbox 23 286 1616 377; baseline -0.004 -21"><span class='ocrx_word' id='word_1_17' title='bbox 23 303 113 366; x_wconf 88' lang='lat' dir='ltr'><strong>ui,</strong></span> <span class='ocrx_word' id='word_1_18' title='bbox 149 305 201 357; x_wconf 87' lang='lat'>&amp;</span> <span class='ocrx_word' id='word_1_19' title='bbox 224 299 479 377; x_wconf 88' lang='lat' dir='ltr'><strong>paulatim</strong></span> <span class='ocrx_word' id='word_1_20' title='bbox 521 293 830 354; x_wconf 85' lang='lat' dir='ltr'><strong>decrescens</strong></span> <span class='ocrx_word' id='word_1_21' title='bbox 858 331 877 359; x_wconf 89' lang='lat'>‚</span> <span class='ocrx_word' id='word_1_22' title='bbox 913 310 1039 347; x_wconf 90' lang='lat' dir='ltr'><strong>eum</strong></span> <span class='ocrx_word' id='word_1_23' title='bbox 1076 286 1242 345; x_wconf 88' lang='lat' dir='ltr'><strong>finem</strong></span> <span class='ocrx_word' id='word_1_24' title='bbox 1283 293 1401 349; x_wconf 84' lang='lat' dir='ltr'><strong>vitae</strong></span> <span class='ocrx_word' id='word_1_25' title='bbox 1433 291 1616 349; x_wconf 83' lang='lat' dir='ltr'><strong>infeli·</strong></span> 
     </span>
     <span class='ocr_line' id='line_1_4' title="bbox 27 373 1619 437; baseline -0.004 0"><span class='ocrx_word' id='word_1_26' title='bbox 27 378 258 437; x_wconf 85' lang='lat' dir='ltr'><strong>iffimum</strong></span> <span class='ocrx_word' id='word_1_27' title='bbox 279 378 485 436; x_wconf 86' lang='lat' dir='ltr'>habuit.</span> <span class='ocrx_word' id='word_1_28' title='bbox 530 376 902 435; x_wconf 87' lang='lat' dir='ltr'><strong>moriebantur</strong></span> <span class='ocrx_word' id='word_1_29' title='bbox 917 373 1132 428; x_wconf 89' lang='lat' dir='ltr'><strong>interim</strong></span> <span class='ocrx_word' id='word_1_30' title='bbox 1166 377 1219 429; x_wconf 74' lang='grc' dir='ltr'><strong>δε</strong></span> <span class='ocrx_word' id='word_1_31' title='bbox 1256 374 1377 436; x_wconf 89' lang='lat' dir='ltr'><strong>alii,</strong></span> <span class='ocrx_word' id='word_1_32' title='bbox 1415 394 1512 429; x_wconf 92' lang='lat' dir='ltr'><strong>nec</strong></span> <span class='ocrx_word' id='word_1_33' title='bbox 1534 394 1619 430; x_wconf 88' lang='lat' dir='ltr'><strong>re-</strong></span> 
     </span>
     <span class='ocr_line' id='line_1_5' title="bbox 0 449 1622 522; baseline -0.007 0"><span class='ocrx_word' id='word_1_34' title='bbox 0 461 138 522; x_wconf 86' lang='lat' dir='ltr'><strong>mifit</strong></span> <span class='ocrx_word' id='word_1_35' title='bbox 177 463 379 518; x_wconf 90' lang='lat' dir='ltr'><strong>malum</strong></span> <span class='ocrx_word' id='word_1_36' title='bbox 414 461 588 518; x_wconf 89' lang='lat' dir='ltr'><strong>donec</strong></span> <span class='ocrx_word' id='word_1_37' title='bbox 618 477 812 516; x_wconf 87' lang='lat' dir='ltr'><strong>omnes</strong></span> <span class='ocrx_word' id='word_1_38' title='bbox 846 451 1185 511; x_wconf 83' lang='lat' dir='ltr'><strong>absumserat.</strong></span> <span class='ocrx_word' id='word_1_39' title='bbox 1227 449 1376 510; x_wconf 85' lang='lat' dir='ltr'><strong>febre</strong></span> <span class='ocrx_word' id='word_1_40' title='bbox 1428 454 1622 511; x_wconf 85' lang='lat' dir='ltr'><strong>arden-</strong></span> 
     </span>
     <span class='ocr_line' id='line_1_6' title="bbox 0 534 1623 622; baseline -0.007 -20"><span class='ocrx_word' id='word_1_41' title='bbox 0 563 74 602; x_wconf 88' lang='lat' dir='ltr'><strong>tes</strong></span> <span class='ocrx_word' id='word_1_42' title='bbox 94 545 308 622; x_wconf 87' lang='lat' dir='ltr'>plurimi</span> <span class='ocrx_word' id='word_1_43' title='bbox 329 584 345 610; x_wconf 91' lang='lat'>‚</span> <span class='ocrx_word' id='word_1_44' title='bbox 377 561 562 599; x_wconf 86' lang='lat' dir='ltr'><strong>mente</strong></span> <span class='ocrx_word' id='word_1_45' title='bbox 601 559 782 598; x_wconf 87' lang='lat' dir='ltr'><strong>tamen</strong></span> <span class='ocrx_word' id='word_1_46' title='bbox 811 539 1020 616; x_wconf 83' lang='lat' dir='ltr'><strong>integra</strong></span> <span class='ocrx_word' id='word_1_47' title='bbox 1055 534 1446 592; x_wconf 86' lang='lat' dir='ltr'><strong>moriebantur.</strong></span> <span class='ocrx_word' id='word_1_48' title='bbox 1491 538 1623 592; x_wconf 86' lang='lat' dir='ltr'><strong>alios</strong></span> 
     </span>
     <span class='ocr_line' id='line_1_7' title="bbox 0 617 1623 705; baseline -0.007 -22"><span class='ocrx_word' id='word_1_49' title='bbox 0 629 182 704; x_wconf 84' lang='lat' dir='ltr'><strong>capitis</strong></span> <span class='ocrx_word' id='word_1_50' title='bbox 198 625 435 705; x_wconf 83' lang='lat' dir='ltr'><strong>gravedo</strong></span> <span class='ocrx_word' id='word_1_51' title='bbox 455 622 704 690; x_wconf 85' lang='lat' dir='ltr'><strong>vexabat,</strong></span> <span class='ocrx_word' id='word_1_52' title='bbox 731 620 840 676; x_wconf 88' lang='lat' dir='ltr'><strong>aliis</strong></span> <span class='ocrx_word' id='word_1_53' title='bbox 861 619 1037 676; x_wconf 87' lang='lat' dir='ltr'><strong>aderat</strong></span> <span class='ocrx_word' id='word_1_54' title='bbox 1055 617 1332 675; x_wconf 86' lang='lat' dir='ltr'><strong>delirium:</strong></span> <span class='ocrx_word' id='word_1_55' title='bbox 1353 620 1492 675; x_wconf 87' lang='lat' dir='ltr'><strong>varia</strong></span> <span class='ocrx_word' id='word_1_56' title='bbox 1508 638 1623 673; x_wconf 92' lang='lat' dir='ltr'><strong>ma-</strong></span> 
     </span>
     <span class='ocr_line' id='line_1_8' title="bbox 0 700 1622 765; baseline -0.007 0"><span class='ocrx_word' id='word_1_57' title='bbox 0 709 179 765; x_wconf 87' lang='lat' dir='ltr'><strong>lorum</strong></span> <span class='ocrx_word' id='word_1_58' title='bbox 202 706 394 765; x_wconf 85' lang='lat' dir='ltr'><strong>facies:</strong></span> <span class='ocrx_word' id='word_1_59' title='bbox 429 727 568 763; x_wconf 86' lang='lat' dir='ltr'><strong>unus</strong></span> <span class='ocrx_word' id='word_1_60' title='bbox 588 702 780 761; x_wconf 82' lang='lat' dir='ltr'>omnib</span> <span class='ocrx_word' id='word_1_61' title='bbox 794 723 854 758; x_wconf 89' lang='lat' dir='ltr'><strong>us</strong></span> <span class='ocrx_word' id='word_1_62' title='bbox 873 700 937 757; x_wconf 89' lang='lat' dir='ltr'><strong>ad</strong></span> <span class='ocrx_word' id='word_1_63' title='bbox 958 718 1193 757; x_wconf 89' lang='lat' dir='ltr'><strong>mortem</strong></span> <span class='ocrx_word' id='word_1_64' title='bbox 1213 702 1406 756; x_wconf 86' lang='lat' dir='ltr'><strong>exitus.</strong></span> <span class='ocrx_word' id='word_1_65' title='bbox 1453 700 1622 755; x_wconf 87' lang='lat' dir='ltr'><strong>Hunc</strong></span> 
     </span>
     <span class='ocr_line' id='line_1_9' title="bbox 0 779 1617 868; baseline -0.006 -23"><span class='ocrx_word' id='word_1_66' title='bbox 0 793 297 847; x_wconf 84' lang='lat' dir='ltr'><strong>terminum</strong></span> <span class='ocrx_word' id='word_1_67' title='bbox 318 789 646 868; x_wconf 79' lang='lat' dir='ltr'><strong>expeditioni</strong></span> <span class='ocrx_word' id='word_1_68' title='bbox 667 782 948 841; x_wconf 87' lang='lat' dir='ltr'><strong>Leutharis</strong></span> <span class='ocrx_word' id='word_1_69' title='bbox 970 789 1022 840; x_wconf 83' lang='lat'>&amp;</span> <span class='ocrx_word' id='word_1_70' title='bbox 1043 784 1136 861; x_wconf 89' lang='lat' dir='ltr'><strong>qui</strong></span> <span class='ocrx_word' id='word_1_71' title='bbox 1155 803 1280 838; x_wconf 87' lang='lat' dir='ltr'><strong>eum</strong></span> <span class='ocrx_word' id='word_1_72' title='bbox 1302 779 1465 838; x_wconf 85' lang='lat' dir='ltr'><strong>secuti</strong></span> <span class='ocrx_word' id='word_1_73' title='bbox 1480 779 1617 845; x_wconf 86' lang='lat' dir='ltr'><strong>sunt,</strong></span> 
     </span>
     <span class='ocr_line' id='line_1_10' title="bbox 0 862 1625 947; baseline -0.006 -19"><span class='ocrx_word' id='word_1_74' title='bbox 0 868 221 929; x_wconf 89' lang='lat' dir='ltr'><strong>fortuna</strong></span> <span class='ocrx_word' id='word_1_75' title='bbox 242 869 534 939; x_wconf 82' lang='lat' dir='ltr'><strong>constituit.</strong></span> <span class='ocrx_word' id='word_1_76' title='bbox 580 889 697 947; x_wconf 84' lang='lat' dir='ltr'><strong>quae</strong></span> <span class='ocrx_word' id='word_1_77' title='bbox 726 866 859 923; x_wconf 87' lang='lat' dir='ltr'><strong>dum</strong></span> <span class='ocrx_word' id='word_1_78' title='bbox 879 868 933 922; x_wconf 90' lang='lat' dir='ltr'><strong>in</strong></span> <span class='ocrx_word' id='word_1_79' title='bbox 956 866 1189 922; x_wconf 86' lang='lat' dir='ltr'><strong>Venetia</strong></span> <span class='ocrx_word' id='word_1_80' title='bbox 1207 880 1441 943; x_wconf 85' lang='lat' dir='ltr'><strong>aguntur</strong></span> <span class='ocrx_word' id='word_1_81' title='bbox 1463 903 1479 929; x_wconf 84' lang='lat'>‚</span> <span class='ocrx_word' id='word_1_82' title='bbox 1517 862 1625 919; x_wconf 90' lang='lat' dir='ltr'><strong>du-</strong></span> 
     </span>
     <span class='ocr_line' id='line_1_11' title="bbox 0 945 1625 1025; baseline -0.007 -14"><span class='ocrx_word' id='word_1_83' title='bbox 0 975 125 1011; x_wconf 87' lang='lat' dir='ltr'><strong>cum</strong></span> <span class='ocrx_word' id='word_1_84' title='bbox 161 955 290 1010; x_wconf 80' lang='lat' dir='ltr'><strong>alter</strong></span> <span class='ocrx_word' id='word_1_85' title='bbox 319 953 588 1009; x_wconf 88' lang='lat' dir='ltr'><strong>Butilinus</strong></span> <span class='ocrx_word' id='word_1_86' title='bbox 624 970 749 1007; x_wconf 91' lang='lat' dir='ltr'><strong>cum</strong></span> <span class='ocrx_word' id='word_1_87' title='bbox 768 945 909 1005; x_wconf 86' lang='lat' dir='ltr'><strong>freto</strong></span> <span class='ocrx_word' id='word_1_88' title='bbox 934 947 1118 1003; x_wconf 91' lang='lat' dir='ltr'><strong>Siculo</strong></span> <span class='ocrx_word' id='word_1_89' title='bbox 1139 964 1298 1003; x_wconf 78' lang='lat' dir='ltr'><strong>tenus</strong></span> <span class='ocrx_word' id='word_1_90' title='bbox 1315 945 1518 1025; x_wconf 83' lang='lat' dir='ltr'><strong>oppida</strong></span> <span class='ocrx_word' id='word_1_91' title='bbox 1536 965 1625 1001; x_wconf 86' lang='lat' dir='ltr'><strong>ca-</strong></span> 
     </span>
     <span class='ocr_line' id='line_1_12' title="bbox 0 1025 1624 1114; baseline -0.007 -21"><span class='ocrx_word' id='word_1_92' title='bbox 0 1034 252 1114; x_wconf 83' lang='lat' dir='ltr'><strong>stellaque</strong></span> <span class='ocrx_word' id='word_1_93' title='bbox 272 1054 419 1112; x_wconf 82' lang='lat' dir='ltr'><strong>paene</strong></span> <span class='ocrx_word' id='word_1_94' title='bbox 440 1036 628 1089; x_wconf 89' lang='lat' dir='ltr'><strong>omnia</strong></span> <span class='ocrx_word' id='word_1_95' title='bbox 658 1032 952 1111; x_wconf 87' lang='lat' dir='ltr'><strong>populatus</strong></span> <span class='ocrx_word' id='word_1_96' title='bbox 970 1025 1129 1095; x_wconf 86' lang='lat' dir='ltr'><strong>esset,</strong></span> <span class='ocrx_word' id='word_1_97' title='bbox 1164 1029 1400 1085; x_wconf 79' lang='lat' dir='ltr'><strong>reversus</strong></span> <span class='ocrx_word' id='word_1_98' title='bbox 1434 1031 1533 1084; x_wconf 88' lang='lat' dir='ltr'><strong>iter</strong></span> <span class='ocrx_word' id='word_1_99' title='bbox 1567 1028 1624 1082; x_wconf 85' lang='lat' dir='ltr'><strong>in</strong></span> 
     </span>
     <span class='ocr_line' id='line_1_13' title="bbox 2 1108 1626 1195; baseline -0.006 -21"><span class='ocrx_word' id='word_1_100' title='bbox 2 1119 355 1195; x_wconf 84' lang='lat' dir='ltr'>Campaniam</span> <span class='ocrx_word' id='word_1_101' title='bbox 371 1118 723 1193; x_wconf 84' lang='lat' dir='ltr'><strong>Romamque</strong></span> <span class='ocrx_word' id='word_1_102' title='bbox 744 1117 882 1193; x_wconf 86' lang='lat' dir='ltr'><strong>cepit</strong></span> <span class='ocrx_word' id='word_1_103' title='bbox 903 1153 919 1178; x_wconf 86' lang='lat'>,</span> <span class='ocrx_word' id='word_1_104' title='bbox 951 1108 1346 1169; x_wconf 70' lang='lat' dir='ltr'><strong>ubi-Narsetem</strong></span> <span class='ocrx_word' id='word_1_105' title='bbox 1364 1130 1520 1189; x_wconf 78' lang='lat' dir='ltr'><strong>agere</strong></span> <span class='ocrx_word' id='word_1_106' title='bbox 1543 1112 1626 1165; x_wconf 80' lang='lat' dir='ltr'><strong>vi·-</strong></span> 
     </span>
     <span class='ocr_line' id='line_1_14' title="bbox 0 1195 1626 1278; baseline -0.006 -23"><span class='ocrx_word' id='word_1_107' title='bbox 0 1219 190 1278; x_wconf 87' lang='lat' dir='ltr'><strong>resque</strong></span> <span class='ocrx_word' id='word_1_108' title='bbox 214 1200 495 1255; x_wconf 87' lang='lat' dir='ltr'><strong>Romanas</strong></span> <span class='ocrx_word' id='word_1_109' title='bbox 515 1198 697 1276; x_wconf 81' lang='lat' dir='ltr'><strong>colligi</strong></span> <span class='ocrx_word' id='word_1_110' title='bbox 717 1196 1062 1252; x_wconf 83' lang='lat' dir='ltr'><strong>intellexerat.</strong></span> <span class='ocrx_word' id='word_1_111' title='bbox 1107 1195 1305 1270; x_wconf 82' lang='lat' dir='ltr'><strong>Neque</strong></span> <span class='ocrx_word' id='word_1_112' title='bbox 1326 1197 1470 1249; x_wconf 86' lang='lat' dir='ltr'><strong>enim</strong></span> <span class='ocrx_word' id='word_1_113' title='bbox 1490 1211 1626 1247; x_wconf 84' lang='lat' dir='ltr'><strong>cun-</strong></span> 
     </span>
     <span class='ocr_line' id='line_1_15' title="bbox 0 1271 1643 1358; baseline -0.006 -21"><span class='ocrx_word' id='word_1_114' title='bbox 0 1280 257 1337; x_wconf 68' lang='lat' dir='ltr'><strong>&amp;andum</strong></span> <span class='ocrx_word' id='word_1_115' title='bbox 293 1278 390 1336; x_wconf 82' lang='lat' dir='ltr'><strong>fibi</strong></span> <span class='ocrx_word' id='word_1_116' title='bbox 412 1281 637 1358; x_wconf 84' lang='lat' dir='ltr'><strong>amplius</strong></span> <span class='ocrx_word' id='word_1_117' title='bbox 660 1319 676 1344; x_wconf 86' lang='lat'>‚</span> <span class='ocrx_word' id='word_1_118' title='bbox 714 1277 1072 1356; x_wconf 84' lang='lat' dir='ltr'><strong>palandumve</strong></span> <span class='ocrx_word' id='word_1_119' title='bbox 1104 1273 1350 1332; x_wconf 85' lang='lat' dir='ltr'><strong>censebat</strong></span> <span class='ocrx_word' id='word_1_120' title='bbox 1375 1315 1391 1341; x_wconf 87' lang='lat'>‚</span> <span class='ocrx_word' id='word_1_121' title='bbox 1429 1271 1514 1330; x_wconf 86' lang='lat' dir='ltr'><strong>sed</strong></span> <span class='ocrx_word' id='word_1_122' title='bbox 1534 1290 1643 1329; x_wconf 80' lang='lat' dir='ltr'><strong>t0·..</strong></span> 
     </span>
     <span class='ocr_line' id='line_1_16' title="bbox 0 1354 1628 1435; baseline -0.007 -15"><span class='ocrx_word' id='word_1_123' title='bbox 0 1369 66 1420; x_wconf 84' lang='lat' dir='ltr'><strong>to</strong></span> <span class='ocrx_word' id='word_1_124' title='bbox 97 1365 335 1418; x_wconf 78' lang='lat' dir='ltr'><strong>exercitu</strong></span> <span class='ocrx_word' id='word_1_125' title='bbox 375 1362 567 1419; x_wconf 86' lang='lat' dir='ltr'><strong>Martis</strong></span> <span class='ocrx_word' id='word_1_126' title='bbox 601 1358 936 1416; x_wconf 80' lang='lat' dir='ltr'><strong>subeundam</strong></span> <span class='ocrx_word' id='word_1_127' title='bbox 969 1360 1135 1415; x_wconf 85' lang='lat' dir='ltr'><strong>aleam</strong></span> <span class='ocrx_word' id='word_1_128' title='bbox 1170 1378 1184 1412; x_wconf 73' lang='grc' dir='ltr'><strong>ε</strong></span> <span class='ocrx_word' id='word_1_129' title='bbox 1244 1354 1422 1435; x_wconf 82' lang='lat' dir='ltr'><strong>eoque</strong></span> <span class='ocrx_word' id='word_1_130' title='bbox 1455 1358 1628 1433; x_wconf 85' lang='lat' dir='ltr'><strong>magis</strong></span> 
     </span>
     <span class='ocr_line' id='line_1_17' title="bbox 1 1436 1638 1524; baseline -0.005 -23"><span class='ocrx_word' id='word_1_131' title='bbox 1 1444 156 1524; x_wconf 90' lang='lat' dir='ltr'><strong>quod</strong></span> <span class='ocrx_word' id='word_1_132' title='bbox 172 1450 281 1518; x_wconf 88' lang='lat' dir='ltr'><strong>jam</strong></span> <span class='ocrx_word' id='word_1_133' title='bbox 310 1449 366 1500; x_wconf 75' lang='grc' dir='ltr'><strong>δε</strong></span> <span class='ocrx_word' id='word_1_134' title='bbox 386 1445 449 1501; x_wconf 89' lang='lat' dir='ltr'><strong>ad</strong></span> <span class='ocrx_word' id='word_1_135' title='bbox 468 1440 608 1523; x_wconf 87' lang='lat' dir='ltr'><strong>ipsos</strong></span> <span class='ocrx_word' id='word_1_136' title='bbox 627 1444 822 1500; x_wconf 89' lang='lat' dir='ltr'><strong>milites</strong></span> <span class='ocrx_word' id='word_1_137' title='bbox 856 1438 1035 1496; x_wconf 88' lang='lat' dir='ltr'><strong>morbi</strong></span> <span class='ocrx_word' id='word_1_138' title='bbox 1052 1436 1412 1517; x_wconf 86' lang='lat' dir='ltr'><strong>pervaserant,</strong></span> <span class='ocrx_word' id='word_1_139' title='bbox 1444 1439 1638 1493; x_wconf 88' lang='lat' dir='ltr'><strong>multis·</strong></span> 
     </span>
     <span class='ocr_line' id='line_1_18' title="bbox 2 1522 1631 1605; baseline -0.006 -21"><span class='ocrx_word' id='word_1_140' title='bbox 2 1529 256 1584; x_wconf 88' lang='lat' dir='ltr'><strong>exitiales.</strong></span> <span class='ocrx_word' id='word_1_141' title='bbox 299 1526 499 1583; x_wconf 63' lang='lat' dir='ltr'><strong>Exmfia</strong></span> <span class='ocrx_word' id='word_1_142' title='bbox 517 1528 718 1605; x_wconf 88' lang='lat' dir='ltr'><strong>quippe</strong></span> <span class='ocrx_word' id='word_1_143' title='bbox 752 1522 925 1582; x_wconf 84' lang='lat' dir='ltr'><strong>aestate</strong></span> <span class='ocrx_word' id='word_1_144' title='bbox 945 1537 1166 1600; x_wconf 85' lang='lat' dir='ltr'><strong>caeperat</strong></span> <span class='ocrx_word' id='word_1_145' title='bbox 1185 1537 1482 1578; x_wconf 83' lang='lat' dir='ltr'><strong>autumnus</strong></span> <span class='ocrx_word' id='word_1_146' title='bbox 1499 1563 1513 1584; x_wconf 89' lang='lat'><strong>,</strong></span> <span class='ocrx_word' id='word_1_147' title='bbox 1546 1522 1631 1574; x_wconf 85' lang='lat' dir='ltr'><strong>vi·-</strong></span> 
     </span>
     <span class='ocr_line' id='line_1_19' title="bbox 2 1602 1627 1687; baseline -0.006 -21"><span class='ocrx_word' id='word_1_148' title='bbox 2 1626 194 1687; x_wconf 88' lang='lat' dir='ltr'><strong>tesque</strong></span> <span class='ocrx_word' id='word_1_149' title='bbox 212 1626 361 1665; x_wconf 89' lang='lat' dir='ltr'><strong>erant</strong></span> <span class='ocrx_word' id='word_1_150' title='bbox 379 1611 493 1664; x_wconf 89' lang='lat' dir='ltr'><strong>uvis</strong></span> <span class='ocrx_word' id='word_1_151' title='bbox 511 1606 825 1686; x_wconf 85' lang='lat' dir='ltr'><strong>gravidae‚&amp;</strong></span> <span class='ocrx_word' id='word_1_152' title='bbox 847 1602 968 1682; x_wconf 85' lang='lat' dir='ltr'><strong>ipsis</strong></span> <span class='ocrx_word' id='word_1_153' title='bbox 986 1623 1164 1660; x_wconf 88' lang='lat' dir='ltr'><strong>rerum</strong></span> <span class='ocrx_word' id='word_1_154' title='bbox 1180 1603 1400 1665; x_wconf 85' lang='lat' dir='ltr'><strong>aliarum</strong></span> <span class='ocrx_word' id='word_1_155' title='bbox 1418 1603 1627 1678; x_wconf 89' lang='lat' dir='ltr'><strong>inopia,</strong></span> 
     </span>
     <span class='ocr_line' id='line_1_20' title="bbox 3 1681 1638 1770; baseline -0.006 -23"><span class='ocrx_word' id='word_1_156' title='bbox 3 1689 160 1770; x_wconf 73' lang='lat' dir='ltr'><strong>quod</strong></span> <span class='ocrx_word' id='word_1_157' title='bbox 194 1692 447 1746; x_wconf 88' lang='lat' dir='ltr'><strong>alimenta</strong></span> <span class='ocrx_word' id='word_1_158' title='bbox 482 1707 668 1748; x_wconf 83' lang='lat' dir='ltr'><strong>caetera</strong></span> <span class='ocrx_word' id='word_1_159' title='bbox 695 1683 887 1744; x_wconf 87' lang='lat' dir='ltr'><strong>Narses</strong></span> <span class='ocrx_word' id='word_1_160' title='bbox 921 1684 1184 1764; x_wconf 87' lang='lat' dir='ltr'><strong>prudente</strong></span> <span class='ocrx_word' id='word_1_161' title='bbox 1203 1681 1427 1740; x_wconf 79' lang='lat' dir='ltr'><strong>consilio</strong></span> <span class='ocrx_word' id='word_1_162' title='bbox 1448 1684 1638 1761; x_wconf 49' lang='lat' dir='ltr'><strong>pratri-⁹</strong></span> 
     </span>
     <span class='ocr_line' id='line_1_21' title="bbox 3 1763 1628 1852; baseline -0.007 -21"><span class='ocrx_word' id='word_1_163' title='bbox 3 1791 212 1852; x_wconf 88' lang='lat' dir='ltr'><strong>puerat.</strong></span> <span class='ocrx_word' id='word_1_164' title='bbox 253 1767 408 1830; x_wconf 88' lang='lat' dir='ltr'><strong>Uvas</strong></span> <span class='ocrx_word' id='word_1_165' title='bbox 429 1774 610 1850; x_wconf 85' lang='lat' dir='ltr'><strong>itaque</strong></span> <span class='ocrx_word' id='word_1_166' title='bbox 631 1767 879 1827; x_wconf 88' lang='lat' dir='ltr'><strong>manibus</strong></span> <span class='ocrx_word' id='word_1_167' title='bbox 897 1763 1179 1847; x_wconf 82' lang='lat' dir='ltr'><strong>preffantes</strong></span> <span class='ocrx_word' id='word_1_168' title='bbox 1196 1806 1210 1827; x_wconf 86' lang='lat'>‚</span> <span class='ocrx_word' id='word_1_169' title='bbox 1232 1764 1433 1822; x_wconf 72' lang='grc' dir='ltr'>εάιιᾶο</span> <span class='ocrx_word' id='word_1_170' title='bbox 1452 1768 1628 1842; x_wconf 80' lang='lat' dir='ltr'><strong>liquo-</strong></span> 
     </span>
     <span class='ocr_line' id='line_1_22' title="bbox 5 1848 1631 1930; baseline -0.007 -17"><span class='ocrx_word' id='word_1_171' title='bbox 5 1877 62 1913; x_wconf 92' lang='lat' dir='ltr'><strong>re</strong></span> <span class='ocrx_word' id='word_1_172' title='bbox 78 1895 94 1920; x_wconf 91' lang='lat'><strong>,</strong></span> <span class='ocrx_word' id='word_1_173' title='bbox 115 1857 226 1913; x_wconf 93' lang='lat' dir='ltr'><strong>vini</strong></span> <span class='ocrx_word' id='word_1_174' title='bbox 246 1854 459 1911; x_wconf 85' lang='lat' dir='ltr'><strong>odorati</strong></span> <span class='ocrx_word' id='word_1_175' title='bbox 476 1852 813 1910; x_wconf 81' lang='lat' dir='ltr'><strong>imitamenta</strong></span> <span class='ocrx_word' id='word_1_176' title='bbox 830 1848 1174 1930; x_wconf 82' lang='lat' dir='ltr'><strong>peragebant.</strong></span> <span class='ocrx_word' id='word_1_177' title='bbox 1218 1849 1369 1903; x_wconf 87' lang='lat' dir='ltr'><strong>Hinc</strong></span> <span class='ocrx_word' id='word_1_178' title='bbox 1388 1849 1631 1903; x_wconf 66' lang='lat' dir='ltr'><strong>concita-</strong></span> 
     </span>
     <span class='ocr_line' id='line_1_23' title="bbox 6 1930 1625 2012; baseline -0.007 -17"><span class='ocrx_word' id='word_1_179' title='bbox 6 1942 132 1995; x_wconf 79' lang='lat' dir='ltr'><strong>riae</strong></span> <span class='ocrx_word' id='word_1_180' title='bbox 155 1935 322 2010; x_wconf 66' lang='lat' dir='ltr'><strong>fluere</strong></span> <span class='ocrx_word' id='word_1_181' title='bbox 341 1939 487 1993; x_wconf 86' lang='lat' dir='ltr'><strong>alvus</strong></span> <span class='ocrx_word' id='word_1_182' title='bbox 509 1958 524 1991; x_wconf 77' lang='lat' dir='ltr'><strong>t</strong></span> <span class='ocrx_word' id='word_1_183' title='bbox 556 1938 774 1993; x_wconf 86' lang='lat' dir='ltr'><strong>interire</strong></span> <span class='ocrx_word' id='word_1_184' title='bbox 794 1955 907 1990; x_wconf 90' lang='lat' dir='ltr'><strong>non</strong></span> <span class='ocrx_word' id='word_1_185' title='bbox 935 1935 1125 2012; x_wconf 85' lang='lat' dir='ltr'><strong>pauci:</strong></span> <span class='ocrx_word' id='word_1_186' title='bbox 1156 1930 1480 1987; x_wconf 82' lang='lat' dir='ltr'><strong>nonnulli&amp;</strong></span> <span class='ocrx_word' id='word_1_187' title='bbox 1500 1932 1625 1985; x_wconf 85' lang='lat' dir='ltr'><strong>eva-</strong></span> 
     </span>
     <span class='ocr_line' id='line_1_24' title="bbox 6 2013 1631 2098; baseline -0.006 -22"><span class='ocrx_word' id='word_1_188' title='bbox 6 2019 131 2077; x_wconf 89' lang='lat' dir='ltr'><strong>dere</strong></span> <span class='ocrx_word' id='word_1_189' title='bbox 153 2041 166 2075; x_wconf 88' lang='lat'>:</span> <span class='ocrx_word' id='word_1_190' title='bbox 197 2020 346 2098; x_wconf 84' lang='lat' dir='ltr'><strong>Ergo</strong></span> <span class='ocrx_word' id='word_1_191' title='bbox 368 2036 659 2097; x_wconf 87' lang='lat' dir='ltr'><strong>antequam</strong></span> <span class='ocrx_word' id='word_1_192' title='bbox 676 2018 741 2075; x_wconf 87' lang='lat' dir='ltr'><strong>ad</strong></span> <span class='ocrx_word' id='word_1_193' title='bbox 778 2014 1076 2094; x_wconf 83' lang='lat' dir='ltr'><strong>superstites</strong></span> <span class='ocrx_word' id='word_1_194' title='bbox 1097 2014 1300 2070; x_wconf 81' lang='lat' dir='ltr'><strong>malum</strong></span> <span class='ocrx_word' id='word_1_195' title='bbox 1328 2013 1631 2091; x_wconf 84' lang='lat' dir='ltr'><strong>perveniret</strong></span> 
     </span>
     <span class='ocr_line' id='line_1_25' title="bbox 9 2091 1632 2183; baseline -0.007 -24"><span class='ocrx_word' id='word_1_196' title='bbox 9 2122 250 2183; x_wconf 75' lang='lat' dir='ltr'><strong>pugnare</strong></span> <span class='ocrx_word' id='word_1_197' title='bbox 268 2100 546 2158; x_wconf 87' lang='lat' dir='ltr'><strong>festinabat</strong></span> <span class='ocrx_word' id='word_1_198' title='bbox 569 2141 582 2161; x_wconf 90' lang='lat'>‚</span> <span class='ocrx_word' id='word_1_199' title='bbox 614 2101 1003 2179; x_wconf 87' lang='lat' dir='ltr'><strong>qualiscunque</strong></span> <span class='ocrx_word' id='word_1_200' title='bbox 1036 2095 1254 2154; x_wconf 86' lang='lat' dir='ltr'><strong>tandem</strong></span> <span class='ocrx_word' id='word_1_201' title='bbox 1274 2091 1489 2152; x_wconf 87' lang='lat' dir='ltr'><strong>futurus</strong></span> <span class='ocrx_word' id='word_1_202' title='bbox 1508 2091 1632 2151; x_wconf 73' lang='lat' dir='ltr'><strong>effer</strong></span> 
     </span>
     <span class='ocr_line' id='line_1_26' title="bbox 9 2177 1635 2260; baseline -0.006 -19"><span class='ocrx_word' id='word_1_203' title='bbox 9 2186 257 2248; x_wconf 83' lang='lat' dir='ltr'><strong>eventus.</strong></span> <span class='ocrx_word' id='word_1_204' title='bbox 295 2189 354 2240; x_wconf 88' lang='lat' dir='ltr'><strong>In</strong></span> <span class='ocrx_word' id='word_1_205' title='bbox 376 2184 733 2260; x_wconf 84' lang='lat' dir='ltr'><strong>Campaniam</strong></span> <span class='ocrx_word' id='word_1_206' title='bbox 763 2201 822 2239; x_wconf 89' lang='lat' dir='ltr'><strong>ut</strong></span> <span class='ocrx_word' id='word_1_207' title='bbox 841 2197 1077 2248; x_wconf 85' lang='lat' dir='ltr'><strong>venerat,</strong></span> <span class='ocrx_word' id='word_1_208' title='bbox 1090 2177 1249 2236; x_wconf 88' lang='lat' dir='ltr'><strong>castra</strong></span> <span class='ocrx_word' id='word_1_209' title='bbox 1266 2178 1422 2256; x_wconf 90' lang='lat' dir='ltr'><strong>ponit</strong></span> <span class='ocrx_word' id='word_1_210' title='bbox 1443 2177 1635 2255; x_wconf 85' lang='lat' dir='ltr'><strong>Capua</strong></span> 
     </span>
    </p>

    <p class='ocr_par' dir='ltr' id='par_1_2' title="bbox 0 2259 1638 3006">
     <span class='ocr_line' id='line_1_27' title="bbox 0 2259 1634 2346; baseline -0.006 -22"><span class='ocrx_word' id='word_1_211' title='bbox 0 2281 123 2324; x_wconf 77' lang='lat' dir='ltr'><strong>&#39;non</strong></span> <span class='ocrx_word' id='word_1_212' title='bbox 140 2267 305 2346; x_wconf 87' lang='lat' dir='ltr'><strong>longe</strong></span> <span class='ocrx_word' id='word_1_213' title='bbox 322 2270 378 2322; x_wconf 88' lang='lat' dir='ltr'><strong>in</strong></span> <span class='ocrx_word' id='word_1_214' title='bbox 399 2263 615 2322; x_wconf 76' lang='lat' dir='ltr'><strong>Casilini</strong></span> <span class='ocrx_word' id='word_1_215' title='bbox 632 2262 874 2322; x_wconf 84' lang='lat' dir='ltr'><strong>fluminis</strong></span> <span class='ocrx_word' id='word_1_216' title='bbox 891 2264 1000 2341; x_wconf 90' lang='lat' dir='ltr'><strong>ripa</strong></span> <span class='ocrx_word' id='word_1_217' title='bbox 1019 2301 1037 2328; x_wconf 84' lang='lat'>,</span> <span class='ocrx_word' id='word_1_218' title='bbox 1075 2259 1227 2342; x_wconf 86' lang='lat' dir='ltr'><strong>quod</strong></span> <span class='ocrx_word' id='word_1_219' title='bbox 1247 2280 1311 2316; x_wconf 81' lang='lat' dir='ltr'><strong>ex</strong></span> <span class='ocrx_word' id='word_1_220' title='bbox 1332 2260 1634 2338; x_wconf 85' lang='lat' dir='ltr'><strong>Apennino</strong></span> 
     </span>
     <span class='ocr_line' id='line_1_28' title="bbox 10 2339 1636 2425; baseline -0.005 -20"><span class='ocrx_word' id='word_1_221' title='bbox 10 2348 266 2424; x_wconf 86' lang='lat' dir='ltr'><strong>decidens</strong></span> <span class='ocrx_word' id='word_1_222' title='bbox 299 2349 551 2406; x_wconf 85' lang='lat' dir='ltr'><strong>multum·</strong></span> <span class='ocrx_word' id='word_1_223' title='bbox 566 2347 827 2403; x_wconf 85' lang='lat' dir='ltr'><strong>oberratis</strong></span> <span class='ocrx_word' id='word_1_224' title='bbox 858 2345 1059 2425; x_wconf 85' lang='lat' dir='ltr'><strong>campis</strong></span> <span class='ocrx_word' id='word_1_225' title='bbox 1079 2385 1095 2411; x_wconf 91' lang='lat'>‚</span> <span class='ocrx_word' id='word_1_226' title='bbox 1124 2345 1181 2400; x_wconf 91' lang='lat' dir='ltr'><strong>in</strong></span> <span class='ocrx_word' id='word_1_227' title='bbox 1214 2361 1359 2399; x_wconf 85' lang='lat' dir='ltr'><strong>mare</strong></span> <span class='ocrx_word' id='word_1_228' title='bbox 1391 2339 1636 2420; x_wconf 86' lang='lat' dir='ltr'><strong>Tyrrhe-</strong></span> 
     </span>
     <span class='ocr_line' id='line_1_29' title="bbox 14 2423 1637 2507; baseline -0.005 -20"><span class='ocrx_word' id='word_1_229' title='bbox 14 2450 149 2488; x_wconf 86' lang='lat' dir='ltr'><strong>num</strong></span> <span class='ocrx_word' id='word_1_230' title='bbox 190 2432 481 2487; x_wconf 88' lang='lat' dir='ltr'><strong>evolvitur.</strong></span> <span class='ocrx_word' id='word_1_231' title='bbox 527 2430 638 2487; x_wconf 91' lang='lat' dir='ltr'><strong>Hic</strong></span> <span class='ocrx_word' id='word_1_232' title='bbox 670 2429 810 2486; x_wconf 89' lang='lat' dir='ltr'><strong>vallo</strong></span> <span class='ocrx_word' id='word_1_233' title='bbox 841 2428 1068 2507; x_wconf 84' lang='lat' dir='ltr'><strong>egregio</strong></span> <span class='ocrx_word' id='word_1_234' title='bbox 1101 2423 1637 2483; x_wconf 20' lang='lat' dir='ltr'><strong>circumdatssexerci-</strong></span> 
     </span>
     <span class='ocr_line' id='line_1_30' title="bbox 15 2502 1635 2582; baseline -0.006 -12"><span class='ocrx_word' id='word_1_235' title='bbox 15 2529 172 2578; x_wconf 78' lang='lat' dir='ltr'><strong>tum,</strong></span> <span class='ocrx_word' id='word_1_236' title='bbox 206 2509 332 2571; x_wconf 83' lang='lat' dir='ltr'><strong>fisus</strong></span> <span class='ocrx_word' id='word_1_237' title='bbox 359 2519 415 2571; x_wconf 84' lang='lat'>&amp;</span> <span class='ocrx_word' id='word_1_238' title='bbox 445 2516 590 2571; x_wconf 88' lang='lat' dir='ltr'><strong>loco.</strong></span> <span class='ocrx_word' id='word_1_239' title='bbox 634 2532 758 2568; x_wconf 89' lang='lat' dir='ltr'><strong>nam</strong></span> <span class='ocrx_word' id='word_1_240' title='bbox 795 2509 978 2568; x_wconf 84' lang='lat' dir='ltr'><strong>dexter</strong></span> <span class='ocrx_word' id='word_1_241' title='bbox 1011 2506 1199 2567; x_wconf 87' lang='lat' dir='ltr'><strong>labens</strong></span> <span class='ocrx_word' id='word_1_242' title='bbox 1232 2509 1405 2564; x_wconf 87' lang='lat' dir='ltr'><strong>amnis</strong></span> <span class='ocrx_word' id='word_1_243' title='bbox 1439 2512 1494 2563; x_wconf 88' lang='lat'>&amp;</span> <span class='ocrx_word' id='word_1_244' title='bbox 1528 2502 1635 2582; x_wconf 84' lang='lat' dir='ltr'><strong>ipse</strong></span> 
     </span>
     <span class='ocr_line' id='line_1_31' title="bbox 8 2585 1638 2675; baseline -0.007 -22"><span class='ocrx_word' id='word_1_245' title='bbox 8 2612 115 2673; x_wconf 65' lang='lat' dir='ltr'><strong>‘pro</strong></span> <span class='ocrx_word' id='word_1_246' title='bbox 148 2598 494 2653; x_wconf 84' lang='lat' dir='ltr'><strong>munimento</strong></span> <span class='ocrx_word' id='word_1_247' title='bbox 531 2590 922 2675; x_wconf 49' lang='lat' dir='ltr'><strong>erat-adversus</strong></span> <span class='ocrx_word' id='word_1_248' title='bbox 965 2588 1184 2649; x_wconf 83' lang='lat' dir='ltr'><strong>hostiles</strong></span> <span class='ocrx_word' id='word_1_249' title='bbox 1229 2585 1489 2646; x_wconf 77' lang='lat' dir='ltr'><strong>incursus·</strong></span> <span class='ocrx_word' id='word_1_250' title='bbox 1532 2585 1638 2644; x_wconf 79' lang='lat' dir='ltr'><strong>Sed</strong></span> 
     </span>
     <span class='ocr_line' id='line_1_32' title="bbox 17 2671 1638 2756; baseline -0.006 -21"><span class='ocrx_word' id='word_1_251' title='bbox 17 2682 75 2735; x_wconf 88' lang='lat'>&amp;</span> <span class='ocrx_word' id='word_1_252' title='bbox 119 2694 266 2734; x_wconf 84' lang='lat' dir='ltr'><strong>rotas</strong></span> <span class='ocrx_word' id='word_1_253' title='bbox 314 2698 607 2745; x_wconf 86' lang='lat' dir='ltr'><strong>curruum,</strong></span> <span class='ocrx_word' id='word_1_254' title='bbox 648 2697 790 2756; x_wconf 86' lang='lat' dir='ltr'><strong>quos</strong></span> <span class='ocrx_word' id='word_1_255' title='bbox 828 2673 1062 2731; x_wconf 85' lang='lat' dir='ltr'><strong>habebat</strong></span> <span class='ocrx_word' id='word_1_256' title='bbox 1106 2673 1410 2753; x_wconf 82' lang='lat' dir='ltr'><strong>plurimOS,</strong></span> <span class='ocrx_word' id='word_1_257' title='bbox 1455 2671 1638 2728; x_wconf 89' lang='lat' dir='ltr'><strong>conti-</strong></span> 
     </span>
     <span class='ocr_line' id='line_1_33' title="bbox 18 2752 1637 2837; baseline -0.006 -21"><span class='ocrx_word' id='word_1_258' title='bbox 18 2778 151 2837; x_wconf 84' lang='lat' dir='ltr'><strong>guas</strong></span> <span class='ocrx_word' id='word_1_259' title='bbox 185 2762 326 2818; x_wconf 87' lang='lat' dir='ltr'><strong>inter</strong></span> <span class='ocrx_word' id='word_1_260' title='bbox 366 2757 418 2817; x_wconf 89' lang='lat' dir='ltr'><strong>se</strong></span> <span class='ocrx_word' id='word_1_261' title='bbox 463 2759 657 2817; x_wconf 84' lang='lat' dir='ltr'><strong>stantes</strong></span> <span class='ocrx_word' id='word_1_262' title='bbox 698 2754 953 2815; x_wconf 80' lang='lat' dir='ltr'><strong>immersit</strong></span> <span class='ocrx_word' id='word_1_263' title='bbox 996 2754 1110 2813; x_wconf 90' lang='lat' dir='ltr'><strong>solo</strong></span> <span class='ocrx_word' id='word_1_264' title='bbox 1162 2754 1403 2812; x_wconf 88' lang='lat' dir='ltr'><strong>mediolo</strong></span> <span class='ocrx_word' id='word_1_265' title='bbox 1446 2752 1637 2814; x_wconf 80' lang='lat' dir='ltr'><strong>tenus,</strong></span> 
     </span>
     <span class='ocr_line' id='line_1_34' title="bbox 18 2835 1636 2920; baseline -0.007 -24"><span class='ocrx_word' id='word_1_266' title='bbox 18 2845 102 2897; x_wconf 89' lang='lat' dir='ltr'><strong>ita·</strong></span> <span class='ocrx_word' id='word_1_267' title='bbox 122 2859 183 2898; x_wconf 89' lang='lat' dir='ltr'><strong>ut</strong></span> <span class='ocrx_word' id='word_1_268' title='bbox 211 2863 329 2920; x_wconf 88' lang='lat' dir='ltr'><strong>pars</strong></span> <span class='ocrx_word' id='word_1_269' title='bbox 357 2861 569 2900; x_wconf 84' lang='lat' dir='ltr'><strong>tanturn</strong></span> <span class='ocrx_word' id='word_1_270' title='bbox 610 2839 759 2898; x_wconf 88' lang='lat' dir='ltr'><strong>orbis</strong></span> <span class='ocrx_word' id='word_1_271' title='bbox 790 2841 951 2918; x_wconf 64' lang='lat' dir='ltr'><strong>altera</strong></span> <span class='ocrx_word' id='word_1_272' title='bbox 985 2839 1265 2896; x_wconf 87' lang='lat' dir='ltr'><strong>emineret.</strong></span> <span class='ocrx_word' id='word_1_273' title='bbox 1305 2838 1412 2894; x_wconf 83' lang='lat' dir='ltr'><strong>I-Iis</strong></span> <span class='ocrx_word' id='word_1_274' title='bbox 1446 2835 1636 2913; x_wconf 88' lang='lat' dir='ltr'><strong>lignis-</strong></span> 
     </span>
     <span class='ocr_line' id='line_1_35' title="bbox 20 2913 1635 3006; baseline -0.009 -25"><span class='ocrx_word' id='word_1_275' title='bbox 20 2942 129 3003; x_wconf 85' lang='lat' dir='ltr'><strong>que</strong></span> <span class='ocrx_word' id='word_1_276' title='bbox 148 2926 260 2984; x_wconf 88' lang='lat' dir='ltr'><strong>aliis</strong></span> <span class='ocrx_word' id='word_1_277' title='bbox 292 2946 416 2987; x_wconf 89' lang='lat' dir='ltr'><strong>cum</strong></span> <span class='ocrx_word' id='word_1_278' title='bbox 452 2921 710 2985; x_wconf 77' lang='lat' dir='ltr'><strong>ambiisset</strong></span> <span class='ocrx_word' id='word_1_279' title='bbox 730 2921 920 2995; x_wconf 79' lang='lat' dir='ltr'><strong>castra,</strong></span> <span class='ocrx_word' id='word_1_280' title='bbox 952 2942 1067 2980; x_wconf 85' lang='lat' dir='ltr'><strong>non</strong></span> <span class='ocrx_word' id='word_1_281' title='bbox 1085 2922 1254 2981; x_wconf 85' lang='lat' dir='ltr'><strong>latum</strong></span> <span class='ocrx_word' id='word_1_282' title='bbox 1274 2919 1486 2997; x_wconf 84' lang='lat' dir='ltr'><strong>reliquit</strong></span> <span class='ocrx_word' id='word_1_283' title='bbox 1514 2913 1635 3006; x_wconf 64' lang='lat' dir='ltr'><strong>spa-2</strong></span> 
     </span>
    </p>

    <p class='ocr_par' dir='ltr' id='par_1_3' title="bbox 1486 3014 1626 3051">
     <span class='ocr_line' id='line_1_36' title="bbox 1486 3014 1626 3051; baseline -0.007 0"><span class='ocrx_word' id='word_1_284' title='bbox 1486 3014 1626 3051; x_wconf 84' lang='lat' dir='ltr'><strong>tium</strong></span> 
     </span>
    </p>
   </div>
  </div>
 </body>
</html>
