1888 3428
211 165 655 226 Go’rTH1cAE
696 162 1107 227 Hui-oiim
1146 164 1304 223 L113.
1322 167 1443 225 111.
1529 188 1638 248 393
1701 200 1705 202 ἡ

28 249 164 309 dum
179 252 309 308 vino
329 245 529 307 familia
546 272 591 325 eJ
600 270 658 306 us
675 249 1032 327 impleverat.
1063 243 1391 327 defossaque
1378 271 1432 307 in
1448 267 1644 309 terram

27 329 259 397 inferne,
280 328 505 411 superne
520 334 639 389 luto
657 330 941 409 diligenter
959 326 1264 390 obleverat,
1285 347 1446 409 atque
1463 335 1517 389 in
1537 327 1647 391 cel-

29 415 82 471 la
99 415 466 471 collocaverat.
511 414 642 471 οᾶο
661 411 780 491 post
800 408 1071 468 mensibus
1091 407 1466 469 effervescens
1453 435 1508 469 in
1528 419 1653 492 qui·-

31 493 256 553 busdam
275 495 434 553 doliis
452 497 637 553 vinum
656 497 797 571 rupit
817 514 1025 551 caenum
1047 513 1159 571 quo
1175 492 1549 561 claudebatur,
1572 501 1654 553 vi-

32 599 141 657 que
165 600 360 658 magna
378 577 600 636 effluens
633 579 705 632 ita
735 593 932 632 terram
956 573 1192 653 perfudit
1213 579 1345 632 utin
1365 574 1480 632 solo
1502 578 1651 633 lacu-

31 681 159 717 narn
178 626 372 718 faceret
391 681 504 717 non
521 661 786 738 exiguam.
833 658 984 737 quod
1017 657 1110 714 ubi
1141 657 1318 714 videre
1337 656 1505 720 servi,
1533 681 1646 716 rem

29 743 299 810 admirati,
320 743 514 800 multas
531 741 653 799 inde
673 740 956 819 amphoras
973 743 1299 819 implevere,
1331 738 1649 820 rursumque

27 826 165 882 limo
209 823 474 882 obturatis
508 823 668 879 doliis
703 820 880 880 casum
912 821 1119 879 silentio
1141 839 1335 879 texere.
1385 823 1487 896 Sed
1520 844 1644 880 cum

26 905 125 966 sub
143 907 285 965 idern
303 925 518 985 tempus
535 905 680 962 idem
698 905 881 985 saepius
900 909 1112 962 evenire
1131 922 1429 972 cernerent,
1448 926 1558 962 rem
1580 906 1645 964 ad

32 989 325 1047 dominum
345 988 583 1046 detulere
603 1013 615 1046 ι
635 993 677 1045 is
698 992 881 1046 multis
900 991 1127 1045 concitis
1148 990 1444 1044 amicorum
1470 986 1649 1044 osten·
1710 1041 1714 1044 .

29 1070 109 1130 dit
127 1070 280 1149 quod
303 1092 385 1127 res
406 1073 596 1128 tulerat
614 1112 630 1139 ,
661 1075 754 1148 qui
786 1092 953 1128 omen
984 1072 1327 1145 conjectura
1315 1073 1648 1149 interpretati

28 1174 226 1233 magna
244 1152 392 1210 bona
408 1154 598 1211 domui
619 1154 912 1230 portendi*
883 1156 1076 1211 dixere.
1094 1154 1164 1210 Et
1184 1149 1411 1210 Belisarii
1427 1154 1649 1231 quidem

29 1255 91 1293 ea
109 1256 270 1313 quam
305 1236 413 1293 dixi
448 1232 552 1292 fuit
592 1233 829 1293 fortuna.
873 1240 950 1291 At
968 1238 1202 1314 vigilius
1221 1237 1415 1294 Romae
1434 1233 1648 1292 antistes

30 1337 156 1374 cum
175 1320 355 1383 ItaliS,
387 1319 480 1393 qui
516 1324 570 1374 &
601 1319 756 1375 multi
777 1325 831 1375 &
849 1316 1064 1373 nobiles
1076 1318 1396 1395 Byzantium
1416 1317 1649 1375 advene-

29 1417 170 1466 rant,
196 1420 308 1456 non
331 1395 554 1456 cessabat
572 1398 760 1458 instare
778 1441 793 1467 ,
825 1419 886 1456 ut
918 1403 973 1455 in
1000 1399 1202 1455 Italiam
1227 1419 1422 1477 magna
1444 1419 1569 1456 cum
1588 1403 1642 1459 vi

27 1478 305 1540 Belisarius
323 1484 686 1539 remitteretur
706 1523 723 1548 ,
752 1484 1045 1576 plurimum
1063 1484 1336 1538 annitente
1358 1481 1652 1550 Gotthic0,

27 1561 279 1623 senatorii
299 1563 505 1621 ordinis
527 1570 581 1621 ὃς
602 1563 861 1621 consulari
889 1568 1040 1632 vir0,
1071 1566 1164 1643 qui
1183 1562 1259 1620 ob
1277 1564 1331 1622 id
1352 1584 1521 1621 unum
1538 1569 1648 1638 jam

28 1645 203 1702 modo
239 1649 561 1724 Byzantium
598 1664 830 1703 venerat.
873 1649 953 1703 At
985 1652 1285 1724 Imperator
1313 1646 1515 1702 Italiam
1551 1646 1648 1703 fibi
1729 1666 1732 1668 ·

27 1746 161 1785 curae
177 1723 296 1783 fore
315 1727 578 1806 promifit,
596 1727 858 1789 assiduus
846 1732 1059 1784 interim
1078 1727 1367 1785 tractandis
1387 1715 1649 1784 Christia-

29 1829 228 1869 norum
248 1809 486 1887 placitis,
515 1808 620 1871 hoc
639 1808 853 1890 propos
840 1828 918 1867 to
937 1809 1259 1889 studioque,
1294 1827 1354 1866 ut
1372 1831 1489 1889 quae
1509 1814 1649 1868 inter

18 1911 126 1950 ‚eos
144 1890 461 1970 disputando
482 1892 820 1966 jactabantur
837 1911 1211 1971 componeret.
1254 1893 1387 1948 Haec
1405 1896 1647 1971 Byzantii

28 1973 351 2053 agebantur.
416 1975 506 2035 Ad
541 1974 819 2055 Gepidas
828 1997 956 2032 vero
991 1975 1384 2055 Langobardiis
1425 1977 1645 2061 quidam

28 2053 124 2121 hac
154 2056 220 2113 de
250 2053 399 2113 causa
428 2054 769 2151 confugerat.
817 2058 965 2114 Cum
1000 2056 1375 2139 Langobardis
1405 2077 1494 2114 rex
1524 2058 1647 2119 effet

31 2140 280 2208 VaaceS,
306 2153 416 2196 erat
451 2143 498 2195 ei
534 2143 911 2219 propinquuS,
942 2138 1102 2197 fratre
1140 2142 1395 2196 nimirum
1433 2144 1669 2219 genitus

27 2218 222 2298 ipfim,
262 2224 488 2278 nomine
524 2220 834 2298 Rifiulphus
868 2244 1032 2304 quern
1053 2224 1135 2279 lex
1158 2222 1406 2303 gentiliS,
1439 2220 1475 2281 fi
1512 2224 1641 2301 quid

27 2305 188 2367 Vaaci
203 2301 517 2361 humanitus
534 2302 812 2369 accidiflet,
832 2307 894 2362 ad
915 2309 1066 2385 regni
1083 2303 1463 2361 succeffionem
1484 2325 1644 2362 voca-

32 2382 145 2442 bat.
187 2389 265 2448 At
300 2390 501 2443 Vaaces
534 2387 589 2442 id
620 2407 807 2444 curans
843 2387 906 2444 ad
937 2388 1089 2444 suum
1126 2385 1298 2444 filium
1334 2406 1392 2443 ut
1414 2408 1644 2481 regnum

28 2466 444 2536 transmitteret,
471 2466 603 2524 fiSto
624 2472 844 2525 crimine
860 2468 967 2527 Ris
975 2468 1141 2548 ulpho
1162 2468 1435 2526 exsilium
1423 2490 1645 2550 irrogat,

30 2567 192 2629 atque
224 2554 269 2608 is
304 2554 481 2629 paucis
518 2551 908 2620 comitantibus
944 2555 1109 2629 patria
1142 2549 1407 2631 profugus
1425 2555 1641 2609 Varnos

31 2634 195 2697 adiit,
214 2631 349 2695 filiis
368 2633 616 2693 duobus
604 2653 740 2690 inter
756 2634 1150 2727 Langobardos
1171 2634 1381 2691 relictis.
1426 2639 1641 2694 Varnos

29 2717 253 2792 pecunia
286 2718 487 2780 Vaaces
518 2734 817 2776 emereatur
849 2719 904 2771 in
939 2714 1199 2798 Rifiulphi
1221 2736 1429 2775 necem.
1473 2718 1640 2773 Filio-

29 2815 150 2853 rum
170 2795 437 2876 Rifiulphi
461 2800 590 2855 alter
608 2797 839 2861 morbo
827 2800 1065 2864 interiit,
1099 2801 1229 2855 alter
1248 2799 1445 2879 Ildiges
1465 2798 1640 2855 dictus

31 2877 97 2942 ad
116 2880 330 2936 Sclavos
348 2877 657 2959 perfugium
677 2878 879 2937 habuit.
927 2880 1155 2938 morbus
1173 2902 1288 2938 non
1321 2883 1495 2942 multo
1515 2877 1634 2957 post

30 2963 87 3026 ὃς
112 2962 326 3060 Vaacen
358 2959 590 3028 abstulit.
634 2960 1232 3100 Langobardgzumque
1266 2965 1551 3096 imperiigrln
1573 2959 1638 3015 ad

948 3107 952 3110 ⁴
1087 3061 1109 3120 ς
1529 3061 1642 3104 ium
