<?xml version="1.0" encoding="UTF-8"?>
<!DOCTYPE html PUBLIC "-//W3C//DTD XHTML 1.0 Transitional//EN"
    "http://www.w3.org/TR/xhtml1/DTD/xhtml1-transitional.dtd">
<html xmlns="http://www.w3.org/1999/xhtml" xml:lang="en" lang="en">
 <head>
  <title>
</title>
<meta http-equiv="Content-Type" content="text/html;charset=utf-8" />
  <meta name='ocr-system' content='tesseract 3.04.00' />
  <meta name='ocr-capabilities' content='ocr_page ocr_carea ocr_par ocr_line ocrx_word'/>
</head>
<body>
  <div class='ocr_page' id='page_1' title='image "./historiagotthoru00grot_0620.png"; bbox 0 0 1888 3428; ppageno 0'>
   <div class='ocr_carea' id='block_1_1' title="bbox 207 130 1826 1695">
    <p class='ocr_par' dir='ltr' id='par_1_1' title="bbox 207 130 1524 214">
     <span class='ocr_line' id='line_1_1' title="bbox 207 130 1524 214; baseline -0.001 -22"><span class='ocrx_word' id='word_1_1' title='bbox 207 155 327 214; x_wconf 72' lang='lat'>454</span> <span class='ocrx_word' id='word_1_2' title='bbox 601 139 958 194; x_wconf 72' lang='lat' dir='ltr'>Pssoco-Pu</span> <span class='ocrx_word' id='word_1_3' title='bbox 1002 130 1524 214; x_wconf 60' lang='lat' dir='ltr'>CAESAREEnsrs</span> 
     </span>
    </p>

    <p class='ocr_par' dir='ltr' id='par_1_2' title="bbox 208 213 1826 1695">
     <span class='ocr_line' id='line_1_2' title="bbox 208 213 1821 296; baseline -0.001 -22"><span class='ocrx_word' id='word_1_4' title='bbox 208 232 437 274; x_wconf 79' lang='lat' dir='ltr'>ruerunt</span> <span class='ocrx_word' id='word_1_5' title='bbox 455 255 471 283; x_wconf 91' lang='lat'>,</span> <span class='ocrx_word' id='word_1_6' title='bbox 507 217 659 295; x_wconf 86' lang='lat' dir='ltr'>quod</span> <span class='ocrx_word' id='word_1_7' title='bbox 678 219 840 296; x_wconf 87' lang='lat' dir='ltr'>plano</span> <span class='ocrx_word' id='word_1_8' title='bbox 866 215 1024 274; x_wconf 83' lang='lat' dir='ltr'>fitum</span> <span class='ocrx_word' id='word_1_9' title='bbox 1056 215 1121 274; x_wconf 90' lang='lat' dir='ltr'>ad</span> <span class='ocrx_word' id='word_1_10' title='bbox 1147 213 1364 273; x_wconf 88' lang='lat' dir='ltr'>hostiles</span> <span class='ocrx_word' id='word_1_11' title='bbox 1399 214 1624 273; x_wconf 85' lang='lat' dir='ltr'>insultus</span> <span class='ocrx_word' id='word_1_12' title='bbox 1642 213 1821 294; x_wconf 58' lang='lat' dir='ltr'>patere</span> 
     </span>
     <span class='ocr_line' id='line_1_3' title="bbox 209 297 1823 358; baseline -0.002 -1"><span class='ocrx_word' id='word_1_13' title='bbox 209 302 443 357; x_wconf 87' lang='lat' dir='ltr'>nimium</span> <span class='ocrx_word' id='word_1_14' title='bbox 462 300 751 358; x_wconf 81' lang='lat' dir='ltr'>videretur.</span> <span class='ocrx_word' id='word_1_15' title='bbox 793 318 947 357; x_wconf 90' lang='lat' dir='ltr'>vetus</span> <span class='ocrx_word' id='word_1_16' title='bbox 965 297 1175 357; x_wconf 86' lang='lat' dir='ltr'>castello</span> <span class='ocrx_word' id='word_1_17' title='bbox 1195 318 1400 355; x_wconf 90' lang='lat' dir='ltr'>nomen</span> <span class='ocrx_word' id='word_1_18' title='bbox 1424 299 1681 356; x_wconf 84' lang='lat' dir='ltr'>Graecum</span> <span class='ocrx_word' id='word_1_19' title='bbox 1699 298 1823 356; x_wconf 92' lang='lat' dir='ltr'>Co-</span> 
     </span>
     <span class='ocr_line' id='line_1_4' title="bbox 209 378 1826 462; baseline -0.001 -24"><span class='ocrx_word' id='word_1_20' title='bbox 209 400 407 458; x_wconf 81' lang='lat' dir='ltr'>tyaeurn</span> <span class='ocrx_word' id='word_1_21' title='bbox 426 378 561 443; x_wconf 81' lang='lat' dir='ltr'>fuit:</span> <span class='ocrx_word' id='word_1_22' title='bbox 605 387 757 440; x_wconf 86' lang='lat' dir='ltr'>Lazis</span> <span class='ocrx_word' id='word_1_23' title='bbox 787 381 968 460; x_wconf 86' lang='lat' dir='ltr'>postea</span> <span class='ocrx_word' id='word_1_24' title='bbox 986 402 1078 462; x_wconf 86' lang='lat' dir='ltr'>per</span> <span class='ocrx_word' id='word_1_25' title='bbox 1105 382 1332 460; x_wconf 88' lang='lat' dir='ltr'>originis</span> <span class='ocrx_word' id='word_1_26' title='bbox 1348 383 1708 460; x_wconf 82' lang='lat' dir='ltr'>ignorantiam</span> <span class='ocrx_word' id='word_1_27' title='bbox 1728 380 1826 436; x_wconf 90' lang='lat' dir='ltr'>de-</span> 
     </span>
     <span class='ocr_line' id='line_1_5' title="bbox 211 462 1823 542; baseline -0.002 -21"><span class='ocrx_word' id='word_1_28' title='bbox 211 462 348 521; x_wconf 85' lang='lat' dir='ltr'>flexa</span> <span class='ocrx_word' id='word_1_29' title='bbox 369 485 502 522; x_wconf 92' lang='lat' dir='ltr'>voce</span> <span class='ocrx_word' id='word_1_30' title='bbox 520 465 726 522; x_wconf 58' lang='lat' dir='ltr'>diotum</span> <span class='ocrx_word' id='word_1_31' title='bbox 743 466 937 522; x_wconf 80' lang='lat' dir='ltr'>Cota&#39;i‘s</span> <span class='ocrx_word' id='word_1_32' title='bbox 951 504 968 531; x_wconf 86' lang='lat'>,</span> <span class='ocrx_word' id='word_1_33' title='bbox 1000 484 1059 520; x_wconf 92' lang='lat' dir='ltr'>ut</span> <span class='ocrx_word' id='word_1_34' title='bbox 1077 465 1297 542; x_wconf 87' lang='lat' dir='ltr'>quidem</span> <span class='ocrx_word' id='word_1_35' title='bbox 1315 465 1547 535; x_wconf 79' lang='lat' dir='ltr'>Arriano</span> <span class='ocrx_word' id='word_1_36' title='bbox 1567 463 1823 518; x_wconf 88' lang='lat' dir='ltr'>traditum</span> 
     </span>
     <span class='ocr_line' id='line_1_6' title="bbox 213 542 1823 624; baseline -0.001 -21"><span class='ocrx_word' id='word_1_37' title='bbox 213 544 308 603; x_wconf 89' lang='lat' dir='ltr'>est.</span> <span class='ocrx_word' id='word_1_38' title='bbox 354 568 478 604; x_wconf 89' lang='lat' dir='ltr'>nam</span> <span class='ocrx_word' id='word_1_39' title='bbox 499 548 582 604; x_wconf 89' lang='lat' dir='ltr'>alii</span> <span class='ocrx_word' id='word_1_40' title='bbox 603 548 793 604; x_wconf 86' lang='lat' dir='ltr'>urbem</span> <span class='ocrx_word' id='word_1_41' title='bbox 811 547 887 604; x_wconf 89' lang='lat' dir='ltr'>ibi</span> <span class='ocrx_word' id='word_1_42' title='bbox 917 549 1152 624; x_wconf 83' lang='lat' dir='ltr'>antiquis</span> <span class='ocrx_word' id='word_1_43' title='bbox 1182 545 1521 624; x_wconf 82' lang='lat' dir='ltr'>temporibus</span> <span class='ocrx_word' id='word_1_44' title='bbox 1539 542 1690 602; x_wconf 80' lang='lat' dir='ltr'>fuiffe</span> <span class='ocrx_word' id='word_1_45' title='bbox 1711 566 1823 601; x_wconf 88' lang='lat' dir='ltr'>me·-</span> 
     </span>
     <span class='ocr_line' id='line_1_7' title="bbox 212 626 1826 705; baseline -0.002 -19"><span class='ocrx_word' id='word_1_46' title='bbox 212 648 431 686; x_wconf 87' lang='lat' dir='ltr'>morant</span> <span class='ocrx_word' id='word_1_47' title='bbox 448 631 729 697; x_wconf 81' lang='lat' dir='ltr'>Caetaeum‚</span> <span class='ocrx_word' id='word_1_48' title='bbox 745 631 888 686; x_wconf 85' lang='lat' dir='ltr'>unde</span> <span class='ocrx_word' id='word_1_49' title='bbox 908 647 1059 686; x_wconf 89' lang='lat' dir='ltr'>ortus</span> <span class='ocrx_word' id='word_1_50' title='bbox 1078 633 1255 685; x_wconf 84' lang='lat' dir='ltr'>AEetas</span> <span class='ocrx_word' id='word_1_51' title='bbox 1274 626 1348 684; x_wconf 87' lang='lat' dir='ltr'>ob</span> <span class='ocrx_word' id='word_1_52' title='bbox 1364 627 1417 685; x_wconf 89' lang='lat' dir='ltr'>id</span> <span class='ocrx_word' id='word_1_53' title='bbox 1439 630 1674 686; x_wconf 73' lang='lat' dir='ltr'>Caeti&#39;e&#39;us</span> <span class='ocrx_word' id='word_1_54' title='bbox 1691 632 1826 705; x_wconf 71' lang='lat' dir='ltr'>poe-</span> 
     </span>
     <span class='ocr_line' id='line_1_8' title="bbox 211 710 1826 791; baseline -0.001 -24"><span class='ocrx_word' id='word_1_55' title='bbox 211 714 281 767; x_wconf 85' lang='lat' dir='ltr'>tis</span> <span class='ocrx_word' id='word_1_56' title='bbox 300 753 318 780; x_wconf 90' lang='lat'>,</span> <span class='ocrx_word' id='word_1_57' title='bbox 352 730 597 788; x_wconf 87' lang='lat' dir='ltr'>terraque</span> <span class='ocrx_word' id='word_1_58' title='bbox 618 710 722 791; x_wconf 85' lang='lat' dir='ltr'>ipsa</span> <span class='ocrx_word' id='word_1_59' title='bbox 743 712 1004 769; x_wconf 83' lang='lat' dir='ltr'>Colchica</span> <span class='ocrx_word' id='word_1_60' title='bbox 1021 713 1219 770; x_wconf 81' lang='lat' dir='ltr'>Caeta&#39;i&#39;s</span> <span class='ocrx_word' id='word_1_61' title='bbox 1238 710 1461 768; x_wconf 88' lang='lat' dir='ltr'>dicatur.</span> <span class='ocrx_word' id='word_1_62' title='bbox 1503 710 1563 766; x_wconf 86' lang='lat' dir='ltr'>Id</span> <span class='ocrx_word' id='word_1_63' title='bbox 1583 711 1826 766; x_wconf 79' lang='lat' dir='ltr'>Merme-</span> 
     </span>
     <span class='ocr_line' id='line_1_9' title="bbox 211 790 1821 862; baseline -0.001 -12"><span class='ocrx_word' id='word_1_64' title='bbox 211 813 336 857; x_wconf 82' lang='lat' dir='ltr'>roes</span> <span class='ocrx_word' id='word_1_65' title='bbox 355 816 501 851; x_wconf 88' lang='lat' dir='ltr'>nunc</span> <span class='ocrx_word' id='word_1_66' title='bbox 527 793 797 851; x_wconf 86' lang='lat' dir='ltr'>restituere</span> <span class='ocrx_word' id='word_1_67' title='bbox 817 797 1002 853; x_wconf 89' lang='lat' dir='ltr'>volens</span> <span class='ocrx_word' id='word_1_68' title='bbox 1019 835 1036 862; x_wconf 80' lang='lat'>‚</span> <span class='ocrx_word' id='word_1_69' title='bbox 1074 815 1198 850; x_wconf 88' lang='lat' dir='ltr'>cum</span> <span class='ocrx_word' id='word_1_70' title='bbox 1217 792 1347 850; x_wconf 88' lang='lat' dir='ltr'>nihil</span> <span class='ocrx_word' id='word_1_71' title='bbox 1365 793 1429 850; x_wconf 90' lang='lat' dir='ltr'>ad</span> <span class='ocrx_word' id='word_1_72' title='bbox 1449 790 1821 850; x_wconf 79' lang='lat' dir='ltr'>aedificandum</span> 
     </span>
     <span class='ocr_line' id='line_1_10' title="bbox 210 875 1824 956; baseline -0.002 -24"><span class='ocrx_word' id='word_1_73' title='bbox 210 879 379 954; x_wconf 86' lang='lat' dir='ltr'>parati</span> <span class='ocrx_word' id='word_1_74' title='bbox 393 875 613 934; x_wconf 87' lang='lat' dir='ltr'>haberet</span> <span class='ocrx_word' id='word_1_75' title='bbox 633 918 648 942; x_wconf 96' lang='lat'>‚</span> <span class='ocrx_word' id='word_1_76' title='bbox 670 881 721 933; x_wconf 67' lang='grc' dir='ltr'>ὃ(</span> <span class='ocrx_word' id='word_1_77' title='bbox 749 875 898 933; x_wconf 88' lang='lat' dir='ltr'>fimul</span> <span class='ocrx_word' id='word_1_78' title='bbox 913 877 1126 934; x_wconf 86' lang='lat' dir='ltr'>instaret</span> <span class='ocrx_word' id='word_1_79' title='bbox 1142 875 1328 956; x_wconf 81' lang='lat' dir='ltr'>hyems</span> <span class='ocrx_word' id='word_1_80' title='bbox 1348 917 1364 943; x_wconf 90' lang='lat'>‚</span> <span class='ocrx_word' id='word_1_81' title='bbox 1385 897 1445 932; x_wconf 88' lang='lat' dir='ltr'>ea</span> <span class='ocrx_word' id='word_1_82' title='bbox 1463 877 1824 954; x_wconf 62' lang='lat' dir='ltr'>quae&#39;corrue-</span> 
     </span>
     <span class='ocr_line' id='line_1_11' title="bbox 209 956 1822 1038; baseline -0.001 -24"><span class='ocrx_word' id='word_1_83' title='bbox 209 976 333 1014; x_wconf 83' lang='lat' dir='ltr'>rant</span> <span class='ocrx_word' id='word_1_84' title='bbox 354 962 605 1037; x_wconf 81' lang='lat' dir='ltr'>congerie</span> <span class='ocrx_word' id='word_1_85' title='bbox 625 960 903 1037; x_wconf 86' lang='lat' dir='ltr'>lignorum</span> <span class='ocrx_word' id='word_1_86' title='bbox 922 958 1129 1038; x_wconf 82' lang='lat' dir='ltr'>supplet</span> <span class='ocrx_word' id='word_1_87' title='bbox 1149 1000 1164 1026; x_wconf 86' lang='lat'>‚</span> <span class='ocrx_word' id='word_1_88' title='bbox 1202 958 1387 1037; x_wconf 82' lang='lat' dir='ltr'>ibique</span> <span class='ocrx_word' id='word_1_89' title='bbox 1406 956 1454 1014; x_wconf 91' lang='lat' dir='ltr'>se</span> <span class='ocrx_word' id='word_1_90' title='bbox 1475 975 1644 1014; x_wconf 89' lang='lat' dir='ltr'>tenet.</span> <span class='ocrx_word' id='word_1_91' title='bbox 1686 959 1822 1014; x_wconf 93' lang='lat' dir='ltr'>Non</span> 
     </span>
     <span class='ocr_line' id='line_1_12' title="bbox 210 1038 1824 1121; baseline -0.001 -25"><span class='ocrx_word' id='word_1_92' title='bbox 210 1039 380 1121; x_wconf 88' lang='lat' dir='ltr'>longe</span> <span class='ocrx_word' id='word_1_93' title='bbox 419 1042 542 1098; x_wconf 87' lang='lat' dir='ltr'>inde</span> <span class='ocrx_word' id='word_1_94' title='bbox 571 1041 713 1098; x_wconf 87' lang='lat' dir='ltr'>aliud</span> <span class='ocrx_word' id='word_1_95' title='bbox 757 1040 832 1096; x_wconf 89' lang='lat' dir='ltr'>est</span> <span class='ocrx_word' id='word_1_96' title='bbox 866 1040 1136 1096; x_wconf 84' lang='lat' dir='ltr'>castellum</span> <span class='ocrx_word' id='word_1_97' title='bbox 1172 1038 1534 1096; x_wconf 75' lang='lat' dir='ltr'>firmissimum</span> <span class='ocrx_word' id='word_1_98' title='bbox 1565 1039 1824 1097; x_wconf 87' lang='lat' dir='ltr'>Vthime-</span> 
     </span>
     <span class='ocr_line' id='line_1_13' title="bbox 210 1120 1823 1202; baseline -0.001 -23"><span class='ocrx_word' id='word_1_99' title='bbox 210 1126 356 1179; x_wconf 85' lang='lat' dir='ltr'>rium</span> <span class='ocrx_word' id='word_1_100' title='bbox 374 1126 599 1179; x_wconf 84' lang='lat' dir='ltr'>nomine</span> <span class='ocrx_word' id='word_1_101' title='bbox 619 1164 635 1189; x_wconf 86' lang='lat'>‚</span> <span class='ocrx_word' id='word_1_102' title='bbox 674 1126 825 1178; x_wconf 87' lang='lat' dir='ltr'>Lazis</span> <span class='ocrx_word' id='word_1_103' title='bbox 842 1124 1127 1202; x_wconf 82' lang='lat' dir='ltr'>diligenter</span> <span class='ocrx_word' id='word_1_104' title='bbox 1155 1120 1484 1180; x_wconf 84' lang='lat' dir='ltr'>custoditum</span> <span class='ocrx_word' id='word_1_105' title='bbox 1506 1163 1522 1188; x_wconf 88' lang='lat'>‚</span> <span class='ocrx_word' id='word_1_106' title='bbox 1551 1122 1823 1201; x_wconf 87' lang='lat' dir='ltr'>quibusin</span> 
     </span>
     <span class='ocr_line' id='line_1_14' title="bbox 211 1198 1821 1282; baseline -0.001 -21"><span class='ocrx_word' id='word_1_107' title='bbox 211 1225 418 1282; x_wconf 87' lang='lat' dir='ltr'>partem</span> <span class='ocrx_word' id='word_1_108' title='bbox 440 1204 659 1281; x_wconf 76' lang='lat' dir='ltr'>praesidii</span> <span class='ocrx_word' id='word_1_109' title='bbox 679 1206 920 1261; x_wconf 83' lang='lat' dir='ltr'>Romani</span> <span class='ocrx_word' id='word_1_110' title='bbox 940 1207 1133 1261; x_wconf 88' lang='lat' dir='ltr'>milites</span> <span class='ocrx_word' id='word_1_111' title='bbox 1160 1201 1470 1260; x_wconf 82' lang='lat' dir='ltr'>accefferant</span> <span class='ocrx_word' id='word_1_112' title='bbox 1495 1225 1610 1261; x_wconf 91' lang='lat' dir='ltr'>non</span> <span class='ocrx_word' id='word_1_113' title='bbox 1629 1198 1821 1261; x_wconf 85' lang='lat' dir='ltr'>multi.</span> 
     </span>
     <span class='ocr_line' id='line_1_15' title="bbox 212 1285 1826 1355; baseline 0 -13"><span class='ocrx_word' id='word_1_114' title='bbox 212 1287 555 1344; x_wconf 87' lang='lat' dir='ltr'>Mermeroes</span> <span class='ocrx_word' id='word_1_115' title='bbox 571 1328 585 1349; x_wconf 85' lang='lat'>‚</span> <span class='ocrx_word' id='word_1_116' title='bbox 605 1285 698 1342; x_wconf 88' lang='lat' dir='ltr'>ubi</span> <span class='ocrx_word' id='word_1_117' title='bbox 718 1286 860 1352; x_wconf 79' lang='lat' dir='ltr'>dixi,</span> <span class='ocrx_word' id='word_1_118' title='bbox 881 1307 1092 1344; x_wconf 87' lang='lat' dir='ltr'>moram</span> <span class='ocrx_word' id='word_1_119' title='bbox 1111 1285 1323 1343; x_wconf 87' lang='lat' dir='ltr'>trahens</span> <span class='ocrx_word' id='word_1_120' title='bbox 1341 1328 1358 1355; x_wconf 88' lang='lat'>‚</span> <span class='ocrx_word' id='word_1_121' title='bbox 1377 1305 1528 1344; x_wconf 82' lang='lat' dir='ltr'>terrae</span> <span class='ocrx_word' id='word_1_122' title='bbox 1545 1285 1826 1343; x_wconf 81' lang='lat' dir='ltr'>Colchidis</span> 
     </span>
     <span class='ocr_line' id='line_1_16' title="bbox 211 1366 1824 1449; baseline -0.001 -24"><span class='ocrx_word' id='word_1_123' title='bbox 211 1372 423 1447; x_wconf 89' lang='lat' dir='ltr'>optima</span> <span class='ocrx_word' id='word_1_124' title='bbox 443 1367 746 1448; x_wconf 83' lang='lat' dir='ltr'>poffidebat</span> <span class='ocrx_word' id='word_1_125' title='bbox 769 1410 783 1430; x_wconf 92' lang='lat'>‚</span> <span class='ocrx_word' id='word_1_126' title='bbox 818 1390 1032 1449; x_wconf 85' lang='lat' dir='ltr'>unaque</span> <span class='ocrx_word' id='word_1_127' title='bbox 1052 1368 1326 1436; x_wconf 83' lang='lat' dir='ltr'>obstabat,</span> <span class='ocrx_word' id='word_1_128' title='bbox 1359 1390 1427 1425; x_wconf 88' lang='lat' dir='ltr'>ne</span> <span class='ocrx_word' id='word_1_129' title='bbox 1447 1367 1576 1448; x_wconf 89' lang='lat' dir='ltr'>quid</span> <span class='ocrx_word' id='word_1_130' title='bbox 1595 1366 1824 1425; x_wconf 84' lang='lat' dir='ltr'>neceffa-</span> 
     </span>
     <span class='ocr_line' id='line_1_17' title="bbox 211 1448 1825 1516; baseline 0.001 -10"><span class='ocrx_word' id='word_1_131' title='bbox 211 1453 275 1511; x_wconf 83' lang='lat' dir='ltr'>rii</span> <span class='ocrx_word' id='word_1_132' title='bbox 307 1449 486 1509; x_wconf 86' lang='lat' dir='ltr'>hostes</span> <span class='ocrx_word' id='word_1_133' title='bbox 517 1455 573 1508; x_wconf 90' lang='lat' dir='ltr'>in</span> <span class='ocrx_word' id='word_1_134' title='bbox 606 1449 956 1515; x_wconf 82' lang='lat' dir='ltr'>Vthimereos</span> <span class='ocrx_word' id='word_1_135' title='bbox 991 1450 1262 1509; x_wconf 86' lang='lat' dir='ltr'>castellum</span> <span class='ocrx_word' id='word_1_136' title='bbox 1281 1448 1540 1508; x_wconf 83' lang='lat' dir='ltr'>inferrent</span> <span class='ocrx_word' id='word_1_137' title='bbox 1555 1495 1569 1516; x_wconf 92' lang='lat'>‚</span> <span class='ocrx_word' id='word_1_138' title='bbox 1607 1455 1825 1509; x_wconf 80' lang='lat' dir='ltr'>nevein</span> 
     </span>
     <span class='ocr_line' id='line_1_18' title="bbox 210 1532 1825 1614; baseline 0.001 -24"><span class='ocrx_word' id='word_1_139' title='bbox 210 1536 494 1612; x_wconf 82' lang='lat' dir='ltr'>regionem</span> <span class='ocrx_word' id='word_1_140' title='bbox 517 1537 769 1591; x_wconf 83' lang='lat' dir='ltr'>Suaniam</span> <span class='ocrx_word' id='word_1_141' title='bbox 791 1556 847 1591; x_wconf 86' lang='lat' dir='ltr'>ac</span> <span class='ocrx_word' id='word_1_142' title='bbox 865 1538 1170 1613; x_wconf 84' lang='lat' dir='ltr'>Scymniam</span> <span class='ocrx_word' id='word_1_143' title='bbox 1193 1576 1209 1602; x_wconf 89' lang='lat'>,</span> <span class='ocrx_word' id='word_1_144' title='bbox 1230 1532 1351 1613; x_wconf 81' lang='lat' dir='ltr'>ipsis</span> <span class='ocrx_word' id='word_1_145' title='bbox 1368 1551 1645 1614; x_wconf 89' lang='lat' dir='ltr'>parentem</span> <span class='ocrx_word' id='word_1_146' title='bbox 1665 1575 1682 1601; x_wconf 85' lang='lat'>‚</span> <span class='ocrx_word' id='word_1_147' title='bbox 1703 1555 1825 1613; x_wconf 89' lang='lat' dir='ltr'>per-</span> 
     </span>
     <span class='ocr_line' id='line_1_19' title="bbox 211 1614 1823 1695; baseline 0.001 -22"><span class='ocrx_word' id='word_1_148' title='bbox 211 1618 396 1673; x_wconf 88' lang='lat' dir='ltr'>venire</span> <span class='ocrx_word' id='word_1_149' title='bbox 426 1614 653 1695; x_wconf 80' lang='lat' dir='ltr'>poffent;</span> <span class='ocrx_word' id='word_1_150' title='bbox 712 1619 858 1675; x_wconf 88' lang='lat' dir='ltr'>Nam</span> <span class='ocrx_word' id='word_1_151' title='bbox 891 1621 946 1674; x_wconf 93' lang='lat' dir='ltr'>in</span> <span class='ocrx_word' id='word_1_152' title='bbox 979 1616 1269 1675; x_wconf 73' lang='lat' dir='ltr'>Muthirefi</span> <span class='ocrx_word' id='word_1_153' title='bbox 1298 1617 1508 1676; x_wconf 87' lang='lat' dir='ltr'>medios</span> <span class='ocrx_word' id='word_1_154' title='bbox 1538 1615 1589 1673; x_wconf 92' lang='lat' dir='ltr'>se</span> <span class='ocrx_word' id='word_1_155' title='bbox 1617 1619 1823 1693; x_wconf 81' lang='lat' dir='ltr'>interji-</span> 
     </span>
    </p>
   </div>
   <div class='ocr_carea' id='block_1_2' title="bbox 212 1697 1837 1778">
    <p class='ocr_par' dir='ltr' id='par_1_3' title="bbox 212 1697 1837 1778">
     <span class='ocr_line' id='line_1_20' title="bbox 212 1697 1837 1778; baseline 0.001 -24"><span class='ocrx_word' id='word_1_156' title='bbox 212 1697 482 1755; x_wconf 85' lang='lat' dir='ltr'>cientibus</span> <span class='ocrx_word' id='word_1_157' title='bbox 515 1697 708 1767; x_wconf 75' lang='lat' dir='ltr'>Perfi3‚</span> <span class='ocrx_word' id='word_1_158' title='bbox 729 1703 874 1776; x_wconf 13' lang='lat' dir='ltr'>*Lazi</span> <span class='ocrx_word' id='word_1_159' title='bbox 891 1701 1242 1778; x_wconf 85' lang='lat' dir='ltr'>Romanique</span> <span class='ocrx_word' id='word_1_160' title='bbox 1274 1697 1340 1755; x_wconf 91' lang='lat' dir='ltr'>ab</span> <span class='ocrx_word' id='word_1_161' title='bbox 1359 1699 1707 1756; x_wconf 80' lang='lat' dir='ltr'>ulterioribus</span> <span class='ocrx_word' id='word_1_162' title='bbox 1735 1697 1837 1755; x_wconf 47' lang='lat' dir='ltr'>in?</span> 
     </span>
    </p>
   </div>
   <div class='ocr_carea' id='block_1_3' title="bbox 209 1779 1824 2354">
    <p class='ocr_par' dir='ltr' id='par_1_4' title="bbox 209 1779 1824 2354">
     <span class='ocr_line' id='line_1_21' title="bbox 209 1779 1821 1860; baseline 0 -23"><span class='ocrx_word' id='word_1_163' title='bbox 209 1779 668 1838; x_wconf 81' lang='lat' dir='ltr'>tercludebantur.</span> <span class='ocrx_word' id='word_1_164' title='bbox 728 1783 862 1839; x_wconf 80' lang='lat' dir='ltr'>Haec</span> <span class='ocrx_word' id='word_1_165' title='bbox 893 1802 985 1858; x_wconf 89' lang='lat' dir='ltr'>per</span> <span class='ocrx_word' id='word_1_166' title='bbox 1017 1785 1261 1837; x_wconf 83' lang='lat' dir='ltr'>Lazicam</span> <span class='ocrx_word' id='word_1_167' title='bbox 1289 1780 1520 1860; x_wconf 84' lang='lat' dir='ltr'>agebant</span> <span class='ocrx_word' id='word_1_168' title='bbox 1540 1783 1821 1838; x_wconf 77' lang='lat' dir='ltr'>exercituS.</span> 
     </span>
     <span class='ocr_line' id='line_1_22' title="bbox 213 1862 1819 1942; baseline 0 -22"><span class='ocrx_word' id='word_1_169' title='bbox 213 1866 295 1920; x_wconf 81' lang='lat' dir='ltr'>At</span> <span class='ocrx_word' id='word_1_170' title='bbox 315 1865 556 1941; x_wconf 82' lang='lat' dir='ltr'>Byzantii</span> <span class='ocrx_word' id='word_1_171' title='bbox 575 1865 783 1940; x_wconf 87' lang='lat' dir='ltr'>legatus</span> <span class='ocrx_word' id='word_1_172' title='bbox 801 1862 1103 1942; x_wconf 84' lang='lat' dir='ltr'>Isdiagunas</span> <span class='ocrx_word' id='word_1_173' title='bbox 1135 1864 1199 1919; x_wconf 82' lang='lat' dir='ltr'>de</span> <span class='ocrx_word' id='word_1_174' title='bbox 1232 1884 1357 1939; x_wconf 83' lang='lat' dir='ltr'>pace</span> <span class='ocrx_word' id='word_1_175' title='bbox 1380 1884 1502 1919; x_wconf 87' lang='lat' dir='ltr'>cum</span> <span class='ocrx_word' id='word_1_176' title='bbox 1522 1862 1819 1920; x_wconf 84' lang='lat' dir='ltr'>Iustiniano</span> 
     </span>
     <span class='ocr_line' id='line_1_23' title="bbox 212 1945 1823 2024; baseline -0.001 -22"><span class='ocrx_word' id='word_1_177' title='bbox 212 1948 545 2022; x_wconf 82' lang='lat' dir='ltr'>Imperatore</span> <span class='ocrx_word' id='word_1_178' title='bbox 564 1947 745 2004; x_wconf 61' lang='lat' dir='ltr'>tractis</span> <span class='ocrx_word' id='word_1_179' title='bbox 766 1946 859 2002; x_wconf 86' lang='lat' dir='ltr'>diu</span> <span class='ocrx_word' id='word_1_180' title='bbox 895 1948 1198 2024; x_wconf 84' lang='lat' dir='ltr'>multasque</span> <span class='ocrx_word' id='word_1_181' title='bbox 1220 1966 1309 2021; x_wconf 87' lang='lat' dir='ltr'>per</span> <span class='ocrx_word' id='word_1_182' title='bbox 1328 1948 1694 2006; x_wconf 84' lang='lat' dir='ltr'>altercationes</span> <span class='ocrx_word' id='word_1_183' title='bbox 1712 1945 1823 2002; x_wconf 53' lang='lat' dir='ltr'>cols-</span> 
     </span>
     <span class='ocr_line' id='line_1_24' title="bbox 211 2023 1824 2107; baseline 0.002 -25"><span class='ocrx_word' id='word_1_184' title='bbox 211 2028 410 2104; x_wconf 84' lang='lat' dir='ltr'>loquiis</span> <span class='ocrx_word' id='word_1_185' title='bbox 433 2068 449 2094; x_wconf 85' lang='lat'><strong>,</strong></span> <span class='ocrx_word' id='word_1_186' title='bbox 477 2023 753 2105; x_wconf 90' lang='lat' dir='ltr'>postremo</span> <span class='ocrx_word' id='word_1_187' title='bbox 785 2031 1071 2095; x_wconf 83' lang='lat' dir='ltr'>convenit,</span> <span class='ocrx_word' id='word_1_188' title='bbox 1107 2046 1166 2083; x_wconf 84' lang='lat' dir='ltr'>ut</span> <span class='ocrx_word' id='word_1_189' title='bbox 1186 2031 1238 2082; x_wconf 90' lang='lat' dir='ltr'>in</span> <span class='ocrx_word' id='word_1_190' title='bbox 1269 2048 1440 2083; x_wconf 89' lang='lat' dir='ltr'>annos</span> <span class='ocrx_word' id='word_1_191' title='bbox 1457 2029 1702 2106; x_wconf 75' lang='lat' dir='ltr'>quinque</span> <span class='ocrx_word' id='word_1_192' title='bbox 1726 2048 1824 2107; x_wconf 87' lang='lat' dir='ltr'>per</span> 
     </span>
     <span class='ocr_line' id='line_1_25' title="bbox 212 2106 1821 2188; baseline 0.001 -24"><span class='ocrx_word' id='word_1_193' title='bbox 212 2125 513 2187; x_wconf 87' lang='lat' dir='ltr'>utrumque</span> <span class='ocrx_word' id='word_1_194' title='bbox 544 2113 833 2188; x_wconf 87' lang='lat' dir='ltr'>imperium</span> <span class='ocrx_word' id='word_1_195' title='bbox 864 2110 1090 2167; x_wconf 80' lang='lat' dir='ltr'>induciae</span> <span class='ocrx_word' id='word_1_196' title='bbox 1124 2106 1716 2188; x_wconf 77' lang='lat' dir='ltr'>essent,.tranfitusque</span> <span class='ocrx_word' id='word_1_197' title='bbox 1733 2114 1821 2166; x_wconf 94' lang='lat' dir='ltr'>in-</span> 
     </span>
     <span class='ocr_line' id='line_1_26' title="bbox 213 2191 1821 2270; baseline 0.002 -24"><span class='ocrx_word' id='word_1_198' title='bbox 213 2208 299 2246; x_wconf 91' lang='lat' dir='ltr'>ter</span> <span class='ocrx_word' id='word_1_199' title='bbox 316 2192 551 2270; x_wconf 87' lang='lat' dir='ltr'>populos</span> <span class='ocrx_word' id='word_1_200' title='bbox 571 2197 625 2250; x_wconf 70' lang='grc' dir='ltr'>δε</span> <span class='ocrx_word' id='word_1_201' title='bbox 656 2195 973 2249; x_wconf 86' lang='lat' dir='ltr'>internuntii</span> <span class='ocrx_word' id='word_1_202' title='bbox 992 2191 1156 2249; x_wconf 87' lang='lat' dir='ltr'>securi</span> <span class='ocrx_word' id='word_1_203' title='bbox 1175 2232 1191 2259; x_wconf 87' lang='lat'>,</span> <span class='ocrx_word' id='word_1_204' title='bbox 1234 2212 1327 2269; x_wconf 89' lang='lat' dir='ltr'>per</span> <span class='ocrx_word' id='word_1_205' title='bbox 1345 2213 1486 2270; x_wconf 86' lang='lat' dir='ltr'>quos</span> <span class='ocrx_word' id='word_1_206' title='bbox 1505 2213 1564 2248; x_wconf 89' lang='lat' dir='ltr'>ea</span> <span class='ocrx_word' id='word_1_207' title='bbox 1583 2212 1700 2270; x_wconf 80' lang='lat' dir='ltr'>quae</span> <span class='ocrx_word' id='word_1_208' title='bbox 1731 2191 1821 2249; x_wconf 89' lang='lat' dir='ltr'>su-</span> 
     </span>
     <span class='ocr_line' id='line_1_27' title="bbox 212 2273 1822 2354; baseline 0.002 -26"><span class='ocrx_word' id='word_1_209' title='bbox 212 2292 310 2352; x_wconf 85' lang='lat' dir='ltr'>per</span> <span class='ocrx_word' id='word_1_210' title='bbox 340 2276 530 2330; x_wconf 88' lang='lat' dir='ltr'>Lazica</span> <span class='ocrx_word' id='word_1_211' title='bbox 558 2295 616 2330; x_wconf 85' lang='lat' dir='ltr'>ac</span> <span class='ocrx_word' id='word_1_212' title='bbox 636 2277 928 2331; x_wconf 86' lang='lat' dir='ltr'>Sarracenis</span> <span class='ocrx_word' id='word_1_213' title='bbox 958 2274 1212 2354; x_wconf 85' lang='lat' dir='ltr'>ambigua</span> <span class='ocrx_word' id='word_1_214' title='bbox 1232 2273 1495 2331; x_wconf 84' lang='lat' dir='ltr'>restabant</span> <span class='ocrx_word' id='word_1_215' title='bbox 1516 2295 1822 2354; x_wconf 82' lang='lat' dir='ltr'>compone-</span> 
     </span>
    </p>
   </div>
   <div class='ocr_carea' id='block_1_4' title="bbox 1867 152 1881 179">
    <p class='ocr_par' dir='ltr' id='par_1_5' title="bbox 1867 152 1881 179">
     <span class='ocr_line' id='line_1_28' title="bbox 1867 152 1881 179; baseline 0 0"><span class='ocrx_word' id='word_1_216' title='bbox 1867 152 1881 179; x_wconf 66' lang='lat' dir='ltr'>‘x</span> 
     </span>
    </p>
   </div>
   <div class='ocr_carea' id='block_1_5' title="bbox 213 2354 1875 2435">
    <p class='ocr_par' dir='ltr' id='par_1_6' title="bbox 213 2354 1875 2435">
     <span class='ocr_line' id='line_1_29' title="bbox 213 2354 1875 2435; baseline 0.001 -24"><span class='ocrx_word' id='word_1_217' title='bbox 213 2372 416 2412; x_wconf 88' lang='lat' dir='ltr'>rentur.</span> <span class='ocrx_word' id='word_1_218' title='bbox 461 2357 733 2413; x_wconf 79' lang='lat' dir='ltr'>Placuerat</span> <span class='ocrx_word' id='word_1_219' title='bbox 752 2354 926 2414; x_wconf 84' lang='lat' dir='ltr'>Persas</span> <span class='ocrx_word' id='word_1_220' title='bbox 945 2355 970 2412; x_wconf 77' lang='grc' dir='ltr'>ἒι</span> <span class='ocrx_word' id='word_1_221' title='bbox 989 2359 1254 2414; x_wconf 84' lang='lat' dir='ltr'>Romanis</span> <span class='ocrx_word' id='word_1_222' title='bbox 1281 2358 1515 2435; x_wconf 82' lang='lat' dir='ltr'>accipere</span> <span class='ocrx_word' id='word_1_223' title='bbox 1539 2378 1638 2435; x_wconf 84' lang='lat' dir='ltr'>pro</span> <span class='ocrx_word' id='word_1_224' title='bbox 1657 2360 1822 2435; x_wconf 86' lang='lat' dir='ltr'>quin-</span> <span class='ocrx_word' id='word_1_225' title='bbox 1874 2409 1875 2412; x_wconf 76' lang='grc'>,</span> 
     </span>
    </p>
   </div>
   <div class='ocr_carea' id='block_1_6' title="bbox 214 2436 1820 3096">
    <p class='ocr_par' dir='ltr' id='par_1_7' title="bbox 214 2436 1820 3015">
     <span class='ocr_line' id='line_1_30' title="bbox 215 2436 1820 2517; baseline 0.001 -24"><span class='ocrx_word' id='word_1_226' title='bbox 215 2458 320 2515; x_wconf 87' lang='lat' dir='ltr'>que</span> <span class='ocrx_word' id='word_1_227' title='bbox 338 2436 419 2494; x_wconf 76' lang='lat' dir='ltr'>his</span> <span class='ocrx_word' id='word_1_228' title='bbox 438 2437 775 2496; x_wconf 82' lang='lat' dir='ltr'>induciarum</span> <span class='ocrx_word' id='word_1_229' title='bbox 794 2443 944 2496; x_wconf 86' lang='lat' dir='ltr'>annis</span> <span class='ocrx_word' id='word_1_230' title='bbox 961 2438 1042 2496; x_wconf 85' lang='lat' dir='ltr'>bis</span> <span class='ocrx_word' id='word_1_231' title='bbox 1063 2441 1204 2496; x_wconf 87' lang='lat' dir='ltr'>mille</span> <span class='ocrx_word' id='word_1_232' title='bbox 1220 2438 1377 2495; x_wconf 88' lang='lat' dir='ltr'>libras</span> <span class='ocrx_word' id='word_1_233' title='bbox 1395 2442 1526 2505; x_wconf 88' lang='lat' dir='ltr'>auri,</span> <span class='ocrx_word' id='word_1_234' title='bbox 1548 2459 1645 2517; x_wconf 87' lang='lat' dir='ltr'>pro</span> <span class='ocrx_word' id='word_1_235' title='bbox 1661 2460 1820 2498; x_wconf 85' lang='lat' dir='ltr'>men-</span> 
     </span>
     <span class='ocr_line' id='line_1_31' title="bbox 215 2519 1816 2600; baseline 0.002 -25"><span class='ocrx_word' id='word_1_236' title='bbox 215 2519 358 2575; x_wconf 74' lang='lat' dir='ltr'>sibus</span> <span class='ocrx_word' id='word_1_237' title='bbox 378 2539 556 2577; x_wconf 86' lang='lat' dir='ltr'>autem</span> <span class='ocrx_word' id='word_1_238' title='bbox 577 2521 905 2589; x_wconf 56' lang='lat' dir='ltr'>octodecim,</span> <span class='ocrx_word' id='word_1_239' title='bbox 925 2524 1017 2600; x_wconf 85' lang='lat' dir='ltr'>qui</span> <span class='ocrx_word' id='word_1_240' title='bbox 1039 2521 1350 2599; x_wconf 68' lang='lat' dir='ltr'>aptioribus</span> <span class='ocrx_word' id='word_1_241' title='bbox 1372 2520 1599 2578; x_wconf 87' lang='lat' dir='ltr'>induciis</span> <span class='ocrx_word' id='word_1_242' title='bbox 1618 2521 1680 2578; x_wconf 86' lang='lat' dir='ltr'>ad</span> <span class='ocrx_word' id='word_1_243' title='bbox 1701 2541 1816 2578; x_wconf 51' lang='lat' dir='ltr'>muv</span> 
     </span>
     <span class='ocr_line' id='line_1_32' title="bbox 215 2600 1819 2682; baseline 0.002 -26"><span class='ocrx_word' id='word_1_244' title='bbox 215 2619 335 2658; x_wconf 87' lang='lat' dir='ltr'>tuas</span> <span class='ocrx_word' id='word_1_245' title='bbox 367 2623 539 2680; x_wconf 83' lang='lat' dir='ltr'>nuper</span> <span class='ocrx_word' id='word_1_246' title='bbox 568 2604 865 2682; x_wconf 83' lang='lat' dir='ltr'>legationes</span> <span class='ocrx_word' id='word_1_247' title='bbox 900 2606 1325 2670; x_wconf 73' lang='lat' dir='ltr'>intercesserant,</span> <span class='ocrx_word' id='word_1_248' title='bbox 1375 2603 1534 2661; x_wconf 83' lang='lat' dir='ltr'>libras</span> <span class='ocrx_word' id='word_1_249' title='bbox 1561 2607 1671 2660; x_wconf 89' lang='lat' dir='ltr'>auri</span> <span class='ocrx_word' id='word_1_250' title='bbox 1702 2600 1819 2660; x_wconf 84' lang='lat' dir='ltr'>sex-</span> 
     </span>
     <span class='ocr_line' id='line_1_33' title="bbox 216 2684 1820 2764; baseline 0.001 -25"><span class='ocrx_word' id='word_1_251' title='bbox 216 2703 412 2741; x_wconf 86' lang='lat' dir='ltr'>centas.</span> <span class='ocrx_word' id='word_1_252' title='bbox 456 2684 724 2742; x_wconf 83' lang='lat' dir='ltr'>Dicebant</span> <span class='ocrx_word' id='word_1_253' title='bbox 743 2689 886 2742; x_wconf 86' lang='lat' dir='ltr'>enim</span> <span class='ocrx_word' id='word_1_254' title='bbox 913 2685 1084 2743; x_wconf 67' lang='lat' dir='ltr'>&#39;Persae</span> <span class='ocrx_word' id='word_1_255' title='bbox 1101 2686 1198 2742; x_wconf 86' lang='lat' dir='ltr'>hac</span> <span class='ocrx_word' id='word_1_256' title='bbox 1217 2684 1265 2741; x_wconf 90' lang='lat' dir='ltr'>se</span> <span class='ocrx_word' id='word_1_257' title='bbox 1287 2687 1672 2742; x_wconf 84' lang='lat' dir='ltr'>Romanorum</span> <span class='ocrx_word' id='word_1_258' title='bbox 1693 2686 1820 2764; x_wconf 84' lang='lat' dir='ltr'>pol-</span> 
     </span>
     <span class='ocr_line' id='line_1_34' title="bbox 214 2767 1820 2846; baseline 0.003 -26"><span class='ocrx_word' id='word_1_259' title='bbox 214 2767 510 2824; x_wconf 83' lang='lat' dir='ltr'>licitatione</span> <span class='ocrx_word' id='word_1_260' title='bbox 530 2767 809 2834; x_wconf 56' lang='lat' dir='ltr'>inductos,</span> <span class='ocrx_word' id='word_1_261' title='bbox 846 2786 903 2823; x_wconf 91' lang='lat' dir='ltr'>ut</span> <span class='ocrx_word' id='word_1_262' title='bbox 925 2769 989 2825; x_wconf 90' lang='lat' dir='ltr'>de</span> <span class='ocrx_word' id='word_1_263' title='bbox 1012 2768 1276 2846; x_wconf 86' lang='lat' dir='ltr'>ponendis</span> <span class='ocrx_word' id='word_1_264' title='bbox 1306 2770 1460 2824; x_wconf 86' lang='lat' dir='ltr'>armis</span> <span class='ocrx_word' id='word_1_265' title='bbox 1480 2769 1820 2825; x_wconf 82' lang='lat' dir='ltr'>sermonibus</span> 
     </span>
     <span class='ocr_line' id='line_1_35' title="bbox 214 2845 1818 2927; baseline 0.002 -25"><span class='ocrx_word' id='word_1_266' title='bbox 214 2845 263 2902; x_wconf 65' lang='lat' dir='ltr'>se</span> <span class='ocrx_word' id='word_1_267' title='bbox 285 2848 595 2927; x_wconf 65' lang='lat' dir='ltr'>praeberent.</span> <span class='ocrx_word' id='word_1_268' title='bbox 639 2853 728 2906; x_wconf 83' lang='lat' dir='ltr'>Bis</span> <span class='ocrx_word' id='word_1_269' title='bbox 765 2853 904 2907; x_wconf 88' lang='lat' dir='ltr'>mille</span> <span class='ocrx_word' id='word_1_270' title='bbox 924 2869 1101 2906; x_wconf 82' lang='lat' dir='ltr'>autem</span> <span class='ocrx_word' id='word_1_271' title='bbox 1128 2851 1238 2905; x_wconf 83' lang='lat' dir='ltr'>illas</span> <span class='ocrx_word' id='word_1_272' title='bbox 1267 2850 1426 2906; x_wconf 83' lang='lat' dir='ltr'>libras</span> <span class='ocrx_word' id='word_1_273' title='bbox 1451 2852 1593 2909; x_wconf 87' lang='lat' dir='ltr'>illico</span> <span class='ocrx_word' id='word_1_274' title='bbox 1630 2847 1818 2927; x_wconf 87' lang='lat' dir='ltr'>posce-</span> 
     </span>
     <span class='ocr_line' id='line_1_36' title="bbox 214 2929 1817 3015; baseline -0.002 -25"><span class='ocrx_word' id='word_1_275' title='bbox 214 2929 305 2990; x_wconf 78' lang='lat' dir='ltr'>bat</span> <span class='ocrx_word' id='word_1_276' title='bbox 327 2930 629 3015; x_wconf 78' lang='lat' dir='ltr'>Isdiagunas</span> <span class='ocrx_word' id='word_1_277' title='bbox 658 2954 671 2991; x_wconf 73' lang='lat' dir='ltr'><strong><em>z</em></strong></span> <span class='ocrx_word' id='word_1_278' title='bbox 716 2932 1031 2992; x_wconf 72' lang='lat' dir='ltr'>Iustinianus</span> <span class='ocrx_word' id='word_1_279' title='bbox 1054 2933 1175 2994; x_wconf 65' lang='lat' dir='ltr'>clare</span> <span class='ocrx_word' id='word_1_280' title='bbox 1196 2932 1410 2992; x_wconf 81' lang='lat' dir='ltr'>volebat</span> <span class='ocrx_word' id='word_1_281' title='bbox 1427 2936 1577 2994; x_wconf 73' lang='lat' dir='ltr'>annis</span> <span class='ocrx_word' id='word_1_282' title='bbox 1599 2929 1817 3011; x_wconf 81' lang='lat' dir='ltr'>fingulis</span> 
     </span>
    </p>

    <p class='ocr_par' dir='ltr' id='par_1_8' title="bbox 1676 3034 1814 3096">
     <span class='ocr_line' id='line_1_37' title="bbox 1676 3034 1814 3096; baseline 0.022 -27"><span class='ocrx_word' id='word_1_283' title='bbox 1676 3034 1814 3096; x_wconf 69' lang='lat' dir='ltr'>qua-</span> 
     </span>
    </p>
   </div>
  </div>
 </body>
</html>
