1888 3428
280 179 677 233 PRocopu
733 176 1300 234 CffisARm-:Nsm
1517 198 1626 259 525

19 258 215 314 lomon
235 258 289 313 in
308 261 572 314 orientem
593 257 704 314 abit
721 299 738 324 ‚
772 260 992 335 patriam
1013 256 1086 312 ibi
1102 257 1521 340 domesticasque
1539 285 1639 322 ne-

21 338 357 396 ceffitudihes
377 336 656 396 revisurus·
700 339 807 396 Sed*
829 341 886 395 in
915 335 1027 416 ipso
1047 341 1235 395 itinere
1253 341 1637 417 deprehensum

20 420 201 478 divina
215 423 347 477 ultio
370 418 528 476 rebus
546 420 792 477 humanis
822 420 1034 477 ademit.
1080 420 1149 476 Et
1183 421 1381 500 Pegalii
1416 429 1639 500 quidem

20 503 439 580 Solomonisque
459 522 559 569 reS,
581 521 639 559 ut
657 502 784 569 dixi,
805 500 854 557 se
873 499 1093 558 habent.

102 671 296 722 Parum
334 662 509 722 fuerat
558 663 849 723 Iustiniano
887 681 1053 721 terras
1086 667 1353 723 Romanis
1395 665 1636 745 pofl'ess'as

23 747 242 825 peffime
277 749 497 804 traetare
520 789 536 815 ,
566 745 657 803 nifi
679 753 731 804 &
749 750 905 805 Italiae
926 743 1233 825 Africaeque
1264 751 1635 828 recuperandae

23 828 72 887 se
91 829 418 896 intendiffet,
445 849 556 885 non
577 827 650 885 ob
673 829 813 886 aliud
829 850 992 907 quam
1015 848 1074 886 ut
1089 828 1180 885 has
1197 835 1490 909 quoquein
1510 853 1637 889 ean-

22 911 145 968 dem
165 933 288 968 cum
308 914 369 968 iis
386 913 816 989 provincii5,quae
836 929 956 969 ante
976 910 1521 991 parebant‚miseriam
1544 936 1637 975 va-

23 991 362 1072 stitatemque
382 994 701 1050 involveret.
766 1038 779 1048 .

104 1158 241 1223 Quo
280 1172 525 1234 tempore
569 1154 952 1215 Amalasuntha
993 1155 1343 1216 constituerat
1384 1159 1636 1218 abdicatis

24 1238 369 1299 Gotthorum
389 1237 548 1295 rebus
568 1256 778 1312 mutare
814 1242 934 1298 vitae
970 1261 1143 1318 genus
1161 1282 1179 1307 ,
1209 1247 1262 1297 δε
1281 1242 1331 1298 se
1351 1240 1635 1299 transferre

21 1323 342 1399 Byzantium
361 1361 376 1386 ‚
410 1338 469 1376 ut
486 1322 540 1376 in
562 1320 830 1378 aliislibris
847 1324 1277 1380 commemoravi
1298 1364 1314 1390 ,
1341 1322 1518 1381 secum
1539 1345 1638 1381 co·-

22 1406 200 1481 gitans
216 1401 512 1459 Theodora
530 1399 792 1459 feminam*
819 1400 917 1461 efl'e
948 1403 1338 1481 praenobilem3
1373 1411 1634 1486 reginam,

21 1483 193 1563 specie
216 1486 518 1565 egregiam,
556 1481 776 1541 sollertis
810 1485 874 1543 ad
894 1482 1005 1542 haec
1038 1488 1278 1565 ingenii:
1309 1485 1637 1566 suspeetam-

20 1587 129 1645 que
148 1565 351 1623 habens
385 1583 503 1622 tum
522 1567 659 1623 illius
678 1565 1134 1645 magnificentiam
1153 1609 1171 1636 ‚
1211 1586 1332 1626 tum
1365 1591 1488 1628 vere
1508 1573 1638 1628 viri-

23 1651 130 1705 lem
164 1651 408 1705 animum
429 1688 443 1714 ‚
480 1667 538 1703 ac
576 1651 751 1704 mariti
768 1649 844 1704 sui
865 1647 1274 1706 inconstantiam
1296 1694 1311 1715 ,
1349 1671 1464 1708 non
1495 1654 1634 1708 intra

23 1730 315 1802 mediocria
332 1731 639 1788 aemulatum
673 1733 909 1786 exercuit
928 1771 945 1796 ,
973 1728 1060 1788 sed
1079 1728 1198 1789 vitae
1218 1737 1332 1808 ejus
1347 1730 1534 1791 struxit
1552 1738 1639 1791 in-

18 1810 184 1869 sidiaS.
224 1815 361 1868 Viro
380 1813 546 1889 igitur
565 1809 841 1889 persuadet
876 1816 1097 1869 Petrum
1116 1830 1174 1869 ut
1192 1814 1430 1892 legatum
1449 1818 1503 1872 in
1523 1821 1633 1873 Ita-

23 1896 145 1952 liam
162 1895 351 1950 mittat.
378 1894 446 1948 Et
463 1898 626 1950 Petro
647 1899 948 1971 Imperator
965 1915 1024 1951 ea
1043 1899 1292 1973 praecepit
1311 1916 1429 1976 quae
1447 1899 1503 1953 in
1524 1899 1635 1955 aliis

23 1975 170 2034 libris
217 1974 410 2032 nostris
445 1980 670 2053 reperire
704 1975 794 2032 est.
840 1972 1115 2034 Caeterum
1162 1995 1340 2035 metus
1377 1978 1634 2058 Augustae

22 2074 151 2114 tunc
171 2056 448 2135 prohibuit
468 2079 554 2113 me
574 2099 590 2124 ‚
625 2079 738 2136 quo
760 2060 941 2115 minus
961 2061 1016 2114 in
1036 2077 1281 2138 apertum
1303 2057 1494 2117 ferrem
1514 2083 1634 2141 quae

23 2139 129 2216 ipsa
145 2158 342 2218 egerat.
385 2142 583 2217 quippe
614 2139 719 2196 hoc
739 2161 909 2197 unum
928 2146 1093 2198 Petro
1112 2142 1454 2202 mandaverat
1475 2162 1533 2200 ut
1556 2149 1639 2201 A-

20 2221 358 2278 malasunthae
403 2225 805 2299 quamprimum
863 2225 982 2280 vitae
1017 2221 1186 2284 finem
1224 2221 1420 2281 faceret
1452 2266 1469 2292 ‚
1520 2225 1636 2304 spes

24 2305 280 2360 maximas
311 2302 586 2359 ostentans
614 2301 648 2359 fi
669 2302 964 2362 conficeret
1004 2309 1316 2384 negotium.
1359 2307 1449 2364 Ille
1490 2308 1638 2385 post-

25 2406 187 2463 quam
206 2388 261 2442 in
275 2386 483 2442 Italiam
505 2388 672 2452 venit,
689 2402 747 2442 ut
765 2384 938 2443 solent
956 2387 1023 2445 ad
1042 2386 1238 2445 caedem
1253 2392 1640 2466 ‚quantumvis

26 2465 273 2542 injustam
294 2507 310 2533 ‚
339 2464 491 2524 facile
509 2470 619 2546 rapi
635 2465 886 2525 homines
907 2468 999 2526 ubi
1019 2468 1298 2527 honorum
1319 2490 1410 2528 aut
1428 2471 1640 2529 divitia-

27 2568 147 2606 rum
166 2547 312 2627 spem
330 2547 663 2607 imbiberunt
682 2593 694 2613 ,
717 2548 892 2607 nescio
911 2551 1110 2630 quibus
1128 2552 1428 2610 rationibus
1446 2552 1641 2610 Theu-

30 2629 214 2688 datum
247 2631 311 2688 ad
331 2635 524 2710 reginae
555 2631 754 2690 caedem
779 2635 1025 2711 impellit.
1067 2632 1419 2692 Hoc‘merito
1452 2639 1641 2692 Petrus

28 2710 276 2793 Magistri
295 2712 614 2791 dignitatem
647 2735 1011 2794 magnamque
1040 2721 1342 2795 potentiam
1371 2759 1389 2785 ‚
1422 2716 1640 2774 infensis
1667 2781 1670 2783 Α

30 2814 338 2875 quanquam
358 2795 616 2852 omnibus
636 2836 654 2861 ‚
674 2798 895 2877 adeptus
914 2796 988 2858 est
1006 2819 1027 2856 ἃ
1054 2798 1437 2861 Amalasuntha
1457 2817 1639 2857 autem

34 2878 194 2937 talem
212 2875 397 2936 habuit
415 2880 638 2938 exitum.

1436 3042 1644 3101 Nume-
