1888 3428
216 160 656 217 Go‘rTHoeAE
695 152 1100 210 H1s-r0R1AE
1142 154 1413 213 L113.1V.
1502 173 1622 234 479

13 241 65 301 se
97 241 272 300 classes
306 242 780 321 propinquarunt,
818 232 1101 291 inhibuere
1120 235 1335 311 utrique
1358 277 1373 302 ‚
1406 256 1628 294 contra,

14 327 224 404 &isque
250 323 477 380 navibus
494 321 698 378 hortari
717 316 914 374 milites
931 335 1130 393 caepere
1145 355 1163 381 ,
1199 321 1511 396 prioresque
1531 324 1626 375 Io·-

12 406 218 465 hannes
236 413 288 463 ἃ
313 407 624 464 Valerianus
658 400 782 458 suos
813 398 957 455 hunc
975 401 1031 453 in
1062 395 1268 453 sensum
1289 396 1411 454 sunt
1429 401 1628 457 allocu-

14 492 70 547 ti.
114 491 300 547 Nemo
341 485 577 544 vestrum
616 484 939 540 commilites
972 479 1038 537 de
1064 483 1302 536 Ancona
1337 488 1626 539 tantum&

13 570 224 629 inclusis
258 570 334 627 ibi
354 571 621 628 Romanis
651 569 733 644 agi
755 563 1051 620 existimet:
1086 583 1201 619 non
1221 561 1318 619 hac
1349 560 1506 620 stabit
1526 584 1632 641 pu-

13 675 134 733 gnae
153 653 314 728 hujus
348 656 555 709 exitus:
598 648 805 706 summa
832 646 994 711 belli,
1033 662 1094 702 ut
1114 644 1281 701 verbo
1301 665 1414 701 rem
1431 647 1626 713 dicam,

16 739 241 793 vertitur
271 738 327 791 in
357 735 465 791 hoc
498 733 789 790 certamine
811 768 828 792 ‚
865 734 920 785 &
949 745 1297 807 utrocunque
1333 726 1486 784 cadet
1517 727 1630 786 sors

15 820 186 896 praelii·
201 859 217 886 ,
234 818 430 887 eodem
448 815 494 872 se
513 814 718 872 dabunt
737 808 969 869 fortunae
986 811 1189 867 ultima.
1233 809 1446 868 Videtis
1462 832 1633 890 quan-

14 920 133 957 tum
150 904 204 957 in
227 921 279 956 re
298 898 485 956 bellica
503 911 850 953 momentum
871 892 1314 959 annonahabeat,
1340 895 1413 949 ita
1435 913 1494 950 ut
1516 899 1630 950 vin-

16 987 62 1039 ci
96 983 296 1039 necefle
327 979 387 1036 fit
422 981 619 1058 quibus
652 974 933 1034 necessaria
962 997 1115 1054 parce
1133 973 1452 1054 suppetunt.
1493 976 1631 1033 Non

17 1064 148 1122 solet
173 1061 373 1120 famem
396 1057 563 1120 virtus
584 1064 862 1126 comitari,
899 1081 1076 1138 neque
1092 1055 1197 1115 fert
1225 1077 1413 1115 natura
1435 1079 1494 1116 ut
1510 1056 1632 1116 for-

15 1151 141 1203 titer
157 1142 469 1225 agatinanis
495 1163 699 1201 venter.
742 1145 876 1200 Haec
908 1162 1032 1198 cur-n
1051 1139 1119 1197 fic
1135 1140 1182 1198 se
1204 1140 1435 1198 habeant
1456 1181 1471 1202 ,
1506 1163 1631 1200 ecce

13 1228 147 1286 nihil
178 1229 339 1306 nobis
360 1229 424 1283 ab
446 1227 739 1304 Hydrunte
774 1227 1095 1282 Ravennam
1122 1245 1293 1302 usque
1326 1226 1525 1280 muniti
1544 1246 1632 1281 re-

13 1313 205 1368 lictum
225 1308 299 1367 est
317 1309 410 1366 ubi
431 1310 593 1366 nobis
611 1308 750 1374 cibi,
783 1311 934 1386 equis
956 1305 1148 1385 pabula
1164 1324 1514 1385 reponantur.
1557 1310 1631 1365 ita

16 1393 188 1452 valide
217 1411 411 1449 terram
438 1412 665 1448 omnem
697 1389 878 1446 hostes
905 1407 1096 1445 tenent
1114 1429 1131 1455 ,
1166 1408 1227 1445 ut
1247 1402 1316 1445 ne
1335 1410 1474 1446 unus
1505 1392 1632 1468 qui-

15 1475 141 1535 dem
162 1476 323 1532 nobis
341 1475 556 1532 reliffms
590 1473 655 1530 fit
672 1474 826 1530 locus
844 1475 1046 1528 amicus
1069 1512 1087 1539 ‚
1117 1470 1259 1528 unde
1280 1473 1363 1532 vel
1382 1471 1447 1528 ad
1466 1471 1632 1531 breve

13 1577 235 1638 tempus
263 1558 513 1616 advenire
531 1556 692 1613 nobis
728 1573 1066 1612 commeatus
1083 1552 1302 1631 poffint.
1345 1558 1406 1610 In
1435 1557 1633 1612 Anco-

15 1663 84 1699 na
115 1641 234 1719 spes
254 1660 369 1697 tota
397 1640 470 1697 est
488 1680 505 1707 ,
544 1660 656 1717 quo
677 1644 730 1694 &
751 1635 877 1694 socii
909 1658 972 1693 ex
992 1634 1205 1693 adv-ersa
1238 1657 1332 1693 ora
1361 1638 1631 1716 appellere

0 1722 233 1803 ⁴pofl'unt
253 1764 269 1789 ,
302 1721 448 1780 &ibi
471 1740 643 1777 tutam
662 1718 857 1776 habere
887 1718 1195 1776 stationem.
1242 1721 1429 1785 Quare
1459 1718 1497 1776 si
1526 1718 1650 1781 h0-,

16 1807 101 1864 die
115 1803 339 1863 feliciter
361 1824 670 1884 pugnamus
693 1841 709 1867 ,
752 1807 805 1858 δέ
827 1804 1117 1858 Anconam
1138 1841 1156 1867 ‚
1185 1801 1339 1880 quod
1372 1800 1634 1880 sequitur,

15 1887 285 1946 servamus
316 1890 662 1965 Imperatori,
707 1903 894 1942 caetera
911 1904 1137 1963 quoque
1155 1883 1283 1942 belli
1303 1885 1359 1940 in
1378 1883 1632 1942 Gotthos

17 1973 74 2028 in
92 1971 180 2049 spe
208 1969 355 2026 bona
382 1968 722 2026 habebimus.
767 1966 804 2024 fi
826 1985 1014 2023 contra
1032 1986 1134 2022 nos
1153 1983 1382 2023 eventus
1400 1965 1474 2023 est
1492 1987 1636 2045 prae-

15 2054 108 2121 lii,
128 2073 287 2132 parco
308 2052 529 2129 quidem
552 2052 688 2107 male
708 2052 974 2114 ominari,
994 2047 1082 2106 sed
1097 2050 1281 2106 Deum
1302 2049 1634 2128 prec0r2diu-

17 2152 244 2192 turnum
265 2134 364 2191 effe
394 2136 663 2192 Romanis
682 2136 807 2190 velit
839 2134 995 2189 Italiae
1013 2134 1321 2208 imperium.
1367 2134 1521 2189 Tum
1541 2153 1633 2189 ve-

18 2238 81 2275 ro
109 2224 163 2276 &
196 2217 328 2275 illud
346 2216 699 2297 cogitandum
729 2215 888 2272 vobis
905 2255 922 2281 ‚
957 2213 990 2270 fi
1010 2213 1115 2270 hoc
1134 2231 1385 2292 tempore
1401 2212 1635 2294 segniter

18 2322 122 2358 nos
151 2304 393 2378 gerimus
413 2340 426 2362 ,
464 2320 530 2355 ne
556 2296 744 2377 fugam
764 2298 984 2376 quidem
1002 2293 1286 2373 supereffe.
1332 2298 1468 2355 Non
1495 2316 1632 2355 terra

21 2382 226 2461 patebit
260 2377 440 2438 inseffa
474 2381 539 2436 ab
559 2378 831 2446 hostibus,
870 2400 984 2436 non
1018 2379 1307 2459 navigandi
1343 2382 1443 2436 erit
1459 2384 1632 2457 copia,

22 2485 168 2522 mare
197 2463 511 2521 tenentibus
545 2461 795 2520 GotthiS.
839 2466 901 2518 In
919 2460 1001 2518 his
1032 2461 1281 2519 manibus
1300 2461 1433 2519 salus
1453 2466 1636 2519 omnis

21 2544 117 2603 fita
131 2544 242 2604 est:
288 2565 451 2625 prout
484 2560 628 2602 nunc
647 2564 805 2601 erunt
834 2545 983 2602 actus
1001 2541 1201 2612 nostri,
1241 2547 1315 2602 ita
1347 2545 1430 2602 illa
1449 2544 1635 2610 nobis-

23 2648 151 2685 cum
171 2632 271 2686 erit
289 2670 306 2696 ,
339 2647 431 2684 aut
448 2649 549 2685 nos
568 2626 792 2685 deseret.
822 2628 1000 2685 Nunc
1018 2647 1149 2706 ergo
1167 2666 1185 2693 ,
1217 2625 1256 2684 fi
1275 2647 1541 2707 unquam,
1559 2632 1639 2685 vi-

24 2729 116 2768 ros
149 2732 249 2769 vos
284 2709 585 2778 ostendite,
619 2732 716 2787 pro
751 2727 898 2766 certo
924 2708 1185 2767 habentes
1209 2750 1227 2778 ‚
1257 2706 1294 2765 fi
1320 2711 1376 2765 in
1413 2708 1635 2787 praesens

24 2794 345 2854 vincimini,
382 2814 497 2849 eam
531 2791 856 2871 postremam
897 2793 1104 2850 cladem
1134 2788 1291 2856 fore3
1338 2790 1375 2848 fi
1403 2794 1636 2859 vincitis,

25 2872 237 2931 beatam
266 2874 423 2931 vobis
455 2879 508 2930 in
532 2875 802 2952 posterum
840 2878 1004 2934 vitam
1033 2895 1157 2932 cum
1180 2876 1348 2953 gloria
1368 2873 1497 2930 dari.
1540 2880 1631 2929 Io-

24 2955 230 3016 hannes
256 2964 310 3015 &
348 2958 663 3016 Valreianus
682 2959 804 3015 talia
820 2957 1097 3016 dixerant:
1141 2953 1366 3015 Gotthis
1398 2975 1524 3015 vero
1556 2952 1632 3010 sui

914 3070 917 3073 ·
1470 3034 1633 3092 duces
