1888 3428
278 143 718 203 Gom-meza
758 142 1159 199 HrsTomAE
1201 146 1400 203 L1ss.1.
1531 168 1644 229 139

33 227 341 289 societatem
366 228 584 294 alleffis,
603 229 782 303 praelio
802 227 1002 282 iterum
1019 224 1332 305 congressus
1352 268 1369 289 ,
1386 228 1646 290 barbaros

34 330 221 389 praeter
236 313 554 388 opinionem
585 306 740 367 fudit.
784 305 1010 386 Sparfim
1032 303 1371 387 fugientibus
1389 310 1646 373 instantes

31 394 269 449 Romani
290 410 492 469 partem
522 412 714 448 eorum
733 389 1067 447 occiderunt.
1109 390 1329 467 reliquis
1347 389 1542 452 Africae
1563 400 1647 454 ul-

31 480 163 531 tima
194 494 469 551 receptum
504 480 558 531 &
592 471 813 530 salutem
849 472 1061 529 dedere.
1104 471 1420 533 Itafactum
1440 474 1513 532 est
1534 518 1550 543 ,
1585 498 1645 537 ut

29 557 207 634 paucis
238 562 292 615 &
331 577 508 613 rerum
544 558 724 634 egenis
762 594 778 620 ,
825 558 918 632 qui
951 557 1008 611 in
1042 551 1231 617 Africa
1266 557 1642 624 remanserant,

28 641 206 693 otium
227 638 445 696 tandem
465 640 822 714 contingeret.
855 637 988 694 Haec
1006 638 1272 695 Romanis
1293 660 1384 716 per
1404 637 1646 700 Africam

30 720 142 777 aSta
164 740 310 778 nunc
327 718 454 778 belli
476 741 600 778 cum
620 716 849 776 Gotthis
865 715 1212 799 scriptionem
1233 739 1377 778 retro
1399 721 1602 781 ordior.

261 984 721 1034 PROCOPII
779 985 1411 1037 CAESAREENSIS

30 1112 1643 1219 GOTTHJICAE

218 1311 1456 1392 HISTORIAE

381 1492 717 1541 LIBER
814 1491 1273 1545 PRIMVS.

162 1663 187 1668 t
204 1664 222 1670 ·
241 1659 361 1735 βῆ
391 1648 423 1702 S
444 1649 608 1723 quem
625 1645 734 1702 dixi
754 1664 931 1702 rerum
952 1667 1046 1724 per
1062 1645 1306 1705 Africam
1326 1647 1432 1708 fuit
1452 1652 1643 1712 exitus„

109 1683 157 1762 ᾧ
225 1677 355 1783 ³4&-
387 1728 554 1785 Nunc
586 1729 641 1783 in
679 1725 933 1783 Gotthos
971 1726 1173 1786 bellum
1211 1751 1419 1791 narrare
1450 1756 1646 1815 aggre-

392 1809 532 1877 dior,
551 1806 586 1864 fi
607 1811 751 1885 prius
775 1829 834 1865 ea
847 1830 1498 1895 commemoravero,quae
1519 1838 1643 1877 ante

283 1944 305 1962 Ὗ
391 1890 495 1948 hoc
527 1889 731 1949 bellum
765 1890 1015 1949 Gotthos
1044 1897 1185 1950 inter
1219 1913 1380 1975 atque
1398 1901 1562 1957 Italos
1583 1921 1644 1957 e-

255 1970 263 1994 ’“
284 1966 297 1996 s
318 1978 321 1981 ’
391 1995 584 2031 venere
603 2016 617 2030 .
681 1974 821 2042 Quo
864 1993 1110 2054 tempore
1144 1975 1240 2034 sub
1275 1985 1499 2038 Zenone
1530 1999 1641 2040 erat

27 2058 226 2114 Oriens
244 2097 260 2121 ‚
293 2056 607 2114 Occidentis
638 2058 692 2112 in
713 2056 954 2134 partibus
972 2058 1232 2139 regnabat
1251 2063 1531 2142 Augustus
1551 2106 1567 2132 ‚
1597 2067 1647 2127 is

25 2160 187 2219 quem
207 2141 489 2196 minuente
516 2138 784 2196 vocabulo
805 2139 1176 2220 Augustulum
1197 2147 1391 2225 vulgus
1410 2149 1642 2226 appellao

24 2219 115 2278 bat
135 2263 152 2290 ‚
181 2226 306 2300 quia
338 2242 472 2300 puer
505 2222 569 2280 ad
604 2223 890 2299 imperium
922 2242 1265 2300 pervenerat,
1307 2229 1459 2307 quod
1494 2248 1640 2307 pater

23 2302 182 2381 ipfius
201 2302 420 2361 Orestes
440 2344 456 2371 ‚
488 2307 566 2360 vir
584 2303 819 2382 prudens
837 2345 853 2371 ‚
872 2304 1290 2368 administrabat.
1333 2313 1638 2391 Aliquanto

25 2383 148 2450 ante
177 2385 416 2446 Romani
450 2389 652 2443 Scirros
692 2391 746 2442 &
784 2388 987 2444 Alanos
1008 2395 1062 2446 &
1080 2389 1203 2447 alias
1221 2396 1467 2450 nationes
1486 2395 1641 2454 Cot-2

24 2465 188 2532 thicas
206 2469 262 2525 in
279 2468 585 2526 societatem
605 2485 944 2537 attraxerant,
965 2471 1107 2529 unde
1126 2494 1186 2529 ea
1205 2475 1305 2532 illis
1321 2474 1385 2533 ab
1407 2478 1641 2536 Atalari-

25 2546 128 2606 cho
163 2555 216 2607 &
252 2553 421 2609 Attila
455 2550 760 2609 acciderunt
777 2590 795 2616 ‚
831 2572 948 2632 quae
969 2551 995 2609 ὲ
1014 2553 1178 2612 nobis
1199 2557 1323 2615 alibi
1345 2556 1641 2619 edissertata

24 2628 165 2688 sunt.
207 2633 436 2700 Quanto
455 2651 634 2692 autem
657 2639 829 2709 major
845 2638 921 2691 vis
936 2633 1287 2698 barbarorum
1307 2638 1412 2699 fuit
1432 2682 1450 2710 ,
1480 2660 1639 2701 tanto.

24 2712 265 2776 Romani
293 2716 475 2773 militis
511 2719 691 2777 attrita
724 2715 797 2773 est
828 2716 1055 2797 dignitas
1074 2759 1093 2785 ‚
1126 2719 1194 2784 fie
1225 2739 1284 2780 ut
1303 2721 1398 2789 sub
1417 2727 1641 2783 auxilio-

25 2814 148 2857 rum
165 2792 394 2872 specioso
413 2802 637 2857 nomine
658 2801 890 2867 externis
905 2798 1220 2869 serviretur:
1260 2810 1355 2885 qui
1375 2808 1496 2864 elati
1517 2825 1638 2865 tum

25 2878 123 2933 alia
139 2878 411 2951 injunxere
429 2880 757 2946 nolentibuS,
777 2880 985 2960 pudore
1004 2885 1158 2942 nullo
1180 2927 1196 2948 ‚
1218 2904 1338 2945 tum
1358 2910 1429 2946 eo.
1443 2909 1636 2968 perve-

26 2976 225 3027 nerunt
257 2978 318 3029 ut
349 2961 516 3032 dividi
551 2962 883 3045 postularent
902 2967 1061 3029 Italiae
1081 2988 1239 3049 agros
1261 3011 1281 3042 ‚
1316 2989 1635 3051 partemque

4 3051 22 3063 '
1420 3068 1637 3113 tertiam
