<?xml version="1.0" encoding="UTF-8"?>
<!DOCTYPE html PUBLIC "-//W3C//DTD XHTML 1.0 Transitional//EN"
    "http://www.w3.org/TR/xhtml1/DTD/xhtml1-transitional.dtd">
<html xmlns="http://www.w3.org/1999/xhtml" xml:lang="en" lang="en">
 <head>
  <title>
</title>
<meta http-equiv="Content-Type" content="text/html;charset=utf-8" />
  <meta name='ocr-system' content='tesseract 3.04.00' />
  <meta name='ocr-capabilities' content='ocr_page ocr_carea ocr_par ocr_line ocrx_word'/>
</head>
<body>
  <div class='ocr_page' id='page_1' title='image "./historiagotthoru00grot_0267.png"; bbox 0 0 1888 3428; ppageno 0'>
   <div class='ocr_carea' id='block_1_1' title="bbox 11 173 1676 3134">
    <p class='ocr_par' dir='ltr' id='par_1_1' title="bbox 11 173 1676 3057">
     <span class='ocr_line' id='line_1_1' title="bbox 168 173 1616 235; baseline -0.001 0"><span class='ocrx_word' id='word_1_1' title='bbox 168 176 576 235; x_wconf 71' lang='lat' dir='ltr'>H1sT0R1AE</span> <span class='ocrx_word' id='word_1_2' title='bbox 608 176 1087 233; x_wconf 76' lang='lat' dir='ltr'>VANDALICAE</span> <span class='ocrx_word' id='word_1_3' title='bbox 1125 173 1265 229; x_wconf 77' lang='lat' dir='ltr'>L113.</span> <span class='ocrx_word' id='word_1_4' title='bbox 1313 178 1382 230; x_wconf 89' lang='lat'>11.</span> <span class='ocrx_word' id='word_1_5' title='bbox 1510 190 1616 234; x_wconf 87' lang='lat'>101</span> 
     </span>
     <span class='ocr_line' id='line_1_2' title="bbox 19 255 1621 339; baseline -0.006 -22"><span class='ocrx_word' id='word_1_6' title='bbox 19 259 286 339; x_wconf 88' lang='lat' dir='ltr'>reliquum</span> <span class='ocrx_word' id='word_1_7' title='bbox 323 280 415 337; x_wconf 87' lang='lat' dir='ltr'>per</span> <span class='ocrx_word' id='word_1_8' title='bbox 452 260 694 316; x_wconf 81' lang='lat' dir='ltr'><strong>Orientis</strong></span> <span class='ocrx_word' id='word_1_9' title='bbox 728 255 886 314; x_wconf 91' lang='lat' dir='ltr'>urbes</span> <span class='ocrx_word' id='word_1_10' title='bbox 905 256 1150 333; x_wconf 76' lang='lat' dir='ltr'>explere:</span> <span class='ocrx_word' id='word_1_11' title='bbox 1194 255 1429 333; x_wconf 86' lang='lat' dir='ltr'>ideoque</span> <span class='ocrx_word' id='word_1_12' title='bbox 1452 278 1548 313; x_wconf 91' lang='lat' dir='ltr'>eos</span> <span class='ocrx_word' id='word_1_13' title='bbox 1566 279 1621 314; x_wconf 80' lang='lat' dir='ltr'>e..</span> 
     </span>
     <span class='ocr_line' id='line_1_3' title="bbox 17 336 1629 421; baseline -0.001 -23"><span class='ocrx_word' id='word_1_14' title='bbox 17 344 196 421; x_wconf 88' lang='lat' dir='ltr'>quites</span> <span class='ocrx_word' id='word_1_15' title='bbox 216 383 231 409; x_wconf 90' lang='lat'>‚</span> <span class='ocrx_word' id='word_1_16' title='bbox 266 359 489 398; x_wconf 87' lang='lat' dir='ltr'>vocatos</span> <span class='ocrx_word' id='word_1_17' title='bbox 509 342 573 400; x_wconf 91' lang='lat' dir='ltr'>de</span> <span class='ocrx_word' id='word_1_18' title='bbox 588 357 750 421; x_wconf 87' lang='lat' dir='ltr'>gente</span> <span class='ocrx_word' id='word_1_19' title='bbox 768 337 1045 397; x_wconf 85' lang='lat' dir='ltr'>Vandalos</span> <span class='ocrx_word' id='word_1_20' title='bbox 1065 336 1309 412; x_wconf 84' lang='lat' dir='ltr'>‚jufferat</span> <span class='ocrx_word' id='word_1_21' title='bbox 1327 337 1552 394; x_wconf 88' lang='lat' dir='ltr'>navibus</span> <span class='ocrx_word' id='word_1_22' title='bbox 1571 342 1629 396; x_wconf 88' lang='lat' dir='ltr'>in</span> 
     </span>
     <span class='ocr_line' id='line_1_4' title="bbox 21 421 1629 502; baseline -0.002 -23"><span class='ocrx_word' id='word_1_23' title='bbox 21 425 304 480; x_wconf 85' lang='lat' dir='ltr'>Orientem</span> <span class='ocrx_word' id='word_1_24' title='bbox 337 427 551 502; x_wconf 88' lang='lat' dir='ltr'>portari.</span> <span class='ocrx_word' id='word_1_25' title='bbox 585 423 668 478; x_wconf 85' lang='lat' dir='ltr'>Et</span> <span class='ocrx_word' id='word_1_26' title='bbox 685 423 829 477; x_wconf 85' lang='lat' dir='ltr'>venit</span> <span class='ocrx_word' id='word_1_27' title='bbox 860 421 984 476; x_wconf 89' lang='lat' dir='ltr'>illuc</span> <span class='ocrx_word' id='word_1_28' title='bbox 1017 441 1134 499; x_wconf 82' lang='lat' dir='ltr'>pars</span> <span class='ocrx_word' id='word_1_29' title='bbox 1162 440 1354 477; x_wconf 89' lang='lat' dir='ltr'>eorum</span> <span class='ocrx_word' id='word_1_30' title='bbox 1375 423 1629 496; x_wconf 80' lang='lat' dir='ltr'>maxima,</span> 
     </span>
     <span class='ocr_line' id='line_1_5' title="bbox 17 499 1633 585; baseline -0.004 -23"><span class='ocrx_word' id='word_1_31' title='bbox 17 504 327 585; x_wconf 83' lang='lat' dir='ltr'>digestaque</span> <span class='ocrx_word' id='word_1_32' title='bbox 347 511 401 563; x_wconf 90' lang='lat' dir='ltr'>in</span> <span class='ocrx_word' id='word_1_33' title='bbox 423 525 681 578; x_wconf 76' lang='lat' dir='ltr'>numeros</span> <span class='ocrx_word' id='word_1_34' title='bbox 698 542 716 568; x_wconf 88' lang='lat'>,</span> <span class='ocrx_word' id='word_1_35' title='bbox 758 503 817 559; x_wconf 85' lang='lat' dir='ltr'>ut</span> <span class='ocrx_word' id='word_1_36' title='bbox 833 499 1005 558; x_wconf 88' lang='lat' dir='ltr'>fuerat</span> <span class='ocrx_word' id='word_1_37' title='bbox 1033 507 1356 581; x_wconf 84' lang='lat' dir='ltr'>imperatum</span> <span class='ocrx_word' id='word_1_38' title='bbox 1377 543 1395 570; x_wconf 87' lang='lat'>,</span> <span class='ocrx_word' id='word_1_39' title='bbox 1427 507 1480 558; x_wconf 90' lang='lat' dir='ltr'>in</span> <span class='ocrx_word' id='word_1_40' title='bbox 1503 507 1633 559; x_wconf 89' lang='lat' dir='ltr'>Per-</span> 
     </span>
     <span class='ocr_line' id='line_1_6' title="bbox 16 582 1630 667; baseline -0.002 -24"><span class='ocrx_word' id='word_1_41' title='bbox 16 584 93 644; x_wconf 87' lang='lat' dir='ltr'>sas</span> <span class='ocrx_word' id='word_1_42' title='bbox 126 590 340 645; x_wconf 85' lang='lat' dir='ltr'>militat.</span> <span class='ocrx_word' id='word_1_43' title='bbox 383 587 785 667; x_wconf 80' lang='lat' dir='ltr'>eringenti</span> <span class='ocrx_word' id='word_1_44' title='bbox 817 582 988 641; x_wconf 83' lang='lat' dir='ltr'>ferme</span> <span class='ocrx_word' id='word_1_45' title='bbox 1017 626 1032 651; x_wconf 82' lang='lat'>‚</span> <span class='ocrx_word' id='word_1_46' title='bbox 1068 604 1127 641; x_wconf 87' lang='lat' dir='ltr'>ut</span> <span class='ocrx_word' id='word_1_47' title='bbox 1162 582 1402 641; x_wconf 85' lang='lat' dir='ltr'><strong>Lesbum</strong></span> <span class='ocrx_word' id='word_1_48' title='bbox 1433 586 1630 663; x_wconf 85' lang='lat' dir='ltr'>attige-</span> 
     </span>
     <span class='ocr_line' id='line_1_7' title="bbox 16 661 1632 750; baseline -0.002 -25"><span class='ocrx_word' id='word_1_49' title='bbox 16 689 135 726; x_wconf 88' lang='lat' dir='ltr'>rant</span> <span class='ocrx_word' id='word_1_50' title='bbox 170 711 187 737; x_wconf 88' lang='lat'>,</span> <span class='ocrx_word' id='word_1_51' title='bbox 231 671 576 750; x_wconf 87' lang='lat' dir='ltr'>turgentibus</span> <span class='ocrx_word' id='word_1_52' title='bbox 619 670 748 725; x_wconf 92' lang='lat' dir='ltr'>velis</span> <span class='ocrx_word' id='word_1_53' title='bbox 781 672 1006 746; x_wconf 72' lang='lat' dir='ltr'>coegere</span> <span class='ocrx_word' id='word_1_54' title='bbox 1043 685 1230 724; x_wconf 82' lang='lat' dir='ltr'>nautas</span> <span class='ocrx_word' id='word_1_55' title='bbox 1276 661 1632 745; x_wconf 80' lang='lat' dir='ltr'>Peloponne-</span> 
     </span>
     <span class='ocr_line' id='line_1_8' title="bbox 15 747 1629 830; baseline -0.002 -22"><span class='ocrx_word' id='word_1_56' title='bbox 15 750 131 808; x_wconf 88' lang='lat' dir='ltr'>sum</span> <span class='ocrx_word' id='word_1_57' title='bbox 163 755 438 830; x_wconf 78' lang='lat' dir='ltr'>appellere.</span> <span class='ocrx_word' id='word_1_58' title='bbox 487 750 613 807; x_wconf 86' lang='lat' dir='ltr'>Inde</span> <span class='ocrx_word' id='word_1_59' title='bbox 632 754 686 806; x_wconf 92' lang='lat' dir='ltr'>in</span> <span class='ocrx_word' id='word_1_60' title='bbox 717 747 959 806; x_wconf 79' lang='lat' dir='ltr'>Africam</span> <span class='ocrx_word' id='word_1_61' title='bbox 980 751 1121 807; x_wconf 62' lang='lat' dir='ltr'>vesti</span> <span class='ocrx_word' id='word_1_62' title='bbox 1144 791 1160 815; x_wconf 86' lang='lat'>‚</span> <span class='ocrx_word' id='word_1_63' title='bbox 1203 751 1358 806; x_wconf 85' lang='lat' dir='ltr'>littus</span> <span class='ocrx_word' id='word_1_64' title='bbox 1389 771 1496 829; x_wconf 88' lang='lat' dir='ltr'>qua</span> <span class='ocrx_word' id='word_1_65' title='bbox 1533 770 1629 805; x_wconf 85' lang='lat' dir='ltr'>va-</span> 
     </span>
     <span class='ocr_line' id='line_1_9' title="bbox 16 831 1627 914; baseline -0.002 -25"><span class='ocrx_word' id='word_1_66' title='bbox 16 852 179 889; x_wconf 86' lang='lat' dir='ltr'>cuum</span> <span class='ocrx_word' id='word_1_67' title='bbox 200 852 309 890; x_wconf 88' lang='lat' dir='ltr'>erat</span> <span class='ocrx_word' id='word_1_68' title='bbox 326 874 343 900; x_wconf 88' lang='lat'><em>,</em></span> <span class='ocrx_word' id='word_1_69' title='bbox 359 837 579 914; x_wconf 82' lang='lat' dir='ltr'>attigere</span> <span class='ocrx_word' id='word_1_70' title='bbox 599 877 613 896; x_wconf 91' lang='lat'>,</span> <span class='ocrx_word' id='word_1_71' title='bbox 637 832 967 910; x_wconf 81' lang='lat' dir='ltr'>navibusque</span> <span class='ocrx_word' id='word_1_72' title='bbox 991 831 1066 888; x_wconf 88' lang='lat' dir='ltr'>ibi</span> <span class='ocrx_word' id='word_1_73' title='bbox 1086 833 1280 889; x_wconf 59' lang='lat' dir='ltr'>relictis</span> <span class='ocrx_word' id='word_1_74' title='bbox 1298 876 1311 897; x_wconf 92' lang='lat'>‚</span> <span class='ocrx_word' id='word_1_75' title='bbox 1334 831 1627 912; x_wconf 87' lang='lat' dir='ltr'>postquam</span> 
     </span>
     <span class='ocr_line' id='line_1_10' title="bbox 16 912 1629 997; baseline -0.002 -23"><span class='ocrx_word' id='word_1_76' title='bbox 16 912 131 974; x_wconf 82' lang='lat' dir='ltr'>vasa</span> <span class='ocrx_word' id='word_1_77' title='bbox 164 917 523 997; x_wconf 78' lang='lat' dir='ltr'>collegerant,</span> <span class='ocrx_word' id='word_1_78' title='bbox 568 913 856 972; x_wconf 85' lang='lat' dir='ltr'>Aurafium</span> <span class='ocrx_word' id='word_1_79' title='bbox 894 934 1142 972; x_wconf 80' lang='lat' dir='ltr'>montem</span> <span class='ocrx_word' id='word_1_80' title='bbox 1176 915 1629 992; x_wconf 80' lang='lat' dir='ltr'>Mauritaniaeque</span> 
     </span>
     <span class='ocr_line' id='line_1_11' title="bbox 15 994 1630 1077; baseline -0.003 -20"><span class='ocrx_word' id='word_1_81' title='bbox 15 1015 178 1057; x_wconf 84' lang='lat' dir='ltr'>terras</span> <span class='ocrx_word' id='word_1_82' title='bbox 197 999 507 1056; x_wconf 83' lang='lat' dir='ltr'>adveniunt.</span> <span class='ocrx_word' id='word_1_83' title='bbox 550 999 679 1055; x_wconf 85' lang='lat' dir='ltr'>Hoc</span> <span class='ocrx_word' id='word_1_84' title='bbox 701 996 817 1054; x_wconf 83' lang='lat' dir='ltr'>casu</span> <span class='ocrx_word' id='word_1_85' title='bbox 839 994 1133 1054; x_wconf 87' lang='lat' dir='ltr'>ferociores</span> <span class='ocrx_word' id='word_1_86' title='bbox 1155 999 1353 1054; x_wconf 82' lang='lat' dir='ltr'>milites</span> <span class='ocrx_word' id='word_1_87' title='bbox 1372 1040 1389 1067; x_wconf 86' lang='lat'>‚</span> <span class='ocrx_word' id='word_1_88' title='bbox 1427 996 1630 1077; x_wconf 88' lang='lat' dir='ltr'>quibus</span> 
     </span>
     <span class='ocr_line' id='line_1_12' title="bbox 17 1079 1631 1148; baseline -0.001 -12"><span class='ocrx_word' id='word_1_89' title='bbox 17 1080 163 1136; x_wconf 84' lang='lat' dir='ltr'>cordi</span> <span class='ocrx_word' id='word_1_90' title='bbox 190 1079 376 1138; x_wconf 88' lang='lat' dir='ltr'>seditio</span> <span class='ocrx_word' id='word_1_91' title='bbox 397 1099 509 1137; x_wconf 87' lang='lat' dir='ltr'>erat</span> <span class='ocrx_word' id='word_1_92' title='bbox 526 1120 544 1146; x_wconf 85' lang='lat'>‚</span> <span class='ocrx_word' id='word_1_93' title='bbox 575 1080 870 1138; x_wconf 83' lang='lat' dir='ltr'>crebriores</span> <span class='ocrx_word' id='word_1_94' title='bbox 890 1084 1030 1139; x_wconf 86' lang='lat' dir='ltr'>inter</span> <span class='ocrx_word' id='word_1_95' title='bbox 1049 1079 1096 1137; x_wconf 88' lang='lat' dir='ltr'>se</span> <span class='ocrx_word' id='word_1_96' title='bbox 1116 1083 1387 1148; x_wconf 82' lang='lat' dir='ltr'>coierunt.</span> <span class='ocrx_word' id='word_1_97' title='bbox 1421 1079 1631 1137; x_wconf 87' lang='lat' dir='ltr'>sermo-</span> 
     </span>
     <span class='ocr_line' id='line_1_13' title="bbox 14 1160 1628 1241; baseline 0 -23"><span class='ocrx_word' id='word_1_98' title='bbox 14 1181 108 1218; x_wconf 90' lang='lat' dir='ltr'>nes</span> <span class='ocrx_word' id='word_1_99' title='bbox 129 1166 364 1241; x_wconf 87' lang='lat' dir='ltr'>primum</span> <span class='ocrx_word' id='word_1_100' title='bbox 386 1204 402 1231; x_wconf 86' lang='lat'>‚</span> <span class='ocrx_word' id='word_1_101' title='bbox 436 1185 565 1220; x_wconf 85' lang='lat' dir='ltr'>mox</span> <span class='ocrx_word' id='word_1_102' title='bbox 588 1169 640 1220; x_wconf 86' lang='lat'>&amp;</span> <span class='ocrx_word' id='word_1_103' title='bbox 662 1166 963 1238; x_wconf 78' lang='lat' dir='ltr'>conjuratio</span> <span class='ocrx_word' id='word_1_104' title='bbox 1000 1167 1056 1220; x_wconf 92' lang='lat' dir='ltr'>in</span> <span class='ocrx_word' id='word_1_105' title='bbox 1077 1161 1270 1220; x_wconf 77' lang='lat' dir='ltr'>castris,</span> <span class='ocrx_word' id='word_1_106' title='bbox 1313 1163 1408 1219; x_wconf 88' lang='lat' dir='ltr'>ubi</span> <span class='ocrx_word' id='word_1_107' title='bbox 1428 1160 1628 1219; x_wconf 86' lang='lat' dir='ltr'>festum</span> 
     </span>
     <span class='ocr_line' id='line_1_14' title="bbox 13 1243 1628 1324; baseline 0.001 -25"><span class='ocrx_word' id='word_1_108' title='bbox 13 1262 228 1322; x_wconf 86' lang='lat' dir='ltr'>tempus</span> <span class='ocrx_word' id='word_1_109' title='bbox 248 1247 531 1303; x_wconf 85' lang='lat' dir='ltr'>advenerat</span> <span class='ocrx_word' id='word_1_110' title='bbox 548 1287 567 1312; x_wconf 85' lang='lat'>‚</span> <span class='ocrx_word' id='word_1_111' title='bbox 603 1247 794 1301; x_wconf 87' lang='lat' dir='ltr'>irritati</span> <span class='ocrx_word' id='word_1_112' title='bbox 813 1245 1091 1324; x_wconf 84' lang='lat' dir='ltr'>prohibitu</span> <span class='ocrx_word' id='word_1_113' title='bbox 1125 1243 1394 1302; x_wconf 85' lang='lat' dir='ltr'>sacrorum</span> <span class='ocrx_word' id='word_1_114' title='bbox 1418 1248 1628 1310; x_wconf 85' lang='lat' dir='ltr'>Ariani,</span> 
     </span>
     <span class='ocr_line' id='line_1_15' title="bbox 14 1326 1628 1405; baseline -0.001 -21"><span class='ocrx_word' id='word_1_115' title='bbox 14 1328 289 1405; x_wconf 87' lang='lat' dir='ltr'>impellere</span> <span class='ocrx_word' id='word_1_116' title='bbox 324 1328 472 1383; x_wconf 86' lang='lat' dir='ltr'>alios.</span> <span class='ocrx_word' id='word_1_117' title='bbox 533 1327 781 1384; x_wconf 77' lang='lat' dir='ltr'>Placebat</span> <span class='ocrx_word' id='word_1_118' title='bbox 822 1328 1155 1405; x_wconf 88' lang='lat' dir='ltr'>primoribus</span> <span class='ocrx_word' id='word_1_119' title='bbox 1192 1348 1383 1385; x_wconf 87' lang='lat' dir='ltr'>eorum</span> <span class='ocrx_word' id='word_1_120' title='bbox 1421 1331 1477 1384; x_wconf 89' lang='lat' dir='ltr'>in</span> <span class='ocrx_word' id='word_1_121' title='bbox 1511 1326 1628 1404; x_wconf 82' lang='lat' dir='ltr'>ipso</span> 
     </span>
     <span class='ocr_line' id='line_1_16' title="bbox 11 1407 1631 1491; baseline -0.001 -25"><span class='ocrx_word' id='word_1_122' title='bbox 11 1409 223 1489; x_wconf 90' lang='lat' dir='ltr'>templo</span> <span class='ocrx_word' id='word_1_123' title='bbox 244 1409 329 1466; x_wconf 89' lang='lat' dir='ltr'>die</span> <span class='ocrx_word' id='word_1_124' title='bbox 346 1407 659 1467; x_wconf 86' lang='lat' dir='ltr'>sacratarum</span> <span class='ocrx_word' id='word_1_125' title='bbox 682 1412 851 1488; x_wconf 88' lang='lat' dir='ltr'>prima</span> <span class='ocrx_word' id='word_1_126' title='bbox 871 1450 887 1476; x_wconf 92' lang='lat'><strong><em>,</em></strong></span> <span class='ocrx_word' id='word_1_127' title='bbox 931 1430 1050 1490; x_wconf 82' lang='lat' dir='ltr'>quae</span> <span class='ocrx_word' id='word_1_128' title='bbox 1070 1410 1279 1491; x_wconf 84' lang='lat' dir='ltr'>Magna</span> <span class='ocrx_word' id='word_1_129' title='bbox 1294 1411 1506 1474; x_wconf 83' lang='lat' dir='ltr'>dicitur,</span> <span class='ocrx_word' id='word_1_130' title='bbox 1529 1428 1631 1466; x_wconf 91' lang='lat' dir='ltr'>oc-</span> 
     </span>
     <span class='ocr_line' id='line_1_17' title="bbox 13 1490 1628 1569; baseline -0.001 -21"><span class='ocrx_word' id='word_1_131' title='bbox 13 1492 121 1548; x_wconf 87' lang='lat' dir='ltr'>cidi</span> <span class='ocrx_word' id='word_1_132' title='bbox 155 1492 534 1553; x_wconf 88' lang='lat' dir='ltr'>Solomonem.</span> <span class='ocrx_word' id='word_1_133' title='bbox 597 1495 784 1548; x_wconf 88' lang='lat' dir='ltr'>Latuit</span> <span class='ocrx_word' id='word_1_134' title='bbox 822 1494 1101 1569; x_wconf 87' lang='lat' dir='ltr'>proditum</span> <span class='ocrx_word' id='word_1_135' title='bbox 1138 1491 1165 1549; x_wconf 73' lang='lat' dir='ltr'>a</span> <span class='ocrx_word' id='word_1_136' title='bbox 1198 1497 1414 1550; x_wconf 85' lang='lat' dir='ltr'>nemine</span> <span class='ocrx_word' id='word_1_137' title='bbox 1452 1490 1628 1549; x_wconf 77' lang='lat' dir='ltr'>confi-</span> 
     </span>
     <span class='ocr_line' id='line_1_18' title="bbox 13 1571 1628 1640; baseline -0.001 -10"><span class='ocrx_word' id='word_1_138' title='bbox 13 1575 168 1631; x_wconf 91' lang='lat' dir='ltr'>lium.</span> <span class='ocrx_word' id='word_1_139' title='bbox 210 1594 334 1629; x_wconf 87' lang='lat' dir='ltr'>cum</span> <span class='ocrx_word' id='word_1_140' title='bbox 354 1577 498 1630; x_wconf 88' lang='lat' dir='ltr'>enim</span> <span class='ocrx_word' id='word_1_141' title='bbox 520 1575 676 1630; x_wconf 85' lang='lat' dir='ltr'>multi</span> <span class='ocrx_word' id='word_1_142' title='bbox 699 1571 862 1629; x_wconf 79' lang='lat' dir='ltr'>essent</span> <span class='ocrx_word' id='word_1_143' title='bbox 881 1614 897 1640; x_wconf 90' lang='lat'>‚</span> <span class='ocrx_word' id='word_1_144' title='bbox 917 1573 1048 1632; x_wconf 83' lang='lat' dir='ltr'>saeva</span> <span class='ocrx_word' id='word_1_145' title='bbox 1067 1574 1389 1632; x_wconf 85' lang='lat' dir='ltr'>meditantes</span> <span class='ocrx_word' id='word_1_146' title='bbox 1417 1578 1628 1640; x_wconf 85' lang='lat' dir='ltr'>anim0,</span> 
     </span>
     <span class='ocr_line' id='line_1_19' title="bbox 13 1655 1627 1735; baseline -0.001 -23"><span class='ocrx_word' id='word_1_147' title='bbox 13 1676 323 1735; x_wconf 84' lang='lat' dir='ltr'>quanquam</span> <span class='ocrx_word' id='word_1_148' title='bbox 345 1676 438 1735; x_wconf 90' lang='lat' dir='ltr'>per</span> <span class='ocrx_word' id='word_1_149' title='bbox 462 1656 768 1732; x_wconf 85' lang='lat' dir='ltr'>complures</span> <span class='ocrx_word' id='word_1_150' title='bbox 801 1657 1143 1713; x_wconf 89' lang='lat' dir='ltr'>circumlatus</span> <span class='ocrx_word' id='word_1_151' title='bbox 1165 1655 1339 1713; x_wconf 90' lang='lat' dir='ltr'>sermo</span> <span class='ocrx_word' id='word_1_152' title='bbox 1360 1659 1414 1713; x_wconf 88' lang='lat' dir='ltr'>in</span> <span class='ocrx_word' id='word_1_153' title='bbox 1445 1657 1627 1715; x_wconf 89' lang='lat' dir='ltr'>nemi-</span> 
     </span>
     <span class='ocr_line' id='line_1_20' title="bbox 14 1734 1626 1816; baseline 0 -21"><span class='ocrx_word' id='word_1_154' title='bbox 14 1758 141 1795; x_wconf 90' lang='lat' dir='ltr'>nem</span> <span class='ocrx_word' id='word_1_155' title='bbox 157 1735 479 1795; x_wconf 82' lang='lat' dir='ltr'>aversantem</span> <span class='ocrx_word' id='word_1_156' title='bbox 499 1737 754 1794; x_wconf 83' lang='lat' dir='ltr'>inciderat</span> <span class='ocrx_word' id='word_1_157' title='bbox 774 1739 907 1816; x_wconf 89' lang='lat' dir='ltr'>quin</span> <span class='ocrx_word' id='word_1_158' title='bbox 928 1744 980 1795; x_wconf 74' lang='grc' dir='ltr'>δε</span> <span class='ocrx_word' id='word_1_159' title='bbox 1002 1740 1321 1796; x_wconf 87' lang='lat' dir='ltr'>Solomonis</span> <span class='ocrx_word' id='word_1_160' title='bbox 1337 1734 1626 1796; x_wconf 86' lang='lat' dir='ltr'>satellitum</span> 
     </span>
     <span class='ocr_line' id='line_1_21' title="bbox 14 1820 1628 1900; baseline 0.001 -24"><span class='ocrx_word' id='word_1_161' title='bbox 14 1840 74 1896; x_wconf 76' lang='lat' dir='ltr'>ac</span> <span class='ocrx_word' id='word_1_162' title='bbox 98 1821 476 1898; x_wconf 59' lang='lat' dir='ltr'>protectorum</span> <span class='ocrx_word' id='word_1_163' title='bbox 507 1820 681 1899; x_wconf 80' lang='lat' dir='ltr'>deque</span> <span class='ocrx_word' id='word_1_164' title='bbox 721 1820 892 1877; x_wconf 84' lang='lat' dir='ltr'>domo</span> <span class='ocrx_word' id='word_1_165' title='bbox 924 1826 1037 1896; x_wconf 87' lang='lat' dir='ltr'>ejus</span> <span class='ocrx_word' id='word_1_166' title='bbox 1071 1843 1186 1878; x_wconf 91' lang='lat' dir='ltr'>non</span> <span class='ocrx_word' id='word_1_167' title='bbox 1221 1825 1376 1900; x_wconf 85' lang='lat' dir='ltr'>pauci</span> <span class='ocrx_word' id='word_1_168' title='bbox 1396 1824 1450 1878; x_wconf 90' lang='lat' dir='ltr'>in</span> <span class='ocrx_word' id='word_1_169' title='bbox 1486 1820 1628 1878; x_wconf 83' lang='lat' dir='ltr'>sedi-</span> 
     </span>
     <span class='ocr_line' id='line_1_22' title="bbox 16 1900 1628 1983; baseline 0.001 -24"><span class='ocrx_word' id='word_1_170' title='bbox 16 1905 227 1959; x_wconf 83' lang='lat' dir='ltr'>tionem</span> <span class='ocrx_word' id='word_1_171' title='bbox 262 1900 605 1967; x_wconf 78' lang='lat' dir='ltr'>affensemm,</span> <span class='ocrx_word' id='word_1_172' title='bbox 653 1923 907 1982; x_wconf 83' lang='lat' dir='ltr'>agrorum</span> <span class='ocrx_word' id='word_1_173' title='bbox 940 1904 1253 1983; x_wconf 83' lang='lat' dir='ltr'>cupiditate.</span> <span class='ocrx_word' id='word_1_174' title='bbox 1298 1905 1410 1962; x_wconf 92' lang='lat' dir='ltr'>Vbi</span> <span class='ocrx_word' id='word_1_175' title='bbox 1431 1904 1628 1961; x_wconf 82' lang='lat' dir='ltr'>condi-</span> 
     </span>
     <span class='ocr_line' id='line_1_23' title="bbox 13 1984 1675 2067; baseline 0 -25"><span class='ocrx_word' id='word_1_176' title='bbox 13 1985 98 2042; x_wconf 68' lang='lat' dir='ltr'>&amp;a</span> <span class='ocrx_word' id='word_1_177' title='bbox 131 2003 343 2042; x_wconf 87' lang='lat' dir='ltr'>venerat</span> <span class='ocrx_word' id='word_1_178' title='bbox 376 1984 523 2054; x_wconf 85' lang='lat' dir='ltr'>dies,</span> <span class='ocrx_word' id='word_1_179' title='bbox 567 1986 968 2043; x_wconf 66' lang='lat' dir='ltr'>consederat‘in</span> <span class='ocrx_word' id='word_1_180' title='bbox 1001 1989 1207 2066; x_wconf 88' lang='lat' dir='ltr'>templo</span> <span class='ocrx_word' id='word_1_181' title='bbox 1229 1989 1440 2067; x_wconf 79' lang='lat' dir='ltr'>magnis</span> <span class='ocrx_word' id='word_1_182' title='bbox 1471 1989 1626 2043; x_wconf 89' lang='lat' dir='ltr'>malis</span> <span class='ocrx_word' id='word_1_183' title='bbox 1672 2053 1675 2057; x_wconf 23' lang='lat'>¹</span> 
     </span>
     <span class='ocr_line' id='line_1_24' title="bbox 13 2065 1621 2148; baseline 0.001 -24"><span class='ocrx_word' id='word_1_184' title='bbox 13 2069 296 2146; x_wconf 84' lang='lat' dir='ltr'>proximus</span> <span class='ocrx_word' id='word_1_185' title='bbox 331 2070 581 2125; x_wconf 89' lang='lat' dir='ltr'>Solom0.</span> <span class='ocrx_word' id='word_1_186' title='bbox 640 2065 918 2125; x_wconf 78' lang='lat' dir='ltr'>Acceffere</span> <span class='ocrx_word' id='word_1_187' title='bbox 959 2071 1056 2148; x_wconf 90' lang='lat' dir='ltr'>qui</span> <span class='ocrx_word' id='word_1_188' title='bbox 1089 2091 1213 2126; x_wconf 88' lang='lat' dir='ltr'>eum</span> <span class='ocrx_word' id='word_1_189' title='bbox 1257 2069 1621 2128; x_wconf 83' lang='lat' dir='ltr'>occidendum</span> 
     </span>
     <span class='ocr_line' id='line_1_25' title="bbox 13 2145 1626 2231; baseline 0 -24"><span class='ocrx_word' id='word_1_190' title='bbox 13 2145 302 2208; x_wconf 85' lang='lat' dir='ltr'>sumserant</span> <span class='ocrx_word' id='word_1_191' title='bbox 321 2191 338 2216; x_wconf 92' lang='lat'>,</span> <span class='ocrx_word' id='word_1_192' title='bbox 375 2157 599 2228; x_wconf 86' lang='lat' dir='ltr'>jamque</span> <span class='ocrx_word' id='word_1_193' title='bbox 618 2171 712 2228; x_wconf 88' lang='lat' dir='ltr'>per</span> <span class='ocrx_word' id='word_1_194' title='bbox 731 2169 897 2207; x_wconf 90' lang='lat' dir='ltr'>nutus</span> <span class='ocrx_word' id='word_1_195' title='bbox 916 2149 1068 2231; x_wconf 77' lang='lat' dir='ltr'>signo</span> <span class='ocrx_word' id='word_1_196' title='bbox 1088 2155 1227 2209; x_wconf 90' lang='lat' dir='ltr'>inter</span> <span class='ocrx_word' id='word_1_197' title='bbox 1246 2151 1294 2209; x_wconf 88' lang='lat' dir='ltr'>se</span> <span class='ocrx_word' id='word_1_198' title='bbox 1314 2153 1440 2210; x_wconf 87' lang='lat' dir='ltr'>dato</span> <span class='ocrx_word' id='word_1_199' title='bbox 1456 2193 1473 2220; x_wconf 86' lang='lat'>‚</span> <span class='ocrx_word' id='word_1_200' title='bbox 1494 2173 1626 2208; x_wconf 89' lang='lat' dir='ltr'>mo-</span> 
     </span>
     <span class='ocr_line' id='line_1_26' title="bbox 15 2231 1655 2314; baseline 0.002 -26"><span class='ocrx_word' id='word_1_201' title='bbox 15 2250 198 2289; x_wconf 87' lang='lat' dir='ltr'>verant</span> <span class='ocrx_word' id='word_1_202' title='bbox 216 2232 381 2290; x_wconf 80' lang='lat' dir='ltr'>enses,</span> <span class='ocrx_word' id='word_1_203' title='bbox 425 2233 575 2292; x_wconf 90' lang='lat' dir='ltr'>Nihil</span> <span class='ocrx_word' id='word_1_204' title='bbox 591 2252 773 2289; x_wconf 76' lang='lat' dir='ltr'>tamen</span> <span class='ocrx_word' id='word_1_205' title='bbox 793 2231 1016 2291; x_wconf 81' lang='lat' dir='ltr'>effecere</span> <span class='ocrx_word' id='word_1_206' title='bbox 1034 2273 1050 2300; x_wconf 89' lang='lat'>,</span> <span class='ocrx_word' id='word_1_207' title='bbox 1082 2234 1185 2293; x_wconf 88' lang='lat' dir='ltr'>five</span> <span class='ocrx_word' id='word_1_208' title='bbox 1205 2234 1345 2292; x_wconf 87' lang='lat' dir='ltr'>sacra</span> <span class='ocrx_word' id='word_1_209' title='bbox 1363 2256 1480 2314; x_wconf 78' lang='lat' dir='ltr'>quae</span> <span class='ocrx_word' id='word_1_210' title='bbox 1498 2253 1620 2292; x_wconf 88' lang='lat' dir='ltr'>tum</span> <span class='ocrx_word' id='word_1_211' title='bbox 1650 2307 1655 2314; x_wconf 25' lang='grc' dir='ltr'>ι</span> 
     </span>
     <span class='ocr_line' id='line_1_27' title="bbox 13 2313 1624 2395; baseline 0.002 -25"><span class='ocrx_word' id='word_1_212' title='bbox 13 2313 308 2393; x_wconf 85' lang='lat' dir='ltr'>agebantur</span> <span class='ocrx_word' id='word_1_213' title='bbox 327 2320 733 2374; x_wconf 84' lang='lat' dir='ltr'>venerationem</span> <span class='ocrx_word' id='word_1_214' title='bbox 758 2314 861 2372; x_wconf 83' lang='lat' dir='ltr'>five</span> <span class='ocrx_word' id='word_1_215' title='bbox 895 2317 1029 2373; x_wconf 84' lang='lat' dir='ltr'>clara</span> <span class='ocrx_word' id='word_1_216' title='bbox 1050 2320 1148 2375; x_wconf 86' lang='lat' dir='ltr'>viri</span> <span class='ocrx_word' id='word_1_217' title='bbox 1179 2314 1322 2375; x_wconf 86' lang='lat' dir='ltr'>fama</span> <span class='ocrx_word' id='word_1_218' title='bbox 1354 2318 1624 2395; x_wconf 88' lang='lat' dir='ltr'>pudorem</span> 
     </span>
     <span class='ocr_line' id='line_1_28' title="bbox 13 2395 1627 2477; baseline 0.002 -25"><span class='ocrx_word' id='word_1_219' title='bbox 13 2395 364 2467; x_wconf 72' lang='lat' dir='ltr'>incusserant,</span> <span class='ocrx_word' id='word_1_220' title='bbox 408 2398 513 2455; x_wconf 87' lang='lat' dir='ltr'>five</span> <span class='ocrx_word' id='word_1_221' title='bbox 551 2399 727 2455; x_wconf 88' lang='lat' dir='ltr'>divina</span> <span class='ocrx_word' id='word_1_222' title='bbox 749 2398 1419 2477; x_wconf 82' lang='lat' dir='ltr'>providentiainterceffit.</span> <span class='ocrx_word' id='word_1_223' title='bbox 1462 2396 1627 2456; x_wconf 79' lang='lat' dir='ltr'>Post·</span> 
     </span>
     <span class='ocr_line' id='line_1_29' title="bbox 13 2479 1624 2562; baseline 0.003 -28"><span class='ocrx_word' id='word_1_224' title='bbox 13 2498 173 2558; x_wconf 85' lang='lat' dir='ltr'>quam</span> <span class='ocrx_word' id='word_1_225' title='bbox 193 2497 372 2538; x_wconf 88' lang='lat' dir='ltr'>autem</span> <span class='ocrx_word' id='word_1_226' title='bbox 408 2482 633 2560; x_wconf 60' lang='lat' dir='ltr'>perafflis</span> <span class='ocrx_word' id='word_1_227' title='bbox 668 2486 780 2556; x_wconf 89' lang='lat' dir='ltr'>ejus</span> <span class='ocrx_word' id='word_1_228' title='bbox 815 2480 918 2537; x_wconf 81' lang='lat' dir='ltr'>diei</span> <span class='ocrx_word' id='word_1_229' title='bbox 941 2479 1091 2538; x_wconf 84' lang='lat' dir='ltr'>sacris</span> <span class='ocrx_word' id='word_1_230' title='bbox 1125 2482 1357 2540; x_wconf 83' lang='lat' dir='ltr'>domum</span> <span class='ocrx_word' id='word_1_231' title='bbox 1393 2482 1624 2562; x_wconf 86' lang='lat' dir='ltr'>quisque</span> 
     </span>
     <span class='ocr_line' id='line_1_30' title="bbox 13 2558 1623 2627; baseline 0.002 -10"><span class='ocrx_word' id='word_1_232' title='bbox 13 2558 360 2627; x_wconf 50' lang='lat' dir='ltr'>revenerant,&#39;</span> <span class='ocrx_word' id='word_1_233' title='bbox 390 2566 464 2620; x_wconf 88' lang='lat' dir='ltr'>ibi</span> <span class='ocrx_word' id='word_1_234' title='bbox 484 2565 570 2620; x_wconf 86' lang='lat' dir='ltr'>alii</span> <span class='ocrx_word' id='word_1_235' title='bbox 590 2566 815 2620; x_wconf 89' lang='lat' dir='ltr'>aliorum</span> <span class='ocrx_word' id='word_1_236' title='bbox 837 2565 1124 2621; x_wconf 87' lang='lat' dir='ltr'>mollitiem</span> <span class='ocrx_word' id='word_1_237' title='bbox 1146 2565 1383 2622; x_wconf 87' lang='lat' dir='ltr'>incusare</span> <span class='ocrx_word' id='word_1_238' title='bbox 1404 2605 1420 2625; x_wconf 88' lang='lat'>,</span> <span class='ocrx_word' id='word_1_239' title='bbox 1450 2586 1509 2622; x_wconf 85' lang='lat' dir='ltr'>ac</span> <span class='ocrx_word' id='word_1_240' title='bbox 1529 2586 1623 2621; x_wconf 86' lang='lat' dir='ltr'>ea·-</span> 
     </span>
     <span class='ocr_line' id='line_1_31' title="bbox 15 2641 1623 2722; baseline 0.004 -25"><span class='ocrx_word' id='word_1_241' title='bbox 15 2641 140 2698; x_wconf 88' lang='lat' dir='ltr'>dem</span> <span class='ocrx_word' id='word_1_242' title='bbox 161 2645 215 2697; x_wconf 90' lang='lat' dir='ltr'>in</span> <span class='ocrx_word' id='word_1_243' title='bbox 232 2643 442 2722; x_wconf 85' lang='lat' dir='ltr'>postera</span> <span class='ocrx_word' id='word_1_244' title='bbox 462 2647 545 2703; x_wconf 92' lang='lat' dir='ltr'>die</span> <span class='ocrx_word' id='word_1_245' title='bbox 566 2646 760 2703; x_wconf 90' lang='lat' dir='ltr'>cudere</span> <span class='ocrx_word' id='word_1_246' title='bbox 782 2643 1017 2702; x_wconf 83' lang='lat' dir='ltr'>confilia.</span> <span class='ocrx_word' id='word_1_247' title='bbox 1064 2669 1249 2704; x_wconf 83' lang='lat' dir='ltr'>verum</span> <span class='ocrx_word' id='word_1_248' title='bbox 1273 2654 1326 2705; x_wconf 87' lang='lat'>&amp;</span> <span class='ocrx_word' id='word_1_249' title='bbox 1348 2669 1407 2704; x_wconf 90' lang='lat' dir='ltr'>ea</span> <span class='ocrx_word' id='word_1_250' title='bbox 1427 2646 1511 2703; x_wconf 88' lang='lat' dir='ltr'>die</span> <span class='ocrx_word' id='word_1_251' title='bbox 1532 2644 1623 2703; x_wconf 83' lang='lat' dir='ltr'>so·-</span> 
     </span>
     <span class='ocr_line' id='line_1_32' title="bbox 13 2720 1624 2805; baseline 0.002 -23"><span class='ocrx_word' id='word_1_252' title='bbox 13 2720 170 2800; x_wconf 84' lang='lat' dir='ltr'>spites</span> <span class='ocrx_word' id='word_1_253' title='bbox 185 2727 241 2780; x_wconf 90' lang='lat' dir='ltr'>in</span> <span class='ocrx_word' id='word_1_254' title='bbox 259 2729 523 2805; x_wconf 89' lang='lat' dir='ltr'>templum</span> <span class='ocrx_word' id='word_1_255' title='bbox 543 2749 667 2784; x_wconf 86' lang='lat' dir='ltr'>curn</span> <span class='ocrx_word' id='word_1_256' title='bbox 688 2724 942 2783; x_wconf 75' lang='lat' dir='ltr'>venissent</span> <span class='ocrx_word' id='word_1_257' title='bbox 960 2768 977 2795; x_wconf 90' lang='lat'>‚</span> <span class='ocrx_word' id='word_1_258' title='bbox 1003 2732 1176 2786; x_wconf 79' lang='lat' dir='ltr'>exiere</span> <span class='ocrx_word' id='word_1_259' title='bbox 1203 2727 1404 2787; x_wconf 69' lang='lat' dir='ltr'>infe&amp;a</span> <span class='ocrx_word' id='word_1_260' title='bbox 1422 2751 1477 2786; x_wconf 82' lang='lat' dir='ltr'>re</span> <span class='ocrx_word' id='word_1_261' title='bbox 1503 2770 1520 2797; x_wconf 93' lang='lat'>,</span> <span class='ocrx_word' id='word_1_262' title='bbox 1564 2731 1624 2785; x_wconf 86' lang='lat' dir='ltr'>in</span> 
     </span>
     <span class='ocr_line' id='line_1_33' title="bbox 13 2802 1623 2890; baseline 0.003 -30"><span class='ocrx_word' id='word_1_263' title='bbox 13 2802 306 2884; x_wconf 85' lang='lat' dir='ltr'>forumque</span> <span class='ocrx_word' id='word_1_264' title='bbox 325 2809 587 2890; x_wconf 83' lang='lat' dir='ltr'>congreffi</span> <span class='ocrx_word' id='word_1_265' title='bbox 602 2853 617 2878; x_wconf 94' lang='lat'>,</span> <span class='ocrx_word' id='word_1_266' title='bbox 634 2811 825 2886; x_wconf 85' lang='lat' dir='ltr'>apertis</span> <span class='ocrx_word' id='word_1_267' title='bbox 841 2813 1093 2868; x_wconf 89' lang='lat' dir='ltr'>convitiis</span> <span class='ocrx_word' id='word_1_268' title='bbox 1111 2816 1250 2869; x_wconf 91' lang='lat' dir='ltr'>inter</span> <span class='ocrx_word' id='word_1_269' title='bbox 1263 2810 1313 2869; x_wconf 90' lang='lat' dir='ltr'>se</span> <span class='ocrx_word' id='word_1_270' title='bbox 1331 2829 1623 2877; x_wconf 86' lang='lat' dir='ltr'>certarunt,</span> 
     </span>
     <span class='ocr_line' id='line_1_34' title="bbox 13 2889 1626 2973; baseline 0.002 -31"><span class='ocrx_word' id='word_1_271' title='bbox 13 2889 146 2945; x_wconf 86' lang='lat' dir='ltr'>alter</span> <span class='ocrx_word' id='word_1_272' title='bbox 164 2889 388 2947; x_wconf 88' lang='lat' dir='ltr'>alterum</span> <span class='ocrx_word' id='word_1_273' title='bbox 409 2893 627 2973; x_wconf 86' lang='lat' dir='ltr'>segnem</span> <span class='ocrx_word' id='word_1_274' title='bbox 657 2890 1038 2972; x_wconf 86' lang='lat' dir='ltr'>sociorumque</span> <span class='ocrx_word' id='word_1_275' title='bbox 1059 2894 1398 2972; x_wconf 87' lang='lat' dir='ltr'>proditore-m</span> <span class='ocrx_word' id='word_1_276' title='bbox 1420 2913 1626 2951; x_wconf 83' lang='lat' dir='ltr'>vocan-</span> 
     </span>
     <span class='ocr_line' id='line_1_35' title="bbox 18 2972 1676 3057; baseline 0 -31"><span class='ocrx_word' id='word_1_277' title='bbox 18 2985 95 3030; x_wconf 83' lang='lat' dir='ltr'>tes</span> <span class='ocrx_word' id='word_1_278' title='bbox 112 3009 128 3040; x_wconf 92' lang='lat'>‚</span> <span class='ocrx_word' id='word_1_279' title='bbox 163 2975 536 3057; x_wconf 67' lang='lat' dir='ltr'>praecipueque</span> <span class='ocrx_word' id='word_1_280' title='bbox 556 2973 945 3054; x_wconf 79' lang='lat' dir='ltr'>exprobrantes</span> <span class='ocrx_word' id='word_1_281' title='bbox 964 2974 1199 3036; x_wconf 79' lang='lat' dir='ltr'>obseffos</span> <span class='ocrx_word' id='word_1_282' title='bbox 1231 2979 1443 3036; x_wconf 80' lang='lat' dir='ltr'>animos</span> <span class='ocrx_word' id='word_1_283' title='bbox 1463 2974 1628 3030; x_wconf 80' lang='lat' dir='ltr'>Solo·</span> <span class='ocrx_word' id='word_1_284' title='bbox 1672 2972 1676 2976; x_wconf 79' lang='grc'><em>’</em></span> 
     </span>
    </p>

    <p class='ocr_par' dir='ltr' id='par_1_2' title="bbox 833 3055 1630 3134">
     <span class='ocr_line' id='line_1_36' title="bbox 833 3055 1630 3134; baseline 0.001 -22"><span class='ocrx_word' id='word_1_285' title='bbox 833 3056 892 3112; x_wconf 91' lang='lat' dir='ltr'>G</span> <span class='ocrx_word' id='word_1_286' title='bbox 945 3078 968 3134; x_wconf 77' lang='lat'><em>3</em></span> <span class='ocrx_word' id='word_1_287' title='bbox 1442 3055 1630 3114; x_wconf 80' lang='lat' dir='ltr'>monis</span> 
     </span>
    </p>
   </div>
  </div>
 </body>
</html>
