1888 3428
413 143 1257 197 PROLEGOMENA.
1579 134 1653 194 21'

19 215 165 279 ”cum
198 235 238 276 t.
259 216 400 299 apud
429 220 631 278 multos
662 217 971 274 Germaniae
1002 216 1269 294 populos:
1300 223 1355 275 &
1381 214 1651 298 posteriq-

37 323 153 361 rem
184 300 316 359 hanc
346 306 707 361 mutationem
735 300 888 378 quod
924 302 1117 354 attinet
1141 303 1255 372 ejus
1276 318 1520 378 apertum
1540 320 1650 357 no-

39 383 121 442 bis
139 381 511 443 testimonium
547 383 785 462 praebent
817 378 1045 460 Hispani
1082 379 1110 437 ἐ
1145 379 1378 438 Gotthis
1411 386 1520 439 orti
1549 383 1648 461 qui

33 465 158 524 suos
178 472 408 540 majores
428 467 852 525 Godosvocant.
896 483 1038 542 quos
1071 461 1234 519 secuti
1250 462 1410 521 Iudaei
1429 503 1446 529 ‚
1478 467 1648 541 quiin

34 549 296 627 Hispania
314 552 517 615 vixere,
553 565 611 604 ut
629 546 904 603 Abraham
937 543 1359 602 Salmanticensss
1388 543 1650 602 scribunt.

35 648 290 690 maun-an
307 652 437 691 vero
458 651 568 686 non
590 631 768 685 minus
784 649 946 708 quam
967 649 1025 685 on
1047 647 1200 685 vetus
1213 644 1322 684 erat
1335 627 1477 706 apud
1498 628 1648 683 Ger-

35 717 267 770 manicas
302 730 491 791 gentes
523 714 736 791 pluralis
765 712 1076 768 terminatio
1100 751 1115 771 ‚
1149 731 1267 788 quae
1298 730 1445 766 nunc
1475 706 1646 766 ferme

28 815 125 873 per
148 815 206 852 en
237 794 456 852 effertur
487 796 721 852 mollius.
757 794 822 850 ad
859 814 985 850 eum
1023 792 1253 853 modum
1287 789 1518 850 formata
1536 813 1646 851 vox

31 876 407 934 Scridevindan
428 919 445 945 ‚
485 898 585 955 pro
604 898 716 956 quo
738 877 820 933 alii
842 873 1076 932 scribunt
1114 873 1566 933 Schredevendon
1588 891 1653 932 ut

28 975 153 1016 ante
171 958 502 1017 diximus-ab
514 959 700 1016 eadem
717 962 928 1038 origine
949 955 1367 1024 Cod-anovia,fic
1385 958 1532 1014 enirn
1552 956 1651 1013 ha-

26 1037 159 1098 bent
173 1039 686 1121 manuscriptiMelae
705 1041 995 1107 codice5,id
1011 1039 1083 1097 est
1105 1042 1372 1100 eodan-au
1392 1037 1651 1096 Gottho-

22 1141 146 1179 rum
166 1142 300 1182 terra
321 1145 487 1203 qua-m
507 1145 621 1181 non
657 1125 808 1182 aliam
829 1122 928 1180 effe
963 1145 1126 1202 qua-m
1148 1143 1267 1202 quae
1287 1143 1431 1179 nunc
1453 1120 1654 1178 eodem

25 1201 174 1264 sensu
196 1205 532 1264 Gothlandia
550 1205 742 1264 dicitur
761 1248 778 1274 ,
823 1206 1076 1262 lornandi
1097 1207 1225 1263 vero
1247 1208 1299 1261 ni
1316 1201 1476 1261 fallor
1496 1204 1653 1260 Got-

24 1286 334 1346 tenscandza
345 1288 438 1346 diu
455 1289 589 1346 olim
604 1286 630 1345 ἆ
649 1287 877 1346 Gotthis
890 1284 1087 1356 insessa,
1108 1309 1229 1366 quo
1242 1291 1420 1343 minus
1437 1286 1654 1343 credam

31 1366 342 1427 nihilcausae
361 1370 543 1428 video·
589 1372 671 1426 Sic
690 1374 838 1427 enim
867 1377 920 1427 δε
951 1389 1018 1426 ex
1045 1391 1179 1428 voce
1211 1380 1386 1427 Morau
1420 1364 1559 1425 fausta
1578 1365 1655 1424 est

25 1450 169 1507 idem
190 1449 493 1530 significans
512 1473 617 1508 vox
634 1454 830 1531 linguae
846 1453 1158 1508 recentioris
1175 1453 1471 1509 Merenlam.
1508 1468 1651 1507 certe

0 1530 82 1588 .id
104 1550 312 1610 quanto
332 1532 664 1601 credibilius,
704 1553 873 1610 quam
897 1532 1047 1610 quod
1066 1534 1150 1589 ilie
1171 1537 1244 1590 ait
1279 1536 1505 1590 rhem&
1540 1544 1651 1588 Dan

26 1613 250 1671 eandem
271 1611 368 1669 effe
388 1633 578 1669 vocem
599 1615 858 1691 paulatim
870 1612 1062 1670 scilicet
1077 1616 1454 1675 immutatam,
1478 1634 1650 1693 eaque
1683 1644 1687 1645 ν

25 1713 230 1754 veteres
264 1695 573 1752 Germanos
603 1692 908 1775 significa-sse
941 1693 1130 1752 De‘um
1160 1716 1339 1754 rerum
1370 1693 1650 1774 opificem.

26 1777 160 1856 quid
195 1774 270 1836 est
302 1777 530 1856 quidivis
561 1797 627 1834 ex
646 1781 843 1856 quovis
863 1773 1032 1834 facere
1049 1776 1083 1834 si
1108 1779 1215 1836 hoc
1234 1800 1350 1835 non
1370 1778 1442 1835 est
1463 1785 1485 1836 ?
1519 1778 1653 1858 quid

5 1858 191 1916 -fimile
208 1858 410 1916 babent
430 1863 584 1918 Theut
603 1866 656 1917 δε
677 1866 1021 1918 Dan?veteres
1038 1859 1309 1918 German-i
1324 1864 1510 1918 Deum
1529 1863 1656 1919 coeli

28 1961 147 1998 non>
162 1943 262 1998 alio
277 1946 498 2001 nomine
517 1963 683 2022 quam
702 1946 855 2000 Thorn
877 1951 1134 2000 vocarunt
1150 1985 1167 2012 ,
1188 1943 1341 2023 quod
1361 1940 1434 2000 est
1459 1962 1655 2001 tonans
1687 2003 1708 2025 ·;

28 2026 185 2080 etiam
205 2044 346 2081 nunc
364 2027 537 2082 Danis
558 2067 574 2093 ‚
588 2029 817 2082 Taranim
836 2024 965 2082 dixit
982 2022 1261 2084 Lucanus?
1288 2044 1341 2083 at
1361 2025 1649 2106 postquam

10 2109 221 2162 ·certior
238 2107 334 2164 ill-is
357 2109 447 2164 lux
466 2104 675 2175 affulsit,
695 2110 880 2165 Deum
897 2107 1030 2165 boni
1050 2109 1228 2166 dixere
1247 2109 1551 2170 nomine2id
1574 2104 1650 2165 est

27 2189 143 2245 God.
182 2199 329 2246 Teuto
349 2228 366 2254 ‚
386 2187 489 2248 ῖίνε
507 2189 670 2262 Tuisto·
685 2231 699 2256 ,
722 2189 827 2246 sive
845 2202 1073 2248 Teutates
1087 2233 1102 2258 ‚
1138 2213 1253 2248 non
1273 2194 1381 2249 Dei
1402 2232 1419 2259 ‚
1439 2188 1524 2248 sed
1541 2189 1651 2247 ho-

30 2271 187 2326 minis
207 2271 348 2328 unde
368 2272 570 2348 Teutisci
602 2277 708 2330 orti
726 2271 845 2330 sunt
865 2270 1193 2332 vocabulum
1215 2272 1288 2330 est
1307 2314 1323 2340 ,
1361 2295 1529 2353 quem
1549 2275 1648 2330 alia

27 2355 472 2429 pronuntiatione
510 2360 680 2412 Ditem
715 2353 889 2413 Caesar
910 2357 1133 2424 extulit,
1162 2378 1286 2413 cum
1313 2356 1420 2413 hoc
1458 2368 1494 2413 T
1497 2357 1646 2412 heuth

22 2433 108 2491 ille
129 2431 231 2498 five
247 2438 531 2516 AEgyptius
548 2435 652 2495 srve
670 2435 897 2495 Phcenix
936 2438 962 2512 <
982 2460 1105 2494 nam
1121 2437 1391 2497 Phaenices
1410 2459 1536 2494 eum
1552 2435 1649 2493 fibi

25 2516 298 2574 vindicant
348 2524 524 2577 Taauti
553 2522 778 2578 nomine
811 2539 870 2577 ut
918 2542 981 2577 ex
1018 2520 1453 2580 Sanchuni-aeone
1486 2518 1646 2577 Philo
1728 2520 1730 2522 ’

25 2595 241 2674 Byblius
275 2600 489 2659 tradidit
510 2605 838 2674 >literarum
872 2623 1143 2682 repertor,
1189 2603 1326 2662 nihil·
1348 2621 1644 2660 commune

27 2676 187 2736 habet
208 2696 392 2758 prae'ter
409 2674 614 2762 partem
632 2683 782 2742 soni:
820 2690 887 2742 δε,
919 2699 1030 2745 Dan
1058 2688 1380 2744 Graecorum
1412 2684 1643 2765 quibus.-

32 2757 160 2816 dam
196 2766 432 2845 Iuppiter
465 2788 587 2825 cum
620 2780 760 2826 Dano
791 2769 1012 2826 Danicae
1045 2772 1227 2849 gentis
1248 2771 1485 2848 principe
1517 2764 1648 2822 nihil

27 2839 190 2899 habet
206 2865 317 2923 quo
338 2854 727 2929 conjungatur,
759 2869 947 2929 praeter
975 2849 1149 2909 sol-am-
1164 2855 1312 2909 vocis
1343 2847 1647 2908 similitudi-

27 2934 190 2993 nem»
222 2947 334 3006 quae
362 2932 418 2989 in
450 2929 934 3013 significationibus
966 2932 1322 2994 diverfiffimis
1354 2931 1495 3013 apud
1502 2931 1643 3068 {ilias

232 3044 237 3049 ·
894 3015 931 3075 b
981 3038 1015 3095 3⁴
1549 3013 1658 3084 ias-⁴
