1888 3428
297 147 1327 215 DEREB.GET1013-.
1535 163 1657 219 621·

23 243 85 302 in
106 238 307 320 Syriam
330 251 559 295 curvato
579 232 784 312 angulo
818 229 1048 292 reflexus
1070 276 1088 304 ,
1117 237 1242 292 licet
1261 241 1505 298 amnium
1529 241 1655 320 plu-

24 329 196 383 rimos
218 324 432 379 emittat
451 358 466 379 ,
494 322 551 374 in
573 314 828 374 Afianam
848 332 1032 372 tamen
1052 321 1338 398 regionem
1361 320 1650 382 Eufratem

0 457 1 483 ἦ
23 410 356 488 Tigrimque
388 403 691 481 navigenos
719 398 786 457 ad
805 398 1129 476 opinionem
1149 405 1441 473 maximam
1464 428 1658 482 peren-

0 500 1 503 ’
25 495 181 549 nium
201 489 442 544 fontium
461 479 693 565 copiosis
707 479 892 564 fundit
911 475 1193 542 uberibus·
1215 475 1332 557 'Qui
1348 490 1661 565 amplexan-

0 575 1 578 ’
24 592 107 632 tes
137 588 301 629 terras
319 566 700 645 Affyriotumss,
731 564 1196 645 Mesopotamiam
1216 573 1272 624 ὃ(
1293 571 1538 647 appellari
1572 567 1658 627 fa-

27 660 211 718 ciunt,
240 658 295 710 &
327 652 496 710 videri
514 674 530 719 3
566 655 622 708 in
652 649 829 710 sinum
866 653 1030 709 maris
1057 649 1203 708 rubri
1238 647 1447 708 fluenta
1476 650 1653 731 depo-'-

25 750 241 805 nenteS.
284 736 454 792 Tunc
483 739 541 792 in
567 736 804 792 Boream
838 752 1145 812 revertens,
1185 733 1424 814 Scythias
1459 754 1657 799 terras,

23 827 223 900 jugum
258 816 563 875 antefatum
594 820 809 897 magnis
837 814 1070 876 flexibus
1101 834 1423 898 pervagatur
1443 843 1458 874 :
1497 835 1661 897 atque

26 904 235 964 ibidem
253 898 615 981 opinatissima
632 896 864 958 flumina
893 902 951 958 in
975 898 1237 981 Caspium
1259 914 1404 958 mare
1423 897 1662 980 prosun-

28 988 186 1055 dens,
203 988 464 1049 Araxem,
482 979 731 1062 Cyffum,
754 987 810 1040 δε
831 982 1162 1063 Cambysen,
1177 987 1506 1041 continuato
1520 990 1660 1065 jugo

28 1070 96 1129 ad
116 1067 372 1148 Riphaeos
393 1063 563 1145 usque
583 1085 804 1125 montes
817 1067 1147 1125 extenditur,
1191 1066 1435 1148 Indeque
1451 1067 1665 1146 Scythi-

29 1157 105 1212 cis
120 1148 380 1233 gentibus
399 1147 562 1208 dorso
576 1150 674 1208 suo
694 1153 996 1208 terminum
1016 1150 1259 1231 praebens
1279 1192 1297 1221 ,
1322 1150 1386 1208 ad
1417 1156 1665 1210 Pontum

28 1233 198 1314 usque
246 1232 560 1293 descendit:
603 1231 964 1312 consertisque
1001 1232 1234 1291 collibus
1265 1275 1282 1296 ,
1320 1233 1492 1291 Histri
1524 1255 1666 1313 quo-

28 1341 141 1398 que
159 1315 367 1377 fluenta
387 1319 667 1396 contingit
686 1358 704 1385 ,
735 1337 851 1397 quo
870 1318 1046 1374 amnis
1063 1313 1184 1373 sciff
1180 1337 1240 1373 us
1261 1313 1534 1374 dehiscens
1551 1359 1566 1381 ,
1603 1321 1664 1374 in

33 1400 250 1482 Scythia
271 1421 500 1481 quoque
535 1402 756 1457 Taurus
786 1416 1030 1459 vocatur.
1076 1398 1229 1456 Talis
1264 1420 1430 1480 erg0‚
1462 1396 1668 1456 tantus-

32 1505 177 1566 que,
205 1491 259 1542 &
297 1481 437 1562 pene
479 1485 734 1541 omnium
769 1485 1049 1542 montium
1090 1486 1395 1558 maximus,
1434 1479 1667 1539 excelsas

31 1571 153 1637 ,suas
169 1570 385 1648 erigens
400 1563 737 1625 summitates
757 1607 774 1629 ,
793 1561 1019 1624 naturali
1038 1564 1441 1623 construffitione
1458 1564 1666 1642 praestat

35 1650 297 1734 gentibus
314 1649 737 1729 inexpugnanda
754 1651 1076 1717 munimina.
1121 1649 1266 1706 Nam
1288 1649 1508 1704 locatim
1527 1649 1668 1704 reci-

5 1783 11 1787 .
34 1735 122 1794 sus
140 1775 157 1802 ,
185 1755 292 1814 qua
310 1731 708 1813 disruptojugo
727 1732 877 1792 vallis
894 1731 1046 1788 hiatu
1082 1728 1330 1809 patescit,
1372 1751 1525 1792 nunc,
1553 1731 1668 1786 Ca-

35 1816 172 1898 spias
192 1832 376 1897 portas
393 1856 411 1883 ‚
440 1836 588 1873 nunc
604 1816 894 1873 Armenias
915 1852 933 1879 ,
955 1833 1104 1871 nunc
1124 1815 1323 1870 Cilicas
1337 1847 1354 1880 ,
1373 1813 1459 1872 vel
1477 1811 1668 1870 sccun-

35 1903 172 1961 dum
207 1901 394 1958 locum
428 1900 602 1978 qualis
634 1896 838 1965 fuerit,
876 1893 1004 1954 facit
1022 1918 1045 1963 ς
1082 1900 1392 1957 vixtamen
1423 1896 1662 1974 plaustro

39 1982 322 2050 meabilis„
351 1981 608 2041 lateribus
644 1984 701 2039 in
735 1981 1082 2039 altitudinem
1121 1982 1378 2060 utrinque
1411 1979 1665 2047 direffiS,

39 2068 251 2147 quipro
270 2068 523 2145 gentium
553 2066 811 2124 varietate
845 2061 1054 2124 diverso
1072 2061 1346 2120 vocabulo
1381 2081 1669 2142 nuncupa-

40 2167 150 2207 tur.
194 2147 367 2205 Hunc
385 2150 533 2206 enim
561 2149 836 2213 Iamnium
854 2188 872 2214 ‚
912 2167 1046 2204 mox
1065 2143 1484 2225 Propanismum
1503 2148 1670 2204 Indus

42 2233 307 2312 appellat:
341 2228 567 2287 Parthus
600 2232 841 2306 primum
874 2228 1036 2285 castra
1072 2226 1206 2307 post1
1234 2225 1468 2287 Nifacen
1486 2228 1670 2286 edicit.

46 2319 210 2393 Syrus
229 2316 285 2369 &
304 2311 604 2369 Armenius
618 2309 872 2367 Taurum
897 2354 913 2377 ‚
946 2310 1149 2389 Scythae
1172 2308 1477 2368 Caucasum
1495 2332 1554 2368 ac
1572 2314 1670 2369 Ri-

46 2398 263 2476 phaeum
295 2434 312 2461 ‚
362 2396 682 2472 iterumque
706 2389 911 2466 inwfine
947 2396 1199 2451 Taurum
1234 2396 1669 2475 cognominant:

47 2481 258 2560 aliaque
279 2479 557 2556 complura
576 2491 769 2557 gentes
784 2472 914 2559 huic
920 2481 1062 2557 jugo
1080 2476 1273 2535 dedere
1294 2476 1467 2535 vocab
1478 2477 1574 2532 ula.
1597 2477 1670 2534 Et
1715 2477 1717 2479 ’

47 2562 252 2642 quiade
270 2565 386 2637 ejus
403 2560 817 2619 continuatione
837 2579 1005 2637 pauca
1038 2558 1333 2624 libavimus
1351 2600 1371 2631 ,
1403 2558 1467 2617 ad
1493 2563 1670 2619 Ama-2

47 2665 240 2718 zoneS,
257 2645 403 2705 unde
420 2639 1088 2728 divertirrxus,redeamus⁸
1501 2646 1503 2648 ’

1349 3007 1375 3022 -,
1454 2969 1677 3033 CAP.
