1888 3428
218 151 654 208 GOTTHICAE
695 150 1094 209 HISTORIAE
1134 151 1372 208 L1ss.11.
1519 158 1633 234 287
1700 192 1711 205 -,

32 233 248 291 bertum
276 252 478 312 magno
501 253 624 289 cum
655 234 887 296 exercitu
919 250 1285 309 cognoverant
1305 273 1321 298 ‚
1355 233 1558 311 gaudio
1576 257 1636 294 ac

28 315 116 394 spe
136 309 254 372 elati
272 355 288 380 ‚
321 315 471 369 nullo
493 312 540 371 se
560 316 791 393 negotio
806 312 1010 370 bellum
1039 307 1384 369 confee‘t'uros
1410 316 1634 374 arbitra..

29 395 241 454 bantur.
290 395 589 460 Germani,
625 398 754 453 dum
788 397 842 450 in
874 397 1095 473 Liguria
1130 395 1457 463 manebant,
1500 399 1634 457 nihil

28 479 179 557 quod
216 478 466 533 Gotthos
499 476 798 534 offenderet
824 484 1144 553 caeptavere'‚
1192 495 1249 533 ut
1280 478 1380 533 illis
1413 476 1635 551 finenti-

27 560 131 616 bus
160 560 365 616 Padum
389 560 677 639 transgredi
707 555 933 637 pofl'enta
982 561 1164 637 itaque
1188 558 1250 614 ad
1269 561 1452 615 Ticini
1471 567 1636 640 oppi-

25 641 156 699 dum
192 659 250 696 ut
274 664 466 698 venere
485 682 501 708 ‚
545 662 657 720 quo
693 643 748 696 in
781 641 906 696 loco
928 661 1068 717 pons
1086 658 1202 696 erat
1216 643 1344 697 olim
1366 643 1634 700 Romanis
1670 660 1674 663 ·

23 719 310 779 fabricatus
331 765 347 791 ‚
382 727 477 802 qui
502 724 565 781 ad
598 729 712 799 ejus
732 721 1028 779 custodiam
1050 721 1202 799 positi
1234 742 1383 780 erant
1405 724 1631 793 Gotthi,

22 824 141 862 tum
160 824 347 862 caetera
375 809 474 862 illis
494 803 774 862 commodi
799 801 949 862 fuere
969 846 986 870 ,
1018 823 1136 861 tum
1158 809 1342 883 pontis
1362 806 1633 865 concesse-

21 907 78 943 re
99 886 399 946 transitum.
441 889 623 944 Franci
644 905 809 965 ponte
828 884 1014 942 inseffo
1037 927 1053 954 ‚
1075 908 1214 965 quos
1232 887 1311 944 ibi
1330 908 1632 967 repererant

24 969 371 1026 Gotthorum
411 990 608 1048 pueros
657 965 988 1046 feminasque
1018 963 1350 1026 inter-ficiunt
1380 1011 1396 1031 ‚
1433 992 1635 1050 corpo-

21 1067 182 1130 raque
216 1057 358 1108 amni
395 1054 522 1108 dant
545 1092 561 1118 ‚
595 1053 853 1130 primitias
890 1050 1028 1108 belli.
1073 1054 1272 1130 quippe
1293 1051 1502 1110 barbari
1522 1055 1631 1116 illi,

22 1154 329 1211 quanquam
365 1131 732 1190 Christianum
765 1135 825 1188 in·
855 1154 1058 1189 nomen
1085 1131 1412 1212 transgreffi,
1459 1137 1630 1193 multa

19 1235 251 1271 retine-nt
270 1214 472 1292 pristini
493 1218 658 1272 moris
677 1255 694 1281 ‚
719 1213 1016 1293 hostiisque
1038 1232 1250 1271 utentes
1267 1215 1514 1275 humanis
1531 1259 1547 1285 ,
1570 1224 1627 1275 δε

19 1299 129 1353 aliis
148 1297 422 1374 sacrilegiis
439 1300 622 1375 potius
649 1317 809 1373 quam
841 1295 991 1353 sacris
1008 1337 1026 1363 ,
1062 1297 1185 1354 inde
1205 1315 1419 1376 captant
1437 1298 1625 1378 praesa-

17 1399 126 1457 gia.
169 1380 273 1434 His
309 1379 509 1435 Gotthi
546 1377 841 1455 conspeffis
872 1420 889 1446 ‚
938 1399 1134 1457 magna
1166 1400 1293 1437 cum
1327 1377 1625 1440 formidine

17 1458 277 1541 profugi,
313 1462 452 1516 intra
472 1462 672 1517 moenia
687 1458 735 1517 se
754 1462 999 1518 retulere.
1041 1465 1120 1528 At
1142 1463 1427 1532 Germani,
1449 1481 1508 1521 ut
1525 1470 1625 1521 Pa-

17 1544 151 1599 dum
172 1540 479 1599 transierant
493 1582 508 1608 ,
539 1546 594 1599 in
613 1542 959 1600 Gotthorum
978 1563 1169 1601 venere
1187 1545 1364 1602 castra.
1406 1547 1478 1603 Et
1497 1566 1623 1604 cum

16 1626 219 1704 gaudio
239 1629 438 1703 accepti
459 1666 476 1692 ‚
514 1625 643 1681 dum
663 1629 815 1703 pauci
835 1642 1015 1692 erant,
1047 1625 1233 1683 crediti
1251 1627 1314 1684 ad
1340 1626 1514 1697 socios
1531 1627 1622 1686 so-

17 1711 84 1763 cii
106 1704 317 1763 venifle.
359 1711 439 1762 At
460 1706 742 1784 postquam
762 1706 1025 1764 crescente
1044 1729 1274 1765 nurnero
1293 1709 1357 1767 acl
1375 1714 1485 1767 vim
1500 1731 1623 1770 ver-

17 1786 53 1844 fi
75 1787 256 1845 densas
266 1793 438 1863 jacere
455 1786 656 1845 secures
675 1810 873 1867 caepere
892 1829 910 1856 ‚
945 1788 1147 1846 Gotthi
1167 1791 1290 1847 dare
1309 1810 1455 1871 terga
1473 1831 1493 1857 ‚
1530 1814 1621 1850 ce-

15 1868 254 1949 leresque
299 1889 486 1948 praeter
520 1869 625 1949 ipsa
659 1873 1042 1948 Romanorum
1088 1870 1248 1929 castra
1298 1876 1619 1932 Ravennam

14 1971 214 2031 petere.
254 1953 494 2009 Romani
513 1957 582 2010 ita
603 1950 874 2032 fugientes
893 1951 1144 2011 Gotthos
1162 1954 1448 2035 conspicati
1471 1997 1487 2023 ,
1511 1960 1620 2014 Be-

12 2033 241 2091 lis-arium
259 2035 519 2112 putabant
550 2034 644 2092 fibi
665 2034 856 2093 venisse
874 2038 1071 2093 auxilio
1091 2078 1107 2104 ,
1151 2037 1420 2116 captisque
1441 2037 1620 2097 castris

15 2118 189 2192 ejeffco
207 2116 344 2174 hosti
368 2116 622 2173 insistere.
654 2139 781 2175 rcum
799 2119 1001 2175 νίἇὶοῐε
1020 2122 1185 2197 igitur
1204 2120 1384 2199 cupidi
1406 2118 1462 2178 *se
1484 2142 1620 2179 con-

9 2203 265 2277 jungere,
304 2202 465 2277 raptis
484 2202 643 2255 armis
678 2222 743 2256 eo
772 2197 1108 2258 festinabant.
1150 2202 1252 2260 Sed
1286 2219 1476 2281 praeter
1494 2206 1618 2283 opi-

15 2283 237 2337 nionem
257 2286 309 2337 in
330 2279 471 2358 ipsos
491 2280 669 2337 hostes
702 2282 862 2358 illapsi
884 2326 897 2349 ,
935 2281 1204 2359 insperatae
1224 2304 1415 2362 pugnae
1433 2287 1618 2365 impli-

14 2364 568 2442 cantur,⁴n]ultoque
602 2361 878 2422 inferiores
909 2368 965 2421 in
1000 2370 1290 2422 certamine
1306 2387 1430 2425 cum
1448 2371 1504 2425 in
1520 2389 1617 2443 ,ca-

15 2441 116 2500 stra
151 2467 393 2524 receptus
426 2466 541 2502 non
558 2446 771 2503 claretur
789 2489 804 2513 ,
843 2451 897 2504 in
914 2445 1205 2504 Thusciam
1222 2445 1351 2527 fuga
1370 2446 1419 2506 se
1437 2454 1617 2528 prori—

15 2530 170 2602 piunt
193 2549 207 2584 t
246 2536 298 2586 ὃ(
316 2525 597 2606 postquam
618 2530 673 2585 in
692 2548 815 2586 tuto
836 2528 1183 2591 constiterant
1203 2571 1220 2600 ,
1254 2552 1368 2588 rem
1387 2553 1616 2591 omnem

10 2607 598 2688 Belisariofignificant.
640 2613 823 2668 Franci
843 2630 1200 2692 utrorumque
1231 2614 1462 2672 vifitores
1479 2654 1498 2681 ,
1530 2613 1616 2672 bi-

13 2710 83 2746 na
102 2690 301 2751 deserta
330 2692 643 2750 hominibus
674 2697 838 2772 potiti
872 2692 1030 2752 castra
1049 2735 1063 2756 ‚
1099 2716 1351 2776 magnam
1370 2700 1427 2753 in
1456 2700 1530 2754 eis
1549 2697 1615 2767 ad

13 2773 219 2832 vifitum
241 2777 452 2852 copiam
472 2778 744 2833 invenere.
764 2775 852 2833 sed
869 2794 1154 2857 quaetantae
1174 2778 1464 2838 hominum
1480 2782 1617 2837 mul-

13 2854 233 2913 titudini
253 2878 365 2913 non
383 2858 473 2915 diu
492 2855 729 2915 suffecit:
766 2865 820 2916 ὃς
839 2880 965 2916 cum
984 2857 1247 2917 defeciffet
1265 2901 1282 2928 ,
1299 2910 1302 2920 ζ
1317 2861 1526 2918 nihilin
1557 2882 1614 2916 a·-

12 2937 123 3016 gris
152 2939 357 2999 cultore
378 2942 554 3003 vacuis
586 2958 775 3021 praeter
809 2940 980 3005 boves
1000 2947 1053 3000 ὃ(
1085 2943 1214 3002 Padi
1233 2964 1425 3022 aquarn
1452 2940 1615 3081 rega-

1543 3039 1617 3081 at·
