1888 3428
284 150 1286 225 DEREBrGET1c1S.
1509 142 1619 213 663

18 270 131 314 tere
149 293 165 321 ,
193 248 333 307 odiis
351 245 575 304 internis
604 238 821 298 elideret
840 278 854 299 ‚
885 227 1146 291 adserenS‚
1170 225 1216 283 se
1236 218 1476 300 Reipub.
1512 224 1628 294 ejus

20 337 280 396 amicitias
296 334 351 388 in
371 328 520 386 nullo
544 316 852 386 violare‚sed
873 328 1062 370 contra
1078 306 1488 365 Theodericum
1512 304 1630 358 Ve-

22 415 369 499 segotharum
391 429 574 490 regem
595 404 690 462 fibi
711 396 807 458 effe
829 412 1098 454 certamen
1117 431 1132 452 ‚
1148 387 1292 446 unde
1311 406 1436 442 eum
1456 384 1631 460 excipi

26 501 257 560 libenter
275 511 509 575 optaret.
553 490 604 546 C
609 504 763 547 aetera
779 478 1008 559 epistolae
1031 472 1234 531 usitatis
1252 467 1631 525 salutationum

28 580 413 642 blandimentis
431 573 742 653 oppleverat
761 609 774 629 ,
796 561 1015 619 studens
1033 555 1199 614 fidem
1216 548 1466 609 adhibere
1487 567 1640 602 men-

29 666 203 725 dacio.
232 664 350 718 Pari
365 660 527 716 etiam
545 651 713 711 modo
729 646 791 704 ad
808 665 988 724 regem
1004 633 1435 718 Vesegotharum
1453 627 1646 686 Theo-

29 747 268 807 dericum
303 744 460 822 erigit
491 737 742 814 scriptum
768 771 784 797 ,
836 728 1061 784 hortans
1097 739 1156 778 ut
1187 718 1214 775 ὲ
1246 718 1641 772 Romanorum

28 829 282 889 societate
299 822 586 883 discederet
616 858 631 884 ,
659 812 1042 888 'recoleretque
1060 803 1258 884 proelia
1286 840 1302 866 ‚
1337 817 1456 876 quae
1479 790 1660 873 paulo'

34 924 159 971 {nte
184 928 370 967 contra
404 924 529 962 eum
563 897 777 957 fuerant
811 895 1080 950 concitata
1098 885 1193 944 sub
1222 885 1390 940 nimia
1407 876 1644 934 feritate.

33 998 232 1053 Homo
250 986 454 1048 subtilis
470 1001 760 1061 antequam
780 978 920 1033 bella
936 988 1144 1054 gereret
1168 1009 1183 1036 ‚
1215 982 1325 1023 arte
1345 958 1642 1043 pugnabat.

34 1079 198 1135 Tunc
229 1071 638 1131 Valentinianus
674 1067 967 1140 imperator
987 1055 1051 1112 ad
1069 1044 1401 1130 Vesegothas
1420 1061 1649 1101 eorum-

39 1181 148 1239 que
168 1176 351 1236 regem
380 1150 789 1210 Theodericum
810 1145 865 1198 in
896 1140 976 1198 his
999 1135 1175 1195 verbis
1209 1133 1542 1211 legationem
1565 1123 1650 1180 di-

38 1243 188 1300 rexit.
234 1236 534 1296 Prudentiae
567 1229 744 1290 vestrae
774 1224 848 1283 est
869 1265 885 1291 ‚
930 1213 1213 1279 fortissime
1235 1215 1484 1293 gentium
1507 1249 1522 1274 ‚
1556 1204 1653 1262 ad-

42 1322 222 1383 versus
240 1319 389 1377 urbis
407 1313 707 1392 conspirare
726 1326 1036 1388 tyrannum,
1056 1303 1151 1380 qui
1172 1312 1324 1375 optat
1346 1290 1534 1350 mundi
1551 1310 1653 1367 gc-
1676 1288 1682 1293 ’

44 1405 224 1465 nerale
243 1402 441 1459 habere
475 1396 745 1456 servitium
769 1433 784 1459 ‚
826 1390 918 1467 qui
938 1383 1110 1443 causas
1133 1381 1305 1460 proelii
1332 1395 1445 1430 non
1467 1371 1654 1449 requi-
1719 1440 1721 1443 Ι

46 1492 115 1546 rit
132 1528 146 1549 ,
166 1485 251 1544 sed
271 1480 529 1563 quicquid
549 1471 876 1534 commiserit
897 1469 1001 1525 hoc
1022 1482 1173 1545 putat
1192 1459 1290 1519 effe
1320 1457 1655 1536 legitimum.

47 1569 341 1629 Ambitum
377 1564 530 1621 suum
562 1557 780 1617 brachio
816 1554 1073 1615 metitur,
1114 1544 1357 1623 superbia
1384 1538 1660 1595 licentiam

48 1652 230 1714 satiat3
263 1650 358 1729 qui
387 1653 475 1721 jus
493 1642 1055 1720 fasquecontemnens
1077 1670 1094 1696 ‚
1124 1625 1336 1683 hostem
1370 1618 1419 1676 se
1439 1616 1661 1675 exhibet

52 1753 253 1792 naturae
273 1730 613 1788 cunctorum.
660 1722 875 1779 Etenim
898 1731 1135 1771 meretur
1150 1707 1235 1764 hic
1256 1705 1472 1766 odium,
1492 1700 1663 1777 quiin

50 1835 348 1878 commune
369 1807 621 1868 omnium
643 1802 690 1860 se
706 1798 969 1880 approbat
988 1782 1666 1852 inimicumfiecordami-

53 1904 130 1965 ni,
145 1895 346 1977 quaes0‚
361 1891 511 1971 quod
532 1906 670 1947 certe
691 1906 805 1941 non
825 1876 1000 1961 potest
1019 1870 1283 1934 oblivisci.
1317 1867 1409 1925 Ab
1443 1864 1668 1921 Hunnis

51 1981 196 2040 casus
215 1976 288 2036 est
307 1970 565 2041 fusu8,sed
586 1967 739 2050 quod
757 1966 987 2046 graviter
1008 1961 1137 2038 agit,
1156 1951 1357 2012 insidiis
1376 1949 1487 2027 agit
1505 1964 1671 2023 appe-

12 2094 16 2103 ·
45 2069 232 2134 titum.
265 2058 447 2118 Vnde,
469 2073 528 2112 ut
547 2054 612 2111 de
633 2050 793 2109 nobis
812 2063 1102 2107 taceamuS,
1122 2035 1343 2118 potestis
1358 2030 1493 2088 hanc
1512 2027 1674 2085 inulti

54 2143 188 2205 ferre
209 2141 555 2221 superbiam?
599 2139 902 2192 Armorum
927 2143 1177 2207 potentes
1197 2161 1212 2185 ‚
1243 2115 1419 2174 favete
1440 2111 1676 2190 propriis

64 2226 348 2288 doloribus
369 2265 385 2291 ,
408 2228 462 2279 &
478 2213 1028 2291 communesjungite
1060 2223 1272 2262 manus.
1316 2191 1677 2255 Auxiliamini

61 2315 221 2370 etiam
243 2305 483 2385 Reipub.
512 2305 665 2374 cujus
686 2294 993 2354 membrum
1027 2289 1242 2345 tenetis.
1287 2285 1473 2348 Quam
1497 2275 1558 2333 {it
1577 2294 1677 2331 au-

34 2425 36 2427 ·
65 2413 176 2452 tem
197 2389 359 2464 nobis
393 2382 690 2465 expetenda
723 2380 803 2435 vel
840 2368 1186 2454 amplexanda
1206 2366 1460 2427 societas,
1492 2354 1676 2415 hostes

67 2464 662 2552 interrogate-consilia.
704 2463 809 2517 His
846 2467 898 2516 ἃ·
932 2454 1191 2514 similibus
1223 2451 1383 2527 legati
1428 2440 1680 2501 Valenti-

70 2560 214 2616 niani
250 2575 430 2633 regem
475 2565 794 2628 permovere
827 2538 1236 2599 Theodericum
1259 2573 1272 2586 .
1338 2525 1562 2595 Quibus
1595 2519 1681 2578 ille

34 2668 37 2672 ³
71 2637 381 2717 respondit3
415 2631 679 2694 ‘Habeti3,
702 2628 896 2705 inquit,
919 2621 1195 2680 Romani,
1241 2609 1562 2669 desiderium
1587 2623 1686 2661 ve-

26 2722 29 2724 *
72 2720 240 2778 strum
278 2741 292 2775 t
334 2713 531 2774 fecistis
567 2712 795 2770 Attilam
834 2715 886 2765 &
922 2703 1083 2761 nobis
1112 2696 1347 2756 hostem.
1391 2690 1685 2769 Sequimur

76 2805 227 2876 illum
249 2799 582 2879 quocunque
603 2794 874 2852 vocaverit
890 2830 907 2857 ,
944 2794 996 2844 &
1015 2783 1263 2863 quamvis
1281 2772 1498 2834 infletur
1517 2770 1581 2826 de
1600 2765 1686 2822 di-

54 2883 237 2946 ,verfis
268 2879 613 2959 superbarum
651 2877 898 2954 gentium
936 2865 1214 2929 νίἑὶοτέἱε,
1264 2873 1469 2916 norunt
1503 2865 1688 2908 tamen

80 2964 257 3025 Gothi
277 2960 570 3041 confligere
593 2979 717 3016 cum
747 2952 1005 3089 superbiIs.
1063 2945 1298 3006 Nullum
1318 2939 1519 2996 bellum
1541 2930 1693 3021 dise-

929 3036 942 3048 '
1006 3050 1028 3088 t
1069 3050 1107 3107 4
1595 3028 1698 3067 rim
