1888 3428
175 173 526 232 Has-rom
549 186 600 227 A!
638 167 1113 225 VANDALICAE
1152 164 1385 228 [1211.
1525 188 1609 249 ‘25

9 253 208 316 affeeto
221 261 329 331 jam
345 256 498 334 regni
516 271 657 310 anno
688 246 1037 308 duodecimO.
1083 249 1265 307 Frater
1285 249 1615 310 Trasamun-

9 340 111 397 dus
127 336 377 396 succeffor
393 340 442 393 ci
456 332 580 401 fuit,
595 330 1321 409 forma,ingeni0,animique
1340 339 1620 412 magnitu-

12 421 136 480 dine
155 421 432 479 e-xcellens.
464 415 796 474 Christianos
817 432 946 469 vero
962 412 1027 469 ad
1045 416 1281 491 patrium
1301 413 1398 470 fibi
1416 417 1619 494 dogma

10 499 302 559 transferre.
328 503 547 580 cupiens
564 539 583 566 ‚
617 516 732 557 non
751 498 804 554 vi
836 496 895 552 in
915 515 1142 575 corpora
1159 495 1369 553 incessit
1389 514 1449 553 ut
1468 502 1618 576 prio-

11 605 130 651 τες,
162 583 250 642 sed
283 583 519 641 honores
550 576 988 658 magistratusque
1018 578 1328 645 ostentans,
1378 582 1617 657 pecuniae

11 686 238 744 quoque
267 666 442 746 largus
458 704 477 731 ‚
516 659 938 741 inobsequentes
970 662 1066 738 qui
1090 658 1256 719 essent
1288 660 1436 723 noffe
1471 661 1622 719 diffi-

10 751 243 805 mulans.
273 753 404 825 quin
422 743 532 804 &fi
547 747 641 824 qui
656 762 746 810 aut
760 741 984 800 confilio
1002 760 1095 800 aut
1121 741 1347 804 fortuna
1363 743 1621 824 gravibus

9 829 212 893 delictis
226 827 273 887 se
293 829 711 908 implicuerant,
732 825 817 888 vhis
844 824 1043 883 sestam
1062 826 1402 884 mutantibus
1436 830 1626 904 impu-

10 914 232 970 nitatem
267 913 555 974 criminum
589 907 767 972 dabat.
814 905 1019 969 Amiffa
1054 914 1293 989 conjuge
1326 931 1426 967 nec
1456 911 1622 967 virilis

11 1013 106 1051 nec
124 992 396 1050 muliebris
417 992 590 1071 stirpis
607 1010 773 1048 matre
794 1030 810 1057 ,
844 989 1116 1050 firmando
1149 1013 1322 1072 regno
1342 993 1407 1051 ad
1424 990 1624 1050 Theu-

10 1073 282 1141 derichum
312 1078 481 1137 mittit
513 1072 860 1141 Gotthorum
881 1095 1064 1154 regem
1082 1118 1100 1140 ,
1136 1074 1377 1133 sororem
1397 1081 1513 1151 ejus
1532 1077 1623 1131 A-

0 1154 339 1219 'malafridam
374 1199 390 1221 ‚
427 1161 623 1216 marito
646 1172 894 1219 'mortuo
932 1177 1211 1227 vacuam,
1240 1160 1297 1214 in
1332 1161 1623 1220 matrimo-

11 1241 163 1296 nium
185 1239 281 1308 fibi
299 1240 611 1319 deposcens.
657 1239 1072 1296 Theuderichus
1094 1233 1148 1296 δε
1181 1238 1422 1298 sororem
1440 1244 1494 1299 ei
1513 1243 1625 1297 mi·-

12 1319 72 1376 fit
94 1359 113 1385 ‚
157 1326 210 1379 &
230 1321 296 1380 de
318 1322 585 1380 Gotthica
608 1321 899 1379 nobilitate
927 1321 1073 1378 mille
1101 1321 1348 1379 custodes
1380 1325 1624 1402 corporis

12 1400 104 1478 ipsi
121 1399 367 1472 futurOS‚
404 1426 547 1484 quos
567 1407 653 1461 alii
673 1445 690 1472 ‚
714 1403 859 1461 bello
875 1401 1079 1461 habiles
1097 1443 1115 1470 ,
1151 1404 1216 1462 ad
1235 1407 1476 1483 quinque
1497 1406 1624 1461 mil-

13 1484 76 1540 lia
93 1481 473 1563 sequebantur.
488 1490 700 1544 Dotem
724 1506 950 1566 quoque
966 1484 1136 1544 sorori
1154 1487 1303 1545 dedit
1319 1486 1622 1569 Lilybaeum
1678 1481 1684 1484 γ

13 1565 158 1645 quod
184 1588 354 1633 unum
382 1568 457 1624 est
488 1568 517 1624 e
546 1569 731 1631 Siciliae
764 1571 1179 1644 promontoriis.
1220 1569 1304 1624 Ex
1339 1589 1406 1624 eo
1427 1569 1622 1625 Trasa-

69 1647 241 1706 undus
277 1647 537 1706 omnibus
555 1653 649 1728 qui
669 1648 925 1706 Vandalis
951 1651 1346 1728 imperaverant
1369 1649 1622 1708 illustrior

13 1735 391 1812 potentiorque
411 1730 625 1789 habitus
646 1752 660 1786 z
694 1734 893 1810 quippe
912 1737 967 1788 &
987 1731 1265 1789 Anastasio
1297 1736 1623 1813 Imperatori

13 1815 274 1892 imprimis
299 1816 524 1873 amicus.
582 1815 713 1872 Hoc
746 1835 870 1893 rege
906 1814 1163 1872 Vandalis
1195 1834 1466 1893 quantum
1497 1837 1619 1873 non

15 1897 128 1952 alias
147 1898 268 1954 mali
298 1896 328 1955 a
349 1897 560 1956 Mauris
584 1900 795 1955 evenit.
814 1896 991 1954 Circa
1011 1898 1287 1977 Tripolim
1317 1897 1621 1955 habitanti-

15 1977 109 2035 bus
129 1979 335 2040 Mauris
349 1981 455 2039 dux
475 1998 588 2037 erat
608 1978 833 2046 Gabao,
871 1978 995 2047 belli
1017 2002 1193 2048 rerum
1215 1983 1420 2059 peritus
1437 2002 1495 2039 ac
1513 1980 1621 2039 sol-

15 2061 123 2117 {ers.
172 2064 280 2124 Hic
310 2064 586 2129 intellecto
624 2067 806 2124 venire
824 2062 1103 2128 adversum
1127 2063 1175 2126 se
1192 2063 1471 2121 Vandalos
1488 2104 1503 2129 ,
1528 2066 1621 2123 tali

15 2139 126 2211 usus
158 2143 232 2202 est
250 2165 595 2204 comment0.
640 2147 914 2204 Sectantes
949 2144 1000 2203 se
1028 2145 1180 2223 jussit
1211 2147 1370 2204 omni
1404 2149 1620 2223 injuria,

17 2227 158 2282 amni
186 2230 446 2306 cupedia,
486 2229 782 2287 mulierum
816 2247 1069 2308 praeterea
1105 2229 1497 2287 consuetudine
1519 2229 1622 2286 ab·

17 2304 204 2368 Enete.
240 2311 425 2369 Castra
439 2315 600 2369 etiam
620 2310 802 2370 statuit
818 2312 1211 2391 bina‚quorum
1231 2316 1287 2370 in
1305 2314 1481 2370 alteris
1498 2310 1625 2370 effet

24 2388 110 2469 pse
129 2411 253 2450 cum
275 2398 395 2452 viris
414 2436 431 2462 ‚
452 2397 628 2453 alteris
648 2396 902 2470 mulieres
928 2394 1143 2463 clausit,
1174 2399 1324 2476 gravi
1344 2395 1623 2475 proposita

19 2493 151 2535 2aena
193 2480 248 2555 in
297 2480 444 2536 viros
477 2480 572 2557 qui
607 2478 674 2536 ad
707 2476 1033 2537 feminarum
1070 2476 1234 2535 castra
1266 2479 1612 2536 accederent.

19 2554 178 2612 vliffis
195 2558 387 2622 deinde
407 2559 799 2640 Carthaginem
830 2561 1269 2639 exploratoribus
1287 2603 1305 2630 ,
1334 2563 1456 2618 talia
1475 2559 1622 2620 dedit

20 2657 262 2718 araecepta
298 2665 313 2699 ε
343 2641 380 2700 fi
408 2643 639 2707 Vandali
657 2646 716 2701 in
743 2645 1092 2722 expeditione
1113 2644 1381 2703 violarent
1400 2666 1458 2701 ea
1473 2662 1620 2702 tem-

21 2719 93 2795 ala
107 2722 527 2798 quaeChristiani
548 2745 871 2795 venerantur
888 2766 905 2793 ,
937 2726 1237 2806 spectarent
1256 2726 1410 2806 quod
1430 2724 1583 2785 fieret
1604 2745 1620 2780 t

23 2799 101 2858 ibi
122 2807 528 2888 autemdigreffi
543 2806 707 2867 ess'ent
719 2809 950 2869 Vandali
969 2851 987 2878 ‚
1005 2808 1101 2888 ipsi
1122 2812 1388 2868 contraria
1400 2808 1623 2867 Vanda-

24 2882 354 2972 prumfaffis
367 2895 420 2948 in
439 2894 635 2970 templa
653 2892 840 2950 eadem
853 2889 1121 2959 facerent:
1141 2892 1346 2957 addit0,
1367 2895 1620 2971 ignarum

24 2963 102 3037 'ibi
132 2988 298 3048 quem
326 2974 565 3043 colerent
581 2976 770 3044 Deum
794 2973 1108 3042 Christiani.
1150 2974 1406 3041 credibile
1434 2989 1622 3111 autfrssa

851 3058 896 3112 B
936 3072 960 3133 5
1546 3073 1561 3108 1
1602 3053 1618 3114 i
