1888 3428
198 195 311 251 Go
334 202 645 252 fTfltcAE
685 193 1075 248 His-ronna
1116 191 1421 250 L1ss.111.
1521 195 1635 273 387

26 293 185 333 vetus
212 275 521 356 adjungere.
562 281 639 332 At
660 273 885 352 Gepidae
912 275 1169 329 Sirmium
1194 293 1250 329 ac
1269 275 1467 331 Dacias
1500 295 1640 352 pene

25 378 220 414 omnes
253 358 486 416 invasere
521 399 538 425 ‚
585 356 900 432 simulatque
924 375 984 411 ea
1018 351 1340 410 Iustinianus
1372 357 1641 415 ademerat

27 438 294 508 GotthiS,
343 447 397 497 &
431 461 571 519 quos
591 439 663 495 ibi
684 455 985 515 repererant
1016 438 1402 494 Romanorum
1436 454 1640 496 traxere

26 524 270 600 captivos
287 566 301 587 ,
316 521 638 601 semperque
658 524 709 575 in
729 521 948 597 longius
968 516 1226 598 progreffi
1249 540 1414 575 omne
1433 521 1641 577 Roma-

24 625 161 659 num
181 608 467 684 imperium
507 601 1020 681 perpopulabantur.
1065 621 1229 680 quare
1260 621 1360 657 nec
1386 601 1645 680 stipendia

22 683 146 762 ipfis
167 688 302 743 ultra
322 685 572 765 persolvit
592 690 887 760 Imperator
905 725 922 750 ,
942 704 1062 762 quae
1083 686 1319 761 accipere
1342 682 1369 739 a·
1388 685 1643 741 Romana

23 767 299 846 republica
334 766 595 825 solebant.
639 769 716 820 At
735 768 930 822 Norici
950 765 1141 822 urbem
1175 771 1229 822 &
1249 766 1400 844 quod
1420 769 1474 822 in
1494 771 1640 823 Pan-

23 855 192 906 nonia
221 855 623 907 munitumerat
641 891 655 911 ,
692 851 935 926 aliosque
954 867 1204 926 praeterea
1223 868 1380 928 agros
1400 854 1453 906 &
1473 869 1643 925 pecu-

21 933 136 988 nias
164 931 535 1011 Langobardis
566 930 790 989 donavit
820 936 1137 1008 Imperator.
1184 935 1289 986 Per
1316 929 1425 990 baec
1453 932 1527 987 illi
1547 953 1645 988 ex·-

21 1015 112 1070 citi
132 1013 356 1093 patriise*
387 1012 597 1071 sedibus
616 1013 670 1068 in
702 1016 949 1069 citeriore
979 1011 1224 1069 Danubii
1244 1011 1292 1069 se
1325 1011 1551 1091 posuere
1573 1017 1648 1071 ri-

21 1115 88 1171 pa
107 1136 124 1162 ‚
160 1097 390 1174 Gepidis
409 1117 522 1152 non
543 1097 749 1173 procul.
786 1088 921 1152 inde⁸
938 1098 1234 1153 Dalmaticis
1257 1103 1312 1152 δε
1344 1097 1634 1174 Illyricum,

16 1176 306 1255 Epidamni
327 1179 564 1257 adusque
584 1176 719 1234 fines
742 1220 758 1244 ‚
774 1176 1149 1255 percursabant
1170 1219 1187 1245 ‚
1201 1181 1516 1257 multosque
1532 1176 1643 1235 ho-

17 1264 194 1317 mines
211 1264 266 1316 in
287 1264 651 1338 captivitatem
671 1259 1012 1317 abducebant
1033 1283 1047 1316 ε
1091 1281 1330 1339 quorum
1348 1281 1475 1316 cum
1497 1282 1639 1317 non-

17 1343 150 1399 nulli
184 1340 315 1422 fuga
345 1340 395 1399 se
429 1342 660 1400 domum
691 1340 982 1399 retulissent
1001 1383 1017 1410 ,
1049 1340 1469 1422 Langobardiin
1490 1362 1637 1421 quae-

16 1444 232 1504 cunque
266 1425 462 1484 vellent
478 1425 719 1483 Romani
739 1427 952 1503 imperii
985 1425 1102 1482 loca
1125 1465 1142 1494 ‚
1179 1425 1328 1482 velut
1353 1421 1531 1481 sociali
1543 1430 1636 1502 ju-

16 1526 72 1563 re
90 1547 107 1574 ‚
140 1524 481 1587 penetrantes
497 1548 513 1574 ,
540 1509 640 1565 illis
657 1527 913 1585 tanquam
933 1504 1177 1588 fugitivis
1194 1505 1297 1565 suis
1315 1506 1635 1580 injiciebant

17 1609 242 1646 manum
263 1630 280 1657 ‚
318 1611 521 1668 eosque
538 1589 567 1646 a
600 1607 883 1668 parentum
917 1591 1205 1668 complexu
1225 1587 1436 1649 avulsos
1452 1588 1635 1647 secum

15 1671 356 1728 retrahebant
376 1711 391 1732 ‚
414 1673 622 1729 vindice
645 1675 883 1727 nemine.
925 1675 1004 1727 At
1020 1673 1204 1727 Daciae
1223 1692 1401 1751 agrOS,
1424 1674 1518 1750 qui
1539 1676 1638 1729 cir-

17 1773 75 1810 ca
94 1752 461 1831 Singedonem
488 1794 506 1820 ‚
548 1758 894 1833 Imperatoris
925 1749 1176 1810 conceffu
1204 1755 1396 1811 Heruli
1416 1774 1637 1832 accepe-

17 1853 139 1892 rant
155 1876 172 1902 ,
208 1840 261 1891 &
282 1857 427 1892 nunc
446 1857 671 1915 quoque
693 1836 767 1892 ibi
786 1835 1026 1893 habitant
1045 1877 1064 1903 ,
1112 1853 1272 1915 atque
1292 1836 1420 1893 inde
1439 1839 1493 1893 in
1513 1839 1637 1915 llly-

16 1919 188 1974 ticum
219 1916 618 1997 Thraciamque
654 1936 944 1975 excurrunt
979 1959 996 1985 ,
1041 1937 1193 1998 rapto
1227 1920 1522 1998 plurimum
1553 1924 1640 1977 vi-

17 2017 218 2056 ventes·
263 2001 504 2078 deam
527 2022 718 2057 eorum
753 2008 805 2057 δέ
825 2002 1136 2077 Romanam
1166 2021 1366 2078 caepere
1385 2003 1633 2059 militiam

17 2084 156 2138 inter
173 2103 266 2138 eos
285 2087 376 2162 qui
398 2082 637 2139 Federati
656 2085 924 2139 dicuntur.
967 2084 1038 2138 Et
1057 2083 1256 2140 horum
1277 2081 1515 2163 ipsorum·
1536 2083 1635 2141 ho-

19 2168 227 2220 minum
246 2207 262 2233 ‚
294 2186 385 2243 per
402 2187 544 2244 quos
561 2168 823 2223 Romana:
844 2164 1067 2221 ditionis
1088 2169 1278 2245 populi
1294 2161 1417 2223 eum
1439 2172 1493 2223 in
1510 2188 1632 2223 mo-

18 2245 148 2303 dum
168 2249 487 2314 tractantur,
503 2248 664 2327 legati
685 2292 701 2312 ‚
734 2247 767 2302 fi
788 2247 1008 2324 quando
1029 2248 1350 2326 Byzantium
1377 2252 1628 2315 veniunt,

19 2327 194 2397 statim
217 2370 232 2391 ‚
262 2334 455 2387 annuis
473 2328 732 2409 quaeipsis
752 2329 1018 2387 debentur
1040 2334 1181 2387 ultro
1202 2329 1483 2410 persolutis
1500 2372 1517 2400 ‚
1543 2331 1631 2390 di-

19 2413 326 2469 mittuntur.
373 2415 455 2469 Sic
477 2410 686 2469 barbari
713 2412 1030 2469 Romanum
1049 2415 1338 2490 imperium
1358 2417 1537 2492 partiti
1555 2415 1634 2470 la·-

19 2494 288 2551 cerabant.
330 2493 457 2556 Post
495 2494 719 2573 Gepidae
742 2500 795 2552 &
826 2496 1171 2575 Langobardi
1205 2516 1264 2553 ut
1282 2501 1433 2576 queis
1451 2498 1632 2552 conti-

5 2574 324 2655 >guae'sedes‚
357 2580 747 2664 graviterinter
764 2574 812 2633 se
843 2576 1214 2636 discordarunt
1235 2619 1251 2644 ,
1281 2584 1388 2655 jam
1412 2578 1552 2636 odiis
1571 2581 1631 2635 in

19 2657 217 2716 bellum
233 2659 579 2741 turgentibus
598 2703 616 2729 ,
651 2661 1068 2739 praeliorumque
1087 2682 1286 2718 mutuo
1317 2662 1481 2718 avidis
1498 2701 1515 2728 ,
1557 2664 1632 2717 ita

19 2756 82 2797 ut
101 2746 154 2798 &
174 2764 366 2823 pugnae
391 2743 504 2801 dies
523 2744 921 2800 condiceretur.
963 2747 1043 2801 At
1059 2743 1442 2824 Langobardi,
1471 2745 1564 2822 qui
1580 2740 1631 2798 se

20 2825 246 2902 impares
265 2826 495 2905 Gepidis
514 2825 864 2884 multitudine
901 2825 1270 2904 praestantibus
1291 2825 1630 2904 judicabant,

20 2903 306 2966 Romanos
337 2907 736 2966 constituerunt
771 2907 836 2965 ad
864 2905 1173 2966 societatem
1196 2929 1404 2966 vocare.
1453 2907 1632 2981 Gepi-

21 2985 100 3052 dae
141 3010 268 3054 vero
284 3032 304 3066 ‚
337 2996 429 3074 qui
448 2995 558 3070 jam
578 3010 700 3052 ante
723 2987 877 3050 fedus
895 3012 1020 3048 cum
1043 2993 1306 3052 Romanis
1341 2987 1630 3048 habebant,

852 3074 896 3130 B
918 3071 953 3128 b
998 3093 1030 3129 z
1434 3087 1637 3148 rogan-
