1888 3428
177 172 591 234 H1sa-0R1ffi
630 171 1116 229 VANDALICAE
1172 173 1328 232 Lern.
1355 175 1398 229 I.
1500 192 1568 249 33

25 276 109 313 arn
128 252 481 333 pervenissent
500 297 513 319 ‚
532 257 640 326 jam
657 252 855 312 milites
872 251 1298 329 quadringentos
1322 259 1374 309 &
1398 251 1584 333 praefez-

40 358 133 394 um
166 338 430 414 Cyrillum
460 335 718 392 servandae
750 334 928 390 insulae
950 332 1300 413 destinaverat
1335 356 1349 389 ε
1386 336 1585 393 eodem

40 439 227 499 mpore
244 422 300 477 in
319 417 559 475 Africam
577 414 906 496 expeditioni
923 419 1199 481 intentus,
1221 414 1285 471 ad
1306 435 1468 492 quam
1489 419 1586 474 de-

28 523 86 560 es
103 504 245 561 mille
264 501 486 582 pedite8‚
505 503 710 578 equites
729 501 1018 576 quinquies
1037 498 1179 555 mille
1197 500 1389 575 partim
1414 495 1442 553 ἐ
1461 498 1586 564 suis¹>

20 577 173 651 artirn
211 584 240 640 ε’
267 583 521 641 federatis
539 578 924 657 conscripserat.
964 577 1329 636 federatorurn
1361 584 1589 637 nomine

43 669 80 724 li
103 667 233 723 olim
252 665 562 724 dicebantur
578 661 826 728 Barbari,
866 666 959 740 qui
994 683 1104 718 non
1125 659 1361 719 servilem
1381 666 1434 717 in
1457 684 1586 718 moa

23 771 132 816 um,
152 769 328 828 neque
350 752 492 803 enim
512 749 670 802 armis
687 744 835 810 vieti,
860 742 945 800 sed
967 747 1073 822 pari
1095 766 1217 800 cum
1242 743 1585 819 civibusjnre

41 831 75 886 b
91 834 374 910 imperium
396 846 644 886 venerant
662 868 686 894 ‚-
709 824 737 882 Ξι·
754 823 1026 883 federibus
1046 838 1163 905 quae
1185 830 1498 906 pepigerant
1515 826 1586 883 sie

18 916 262 971 ominati.
304 915 382 967 At
413 909 593 966 nostra
621 922 770 969 aetate
791 911 846 964 in
865 907 971 964 hoc
990 908 1196 965 nornen
1216 913 1394 966 venire
1414 930 1582 966 nemo

31 1011 224 1062 tatur,
254 1011 312 1050 ut
345 1013 466 1049 mos
503 991 577 1049 est
613 994 873 1067 temporis
902 994 1088 1048 nonin
1109 1013 1221 1069 quo
1242 994 1479 1068 primum
1498 1012 1586 1048 re-

48 1093 125 1148 rta
140 1075 259 1134 sunt
274 1073 424 1149 sensu
441 1074 702 1133 vocabula
718 1073 914 1130 servare
936 1115 952 1141 ‚
981 1074 1110 1131 dum
1133 1095 1230 1151 pro
1250 1072 1345 1130 suo
1365 1072 1588 1130 arbitra-
1669 1143 1671 1145 η

56 1180 136 1216 res
154 1158 586 1236 ipsasimmutant
605 1158 854 1214 homines
875 1197 891 1222 ,
910 1156 1107 1236 quibus
1130 1177 1199 1212 eze
1219 1159 1459 1235 primum
1479 1177 1586 1215 vo·-

29 1241 131 1297 bus
161 1259 476 1318 nuncupatae
509 1238 610 1296 fint
638 1237 1008 1296 niliilsolliciti.
1052 1244 1318 1295 Praeerant
1337 1235 1585 1296 federatis

39 1322 296 1380 orotheus
313 1362 330 1389 ‚
363 1325 631 1380 Armeniae
653 1323 925 1400 copiarum
946 1321 1053 1379 dux
1072 1360 1090 1386 ,
1129 1328 1182 1378 ὃς
1203 1323 1422 1377 Salomo
1442 1322 1589 1378 Beli-

34 1406 96 1460 rii
128 1408 194 1480 in¹
221 1403 456 1483 regendo
489 1409 720 1461 exercitu
755 1403 1002 1479 adjutor,
1038 1425 1201 1483 quem
1220 1403 1462 1460 Romani
1480 1402 1591 1460 do-

40 1484 257 1545 esticum
278 1502 473 1545 vocant
493 1480 713 1565 :‘(spado
735 1488 775 1542 is
795 1503 922 1551 erat,
946 1508 1061 1543 non
1078 1507 1172 1565 per
1188 1484 1478 1544 hominum
1498 1488 1588 1542 in·-

40 1571 169 1626 riam
201 1567 372 1623 faustus
396 1566 483 1622 sed
515 1566 632 1624 casu
661 1568 880 1628 ¹adverso
914 1589 1045 1633 cum
1070 1568 1313 1625 adhucin
1335 1570 1486 1623 cunis
1505 1564 1588 1624 es·-

31 1668 52 1707 t
69 1655 124 1722 z)
160 1667 405 1728 praeterea
426 1648 726 1727 Cyprianus
747 1690 766 1716 ‚
800 1649 1111 1705 Valerianus
1128 1688 1144 1709 ,
1165 1649 1459 1715 Martium,
1480 1648 1588 1704 Al*-

42 1752 144 1804 eas,
158 1737 407 1796 IoanneS,
428 1730 716 1809 Marcellus
738 1765 755 1795 >2
776 1732 890 1786 &is
908 1752 1073 1809 quern
1095 1729 1266 1787 modo
1283 1732 1589 1809 memoravi.

36 1808 236 1892 yrillus}
270 1815 532 1870 Romanae
561 1830 741 1869 autem
763 1813 959 1868 militiae
982 1831 1238 1890 praeerant
1255 1851 1274 1878 ‚
1309 1811 1589 1891 equitibus
1638 1890 1640 1892 „

36 1892 210 1952 ufinus
245 1900 297 1951 δε
330 1899 508 1975 Aigan
546 1895 710 1952 ambo
746 1892 774 1951 ἐ
810 1892 1041 1951 Belisarii
1078 1896 1250 1952 domo
1274 1937 1290 1963 ‚
1320 1893 1588 1951 Barbatus

17 1977 167 2034 einde
186 1983 239 2034 &
254 1981 465 2055 Pappus
487 2000 500 2032 ε
524 1976 833 2055 legionibus
852 1998 981 2034 vero
1004 1976 1337 2035 Theodorus
1358 2019 1374 2044 ,
1405 1978 1590 2034 Perfri-

19 2063 522 2138 atuscognomento
540 2101 555 2121 ,
574 2059 969 2137 Terentiusque
992 2066 1050 2116 &
1067 2060 1255 2117 Za'idas
1273 2066 1327 2116 &
1350 2061 1589 2117 Marcia-

19 2162 78 2197 us
111 2148 164 2198 δε
195 2144 418 2220 Sarapis,
457 2146 519 2197 In
539 2163 832 2199 commune
855 2161 1035 2199 autem
1052 2141 1133 2199 his
1153 2142 1413 2199 omnibus
1431 2143 1592 2222 pedi-

43 2245 109 2279 m.
128 2222 443 2279 dutstorib-us
479 2242 694 2302 praeerat
729 2223 992 2280 lohannes
1026 2265 1043 2290 ‚
1070 2217 1397 2303 >Epidainno
1434 2242 1594 2281 ortus

19 2324 138 2361 uam
172 2326 313 2361 nunc
352 2304 742 2384 Dyrrhachium
778 2325 990 2363 vocant.
1034 2309 1256 2363 Horum
1290 2328 1431 2385 quos
1448 2306 1591 2365 dixi-

38 2407 96 2442 us
127 2388 343 2443 Salomo
378 2409 441 2443 ex
476 2388 702 2444 Oriente
739 2408 847 2444 erat
881 2391 938 2444 in
979 2391 1179 2446 ultimis
1197 2406 1354 2445 natus
1370 2392 1591 2466 Imperii

19 2466 192 2533 nibu3‚
216 2469 306 2525 ubi
326 2491 469 2526 nunc
486 2470 750 2548 oppidum
773 2470 846 2527 est
864 2473 1033 2528 Daras
1063 2496 1074 2527 :
1109 2474 1292 2552 Aigai]
1330 2472 1363 2528 ἐ.
1394 2470 1592 2528 Massa*-

18 2567 222 2606 etarum
246 2569 369 2607 'erat
400 2572 561 2631 gente
580 2556 676 2631 qui
697 2573 841 2610 nunc
857 2554 1198 2610 Hunnorum
1223 2556 1446 2610 nomine
1466 2551 1592 2610 sunt

22 2633 232 2704 otiores,
285 2635 504 2690 Caeteris
522 2632 629 2691 fere
651 2637 706 2690 in
730 2635 960 2692 Thracia
978 2637 1193 2693 domus.
1225 2635 1590 2712 sequebantur

54 2713 279 2770 sHeruli
297 2714 708 2797 quadringenti,
742 2715 995 2795 praefefto
1027 2719 1211 2775 Phara,
1258 2721 1501 2774 Sexcenti
1524 2717 1589 2774 ad

20 2813 86 2850 oc
103 2797 369 2852 auxiliares
390 2797 622 2863 barbari2
640 2798 940 2879 Maffagetae
965 2808 1017 2857 ὃ(
1039 2801 1091 2858 hi
1117 2843 1132 2867 ‚
1159 2800 1415 2881 sagittarii
1434 2803 1589 2877 equi-

36 2895 60 2930 s
83 2911 102 2940 ,
138 2879 289 2955 queis
314 2899 576 2956 rpraeeramt
617 2884 806 2938 Sinnio
847 2889 898 2939 ὅ(
919 2885 1070 2940 Baias
1089 2887 1286 2941 virtute
1309 2904 1365 2939 ac
1391 2882 1590 2937 robore

48 2959 182 3023 imii.
222 2959 397 3025 Naves
416 2963 480 3022 ad
497 2962 964 3044 transportandum
991 2971 1283 3025 exercitum
1319 2968 1592 3042 quingen-

930 3048 999 3104 C
1478 3061 1540 3098 tae
1563 3056 1577 3096 a
