1888 3428
161 171 303 251 *⁷44
397 240 401 245 1
542 175 926 234 PRocoPn
987 173 1544 242 Casmenas-15
1633 258 1644 261 *-

219 255 359 312 tuita
383 253 683 334 capitmare
699 299 717 327 ‚
745 257 900 318 hoste
928 260 1165 340 caeloque
1198 266 1396 342 pariter·
1409 263 1608 323 infestis
1624 262 1645 332 ,'
1688 266 1818 346 quid

218 333 436 394 restabit
452 378 470 406 ‚
509 356 696 419 praeter
720 340 1153 421 intempestivam
1180 348 1545 425 paenitentiam
1565 353 1587 405 ?
1633 348 1822 417 Quare

219 415 290 475 fic
309 417 497 478 censeo
517 461 535 489 ‚
575 422 1005 484 exscendendum
1019 430 1129 502 jam
1147 448 1292 485 nunc
1306 470 1324 496 ‚
1357 430 1773 509 deducendaque
1792 430 1822 487 ἐ

219 500 449 564 navibus
467 525 611 563 arma
627 512 683 564 δε
700 528 874 586 equos
890 549 909 577 ,
951 513 1008 565 δε
1026 529 1144 589 quae
1162 511 1262 567 alia
1279 515 1396 571 vitae
1415 529 1508 569 aut
1526 514 1703 592 praelio
1726 532 1822 568 ne-

219 582 446 643 cessaria.
459 588 809 663 &Faciendam
824 589 1057 669 denique
1074 588 1261 652 foffam
1279 615 1337 651 ac
1355 595 1555 653 vallum
1575 596 1824 661 militare,

219 685 341 744 quae
360 667 523 726 nobis
541 669 643 727 lint
661 674 919 730 maenium
947 677 1149 744 vicem,
1185 677 1327 734 unde
1354 678 1500 734 velut
1520 697 1583 734 ex
1613 676 1819 755 oppido

217 746 276 803 in
294 747 496 808 bellum
517 753 861 830 prodeamus.
901 755 1054 813 Nihil
1068 752 1230 816 nobis
1248 758 1434 824 deerit,
1451 757 1488 815 fi
1507 762 1604 818 viri
1621 757 1820 815 fumus.

217 830 376 889 viffis
395 832 638 892 hostibus
652 875 670 904 ‚
690 835 869 894 nostra
885 857 1043 896 erunt
1060 880 1076 901 ‚
1109 861 1448 920 quaecunque
1465 841 1686 898 illorum
1703 837 1825 897 fue·
1860 847 1871 852 ‘

219 913 348 970 rint.
389 916 520 972 Mos
538 920 685 974 enirn
705 916 781 974 est
800 921 1036 981 vifftoriae
1054 962 1071 988 ‚
1104 925 1295 981 cuncta
1316 945 1429 1003 quo
1448 920 1497 980 se
1517 923 1723 982 dederit
1739 942 1822 979 ra-

218 1014 366 1072 pere.
408 1001 487 1054 Ita
505 1020 620 1057 non
639 1000 773 1057 salus
792 1019 1007 1060 tantum
1025 1045 1043 1070 ‚
1075 1001 1162 1063 sed
1181 1026 1362 1063 rerum
1381 1008 1631 1064 omnium
1670 1007 1825 1082 copia

217 1078 279 1133 in
297 1075 479 1136 vestris
507 1080 757 1139 manibus
792 1083 963 1163 polita
989 1085 1080 1142 est.
1123 1089 1258 1146 Haec
1284 1089 1378 1146 ubi
1397 1089 1597 1146 dixerat
1626 1085 1823 1143 Belisa-
1871 1112 1875 1115 ·

218 1159 331 1216 rius
360 1198 379 1227 ,
423 1157 575 1219 facile
605 1166 762 1221 traxit
791 1166 923 1222 alios
951 1210 967 1232 ‚
1012 1165 1300 1249 statimque
1335 1170 1517 1227 soluto
1548 1186 1825 1227 conventu

220 1238 488 1299 exscenfio
507 1248 563 1301 in
593 1263 787 1302 terram
805 1244 945 1303 fa8ca
978 1247 1052 1304 est
1072 1289 1090 1315 ‚
1134 1256 1295 1309 tertio
1316 1274 1478 1329 quam
1511 1251 1539 1306 Ξι
1563 1253 1825 1329 Byzantio

218 1318 490 1381 solverant
521 1326 721 1384 mense.
748 1328 1102 1390 .M0nstratur
1136 1333 1165 1389 ὲ
1189 1332 1438 1390 Belisario
1472 1335 1623 1390 locus
1657 1353 1825 1412 quem

214 1401 392 1478 juncti
413 1408 609 1465 milites
637 1431 696 1466 ac
712 1428 887 1467 nautae
916 1408 1048 1469 foffa
1065 1416 1318 1494 valloque
1337 1419 1691 1480 circumeant,
1735 1435 1826 1471 ce·-

218 1485 318 1541 leri
336 1507 499 1568 opere
516 1512 611 1570 per
627 1510 713 1549 tot
730 1491 1021 1552 hominum
1055 1516 1245 1556 manus
1265 1540 1281 1566 ‚
1312 1520 1442 1577 quas
1473 1504 1526 1556 δε
1562 1516 1738 1554 metus
1756 1494 1825 1553 ab

219 1564 395 1636 hoste,
417 1578 472 1631 δε
493 1575 550 1628 in
568 1573 763 1630 ducem
782 1574 1106 1654 obsequium
1125 1579 1439 1647 incitabant,
1460 1585 1532 1636 ita
1555 1597 1613 1635 ut
1639 1581 1824 1635 omnia

221 1667 338 1705 uno
357 1652 441 1709 die
462 1654 673 1731 pera6ta
694 1653 796 1711 fint
812 1695 828 1721 ,
848 1653 979 1714 fossa
996 1700 1014 1727 ‚
1029 1661 1227 1722 vallum
1246 1703 1265 1731 ‚
1285 1666 1408 1719 &in
1426 1660 1632 1718 ambitu
1650 1659 1825 1718 sudes,

220 1730 335 1787 Res
354 1737 486 1791 mira
505 1738 644 1793 inter
662 1734 986 1796 fodiendum
1006 1740 1109 1801 visa
1128 1783 1144 1807 ‚
1190 1765 1327 1823 aqua
1359 1735 1420 1801 ex·
1439 1743 1611 1801 humo
1640 1764 1825 1800 erum-

223 1832 358 1891 pens
375 1856 392 1884 ,
408 1819 599 1897 ignota
613 1816 874 1877 haetenus
896 1819 1170 1883 ficiculofis
1184 1827 1249 1884 ad
1266 1829 1550 1905 Byzacium
1564 1827 1616 1881 lo
1625 1829 1714 1881 cis.
1746 1826 1824 1880 Ea

222 1912 424 1971 potum
442 1899 756 1959 hominibus
772 1904 1238 1988 animantibusque
1257 1906 1467 1967 abunde
1483 1906 1727 1986 praebuit.
1740 1911 1824 1964 At

220 1981 523 2060 Procopius
538 1980 786 2042 Belisario
806 2006 924 2042 eam
945 2007 1058 2047 rem
1077 1992 1372 2069 gratulatus
1389 2032 1405 2059 ‚
1437 1989 1639 2048 addidit
1656 2031 1672 2058 ‚
1706 2010 1823 2048 non

224 2075 443 2118 tantum
462 2061 582 2120 usus
603 2063 750 2124 causa
767 2067 834 2125 de
849 2090 986 2148 aqua
1003 2091 1210 2150 reperta
1227 2072 1276 2129 se
1294 2073 1547 2153 gaudere,
1563 2070 1650 2130 sed
1668 2071 1821 2151 quod

223 2139 546 2221 significatio
569 2146 752 2206 inesset
769 2171 883 2206 non
903 2152 1178 2214 laboriosae
1194 2157 1428 2212 victoriae
1441 2196 1458 2222 ,
1480 2154 1606 2212 dato
1624 2154 1821 2213 divini-

223 2239 316 2281 tus
333 2230 535 2284 omine.
581 2232 905 2310 Sequentem
924 2237 1145 2294 noctem
1158 2243 1298 2297 intra
1311 2237 1470 2295 castra
1485 2237 1682 2294 milites
1700 2257 1822 2315 ege-

224 2326 318 2374 re,
343 2306 639 2386 dispositis,
682 2332 743 2371 ut
769 2335 893 2372 mos
911 2320 1144 2377 militaris
1178 2319 1372 2387 habet,
1409 2317 1680 2377 excubiis:
1724 2317 1820 2374 nifi

223 2390 379 2466 quod
400 2391 697 2472 sagittarios
713 2400 910 2474 quinos
927 2403 982 2456 in
999 2423 1132 2462 nave
1151 2422 1471 2481 unaquaque
1490 2422 1706 2459 manere
1724 2420 1820 2456 cu-

223 2470 409 2532 stodiae
450 2473 597 2531 causa
630 2479 799 2536 voluit
830 2480 1137 2541 Belisarius:
1182 2486 1476 2544 dromonas
1507 2501 1687 2541 autem
1715 2486 1819 2539 cir-¹

225 2572 352 2613 eum
384 2553 590 2612 classem
620 2560 816 2618 vectari
842 2568 895 2619 &
925 2563 1126 2623 servare
1161 2589 1229 2624 ne
1262 2569 1382 2645 quis
1409 2565 1473 2622 ad
1506 2568 1816 2626 nocendum

223 2636 516 2696 accederet.
557 2640 770 2698 Postera
785 2644 892 2710 die,
908 2666 1032 2705 cum
1050 2650 1241 2706 milites
1260 2652 1316 2705 in
1334 2669 1491 2728 agros
1506 2647 1554 2706 se
1572 2651 1819 2725 injicien-

225 2735 307 2777 tes
337 2741 529 2778 eorum
546 2717 811 2783 fructibus
830 2725 995 2786 semet
1023 2728 1377 2795 exsatiaffent,
1417 2752 1675 2789 erronum
1694 2744 1836 2787 cor—⁴

223 2802 448 2880 poribus
468 2807 668 2882 punitis
682 2846 698 2871 ‚
741 2826 958 2867 caeteros
976 2815 1030 2867 in
1049 2818 1371 2869 concionem
1402 2831 1622 2871 vocatos
1642 2811 1815 2873 verbis

225 2890 476 2943 correxit.
518 2889 589 2943 Vi
609 2927 626 2953 ‚
653 2891 830 2966 inquit
850 2934 866 2958 ,
901 2894 1069 2950 aliena
1093 2914 1277 2973 rapere
1295 2896 1407 2954 aliis
1426 2897 1647 2973 quidem
1671 2915 1814 2952 tem-2

1866 774 1869 776 ⁵

1881 835 1888 951 ἒ

1882 953 1888 1082 ἰ

1882 1284 1888 1322 ξ

1882 1327 1888 1420 ἒ

1881 1423 1888 1506 2

1881 1518 1888 1600 ἒ

1881 1601 1888 1689 l

1880 1889 1888 1988 i

1880 1992 1888 2129 ff

225 2965 451 3050 poribus
467 2965 630 3031 solam
651 2972 922 3058 injustitijae
943 2977 1153 3058 culpam
1169 2975 1347 3036 habet.
1388 2997 1532 3037 nunc
1549 2971 1679 3039 vero.
1692 2981 1827 3033 tanss
1856 2987 1865 2990 ⁷

1693 3076 1813 3117 tum
