1931 3428
325 147 656 202 LIBER
734 131 1243 188 Tntssrrvs.
1496 120 1611 192 807

48 237 170 293 iunt
197 226 380 288 subter
414 229 467 281 δε
501 223 654 279 aliam
688 215 793 274 hoc
825 209 1039 290 signum
1056 205 1381 262 habentem,
1425 202 1520 277 qui
1554 203 1610 256 &

29 315 172 397 psam
192 308 334 388 juffit
367 301 579 364 auferri.
626 304 754 370 Qua
772 309 983 356 amota,
1007 283 1607 365 reperiunt&tertiarn.

7 396 250 478 'uffuque
285 398 401 468 ejus
433 408 556 444 cum
591 384 698 442 haec
721 373 896 437 fuiffet
927 371 1126 435 ablata,
1168 368 1457 424 inveniunt
1490 383 1611 418 ma-

51 501 184 540 num
204 474 507 534 thesaurum
529 510 546 537 ,
579 466 868 524 habentem
889 454 1042 532 supra
1058 449 1204 506 mille
1222 450 1333 502 auri
1355 462 1610 501 centena-

7 568 102 624 ria.
152 558 547 633 Sublatumque
591 567 777 606 aurum
821 532 1147 619 pauperibus
1202 528 1378 586 adhuc
1430 524 1608 582 abun-

47 646 415 720 antius,quam
438 625 1047 701 consueveratdargitur.
1061 609 1253 673 Narses
1273 628 1498 689 quoque
1518 627 1612 684 pa-

35 731 190 785 ricius
218 724 373 781 Italiae
394 761 410 787 ‚
445 738 570 776 cum
605 717 658 770 in
680 706 910 789 quadam
944 703 1156 759 civitate
1178 732 1193 758 ‚
1226 697 1364 751 intra
1382 689 1610 753 Italiam,

47 828 242 867 omum
278 821 529 882 magnam
573 793 791 852 haberet
819 828 836 853 ,
881 805 1006 843 cum
1043 780 1228 839 multis
1257 773 1515 832 thesauris
1548 770 1614 826 ad

35 911 162 971 upra
181 875 740 945 memoratamurbem
761 871 993 929 advenit.
1037 863 1228 942 Ibique
1247 862 1303 915 in
1323 857 1494 914 domo
1524 850 1614 909 sua

10 973 224 1032 occulte
243 967 522 1026 cisternam
553 976 806 1038 magnam
824 949 968 1030 fodit
987 991 1004 1017 ,
1047 950 1104 1004 in
1123 963 1230 1022 qua
1259 941 1429 997 multa
1451 934 1616 992 millia

8 1053 440 1115 centenariorum
473 1048 586 1101 auri
615 1040 929 1119 argentique
972 1025 1233 1109 reposuit.
1288 1014 1618 1079 Interfeffis-

12 1159 119 1218 que
138 1131 398 1192 omnibus
417 1124 639 1186 consciis
659 1163 675 1189 ,
723 1121 817 1177 uni
833 1109 1225 1177 tantummodo
1243 1105 1354 1164 seni
1371 1103 1501 1169 haec,
1521 1118 1617 1179 per

7 1225 417 1298 juramentum,
438 1209 503 1268 ab
536 1228 602 1265 eo
624 1207 843 1282 exigens
862 1239 876 1260 ‚
920 1190 1341 1254 commendavit.
1393 1180 1620 1242 Defun-

13 1304 107 1362 ἃο
139 1320 269 1359 vero
288 1292 511 1355 Narsete
530 1335 544 1356 ,
578 1285 921 1366 supradicstuS.
934 1280 1090 1335 senex
1118 1273 1183 1330 ad
1218 1267 1482 1328 Caesarem
1511 1264 1621 1319 Ti-

12 1386 229 1444 berium
251 1380 493 1441 veniens,
513 1373 645 1430 dixit
667 1392 679 1424 :
703 1371 776 1435 Si,
795 1365 991 1442 inquit,
1012 1357 1144 1416 mihi
1162 1351 1362 1432 aliquid
1383 1343 1639 1427 prodest,-

17 1485 276 1546 magnam
294 1481 405 1519 rem
422 1456 523 1516 tibi
542 1449 714 1511 Caesar
729 1450 923 1508 dicam.
943 1444 1052 1501 Cui
1069 1440 1155 1498 ille
1175 1460 1188 1493 :
1206 1437 1338 1499 Dic,
1357 1435 1450 1499 ait,
1467 1425 1621 1507 quod

19 1553 121 1609 vis.
166 1544 404 1627 proderit
449 1541 593 1599 enim
629 1533 729 1591 tibi
767 1571 784 1598 ‚
838 1528 873 1586 si
906 1525 1040 1606 quid
1078 1520 1240 1579 nobis
1268 1511 1623 1594 profuturum

19 1628 122 1691 effe
160 1629 468 1686 narraveris,
514 1614 891 1676 Thesauru-m,
927 1608 1135 1685 inquit,
1176 1596 1412 1659 Narsetis
1444 1593 1621 1650 habeo

21 1711 391 1775 reconditum.
435 1701 588 1784 quod
607 1704 662 1755 in
683 1713 926 1753 extremo
946 1692 1065 1749 vitae
1087 1682 1290 1765 politus
1320 1678 1486 1735 celare
1508 1693 1625 1729 non

26 1792 257 1880 possum.
300 1793 464 1847 Tunc
499 1780 673 1841 Caesar
706 1780 761 1834 T
766 1776 964 1834 iberius
980 1766 1188 1851 gavisus
1213 1806 1230 1833 ‚
1259 1764 1426 1823 mittit
1460 1754 1628 1834 usque
1693 1826 1702 1828 μ

24 1879 92 1939 ad
109 1879 293 1935 locum
313 1891 510 1951 pueros
526 1865 649 1925 suos
666 1893 683 1924 ς
716 1857 1103 1939 praecedentem
1121 1867 1250 1905 vero
1269 1845 1447 1901 senem
1468 1839 1523 1895 hi
1547 1835 1631 1894 see.-

37 2310 252 2351 morem
283 2284 599 2364 erogatione
642 2269 880 2354 largiflua
910 2261 1222 2345 dispensavit
1256 2256 1463 2338 egenis·
1524 2252 1638 2306 Hic

41 2392 167 2432 cum
198 2367 550 2449 Augustalem
581 2375 841 2417 coronam
861 2365 1176 2427 accepturus
1194 2341 1318 2407 effet
1339 2379 1355 2406 ,
1397 2351 1641 2412 eumque

34 2464 191 2536 juxta
207 2446 652 2510 consuetudinem
683 2437 747 2497 ad
764 2433 1119 2516 spe&aculum
1138 2429 1260 2485 circi
1280 2422 1512 2503 populus
1545 2435 1641 2470 ex-

41 2536 300 2618 spe&aret
317 2574 333 2601 ‚
350 2530 559 2590 infidias
577 2529 624 2581 ei
643 2538 936 2603 praeparans
958 2557 975 2583 ‚
1008 2530 1068 2570 ut
1085 2508 1403 2568 Iustinianus
1418 2541 1434 2568 ‚
1453 2495 1642 2577 Iustini

42 2635 305 2699 nepotem
325 2657 343 2685 ,
359 2614 423 2672 ad
440 2611 755 2691 dignitatem
774 2599 1176 2680 Imperatoriam
1193 2589 1500 2648 sublimaret
1517 2620 1535 2647 ‚
1557 2579 1643 2635 ille

45 2702 270 2780 perloca
280 2697 454 2755 saneta
468 2684 938 2772 priusprocedenS,
951 2678 1142 2738 dehinc
1157 2685 1351 2731 vocato
1365 2666 1429 2723 ad
1441 2661 1490 2722 se
1503 2668 1646 2720 Pon-

47 2780 195 2841 tifice
214 2781 361 2837 urbis
379 2819 395 2843 ,
428 2796 552 2834 cum
583 2765 893 2829 consulibus
915 2784 974 2820 ac
1001 2755 1266 2819 Praefectis
1286 2751 1546 2809 Palatium
1562 2745 1648 2799 in-

52 2860 275 2944 greffuS,
289 2861 511 2918 indutus
528 2873 780 2934 purpura,
800 2848 1097 2906 diademate
1117 2839 1429 2898 coronatus,
1446 2826 1649 2885 throno

56 2945 316 3027 imperiali
342 2937 623 3022 impositus
642 2977 660 3008 ‚
695 2954 817 2993 cum
834 2924 1122 2988 ‘immensis
1148 2919 1393 2981 laudibus
1428 2915 1483 2969 in
1503 2906 1655 2985 regni

152 3029 155 3032 ’
847 3013 894 3071 E
910 3032 936 3069 e
952 3031 980 3068 e
1020 3028 1061 3085 4
1490 2989 1664 3070 gloria.
