1888 3428
274 171 715 229 GoTancAE
755 163 1104 225 HISTORI
1128 186 1178 222 Ε
1216 169 1458 227 L1B.11.
1544 193 1658 247 299

40 252 374 334 *speculantes
392 264 573 311 autem
594 253 824 308 fortunae
844 251 1053 304 exitum
1073 288 1090 313 ‚
1109 247 1233 305 inde
1251 255 1521 309 calumniae
1542 275 1659 322 rna-

45 341 235 395 teriam
270 356 520 416 quaerere.
567 334 721 390 Scitis
754 329 888 410 quid
922 329 988 387 de
1020 329 1169 386 bello
1206 328 1450 390 finiendo
1483 333 1655 394 visum

42 423 356 499 Imperatori
393 459 411 485 ‚
451 417 582 496 quid
610 417 785 493 Vitigi
822 413 1098 491 placuerit.
1144 415 1198 469 Si
1217 414 1404 472 eadem
1422 414 1577 472 vobis
1592 439 1655 474 ex

42 501 138 559 usu
159 500 426 567 videntur,
445 500 635 556 ordine
654 493 879 576 quisque
900 495 1076 552 dicite.
1108 495 1260 572 quod
1280 493 1314 551 fi
1331 499 1534 553 Italiam
1553 519 1656 575 pu—

41 587 164 641 tatis
200 581 600 640 ornnem'reddi
619 575 761 659 posse
782 579 1049 634 Romanis
1064 578 1225 634 rebus
1242 621 1257 642 ‚
1290 577 1656 657 debellarique

39 664 250 723 hostem
271 707 288 733 ‚
316 667 448 744 quin
481 663 535 720 id
553 682 776 740 quoque
795 679 973 738 aperte
990 657 1271 717 edifferatis
1290 703 1305 725 ,
1338 660 1468 717 nihil
1489 680 1651 718 vetat.

36 749 172 806 Haec
191 751 411 805 elocuto
428 743 677 802 Belisario
694 763 889 800 omnes
907 740 1143 800 disertim
1162 741 1361 805 dixere,
1382 746 1654 822 optimam

36 827 136 887 effe
156 830 499 908 Imperatoris
517 822 833 883 sententiam
871 847 885 880 z
920 846 1018 881 nec
1050 826 1186 881 ultra
1204 829 1389 881 noceri
1407 824 1651 883 hostibus

35 909 202 992 posse.
244 909 452 991 gavisus
483 907 590 965 hoc
622 910 840 965 illorum
873 905 1133 964 consensu
1180 905 1456 964 Belisarius
1484 913 1649 966 etiam

33 993 283 1073 perscribi
300 992 475 1051 voluit
493 1031 511 1058 ,
543 1012 610 1048 ne
630 987 853 1048 facultas
871 991 1102 1070 negandi
1130 986 1253 1046 effer
1274 992 1329 1045 in
1349 988 1648 1069 posterum.

31 1081 212 1155 itaque
229 1073 425 1154 scripto
446 1072 618 1130 testati
634 1072 776 1140 sunt,
794 1070 938 1129 bello
957 1072 1133 1129 hostes
1151 1069 1380 1151 superari
1403 1076 1648 1152 nequire.

29 1160 166 1215 Haec
184 1175 334 1215 erant
352 1176 470 1236 quae
488 1156 755 1216 Romanis
778 1159 832 1211 in
852 1155 1027 1211 castris
1044 1153 1357 1233 agebantur.
1396 1159 1475 1212 At
1493 1156 1648 1213 Got-

31 1240 110 1297 thi
133 1238 275 1297 farne
293 1237 448 1317 preffi
468 1260 565 1294 nec
585 1240 721 1295 ultra
741 1259 891 1316 pares
909 1234 1134 1293 ferendo
1157 1238 1301 1292 malo
1322 1278 1340 1303 ,
1363 1237 1560 1316 Vitigis
1586 1236 1651 1299 ut

29 1319 354 1380 infortunati
384 1322 671 1399 imperium
703 1319 1063 1400 gravabantur
1084 1360 1101 1385 ‚
1132 1340 1244 1397 quo
1267 1323 1444 1375 minus
1464 1339 1645 1376 autem

29 1405 348 1483 Imperatori
365 1400 415 1459 se
431 1402 700 1459 traderent
718 1422 828 1459 uno
847 1399 1252 1458 abstinebantur
1270 1419 1438 1467 metu,
1461 1421 1528 1457 ne
1546 1399 1643 1458 sub

28 1492 142 1563 ejus
158 1488 302 1566 leges
323 1485 520 1542 redacti
553 1484 803 1542 excedere
830 1485 978 1540 Italia
1004 1490 1056 1541 &
1073 1479 1353 1540 transferre
1372 1481 1519 1540 sedes
1535 1486 1644 1563 By-

29 1573 268 1630 zantium
322 1585 665 1647 cogerentur.
724 1586 888 1645 quare
929 1571 984 1622 in
1033 1565 1273 1622 medium
1309 1563 1643 1632 consultam,

29 1650 376 1709 Gotthorum
397 1647 652 1726 potiffimi
685 1668 868 1727 regem
899 1646 1214 1705 Occidentis
1231 1644 1540 1707 Belisarium
1557 1649 1642 1705 di·-

26 1738 145 1790 c'ere
177 1736 453 1812 optimum
482 1728 629 1788 factu
666 1727 878 1787 censent
909 1754 922 1787 :
959 1726 1222 1808 missisque
1241 1728 1639 1786 clamhornini-

26 1814 130 1872 bus
167 1816 376 1872 idoneis
404 1832 562 1870 orant
596 1834 663 1870 ne
685 1811 1151 1892 semetindignum
1170 1815 1400 1888 imperio
1417 1812 1641 1884 judice-n

10 1897 278 1954 .Cun&cos
308 1894 460 1970 juffis
492 1902 606 1972 ejus
640 1898 927 1973 parituros,
970 1900 1045 1951 At
1074 1892 1350 1949 Belisarius
1369 1897 1639 1974 principa-

23 1998 143 2040 tum
174 1979 271 2036 fibi
304 1999 551 2057 arrogare
584 1980 929 2057 Imperatoris
960 1973 1264 2033 inconcess'u
1298 1974 1636 2056 defugiebatg

21 2065 357 2141 tyrannicum
380 2059 583 2118 nomen
604 2057 792 2117 exosus
813 2101 829 2126 ,
862 2058 1276 2134 &jurejurando
1297 2057 1636 2137 exquisitissi-

21 2166 119 2201 mo
138 2146 455 2222 Imperatori
479 2142 753 2222 obligatus
774 2141 904 2198 nihil
922 2139 1033 2221 ipso
1054 2138 1328 2220 superstite
1347 2143 1527 2198 moliri
1549 2163 1634 2198 re·-

20 2247 142 2284 rum
174 2246 458 2283 novarum.
504 2226 605 2282 Sed
642 2244 699 2281 ut
737 2223 975 2282 oblatam
1008 2221 1347 2280 occasionem
1381 2227 1438 2280 in
1476 2222 1632 2281 usum

19 2306 327 2389 praesentem
346 2315 617 2372 ver-teret,
649 2308 878 2386 praetulit
897 2350 910 2370 ‚
932 2305 1143 2383 probari
1165 2303 1258 2362 fibi
1280 2304 1630 2367 Gotthorurn

18 2393 274 2471 cogitata.
314 2389 467 2470 quod
502 2410 625 2446 cum
655 2392 856 2468 Vitigis
889 2385 1222 2444 intellexisset
1242 2429 1259 2454 ,
1295 2393 1634 2466 perterritus,

18 2473 153 2531 dixit
173 2472 422 2538 Gotthi-s,
436 2476 643 2551 optime
662 2492 757 2528 eos
774 2470 1046 2528 consulere
1070 2468 1287 2548 publico
1308 2512 1325 2538 ‚
1344 2473 1477 2528 clam
1500 2492 1630 2529 vero

19 2560 76 2615 &
112 2553 218 2634 ipse
252 2552 559 2614 Belisarium
591 2553 839 2611 hortatus
856 2551 928 2609 est
949 2555 1304 2632 principatum
1329 2571 1387 2610 ut
1406 2550 1634 2632 capeffe-

17 2656 115 2704 ret,
129 2636 399 2695 obstituro
420 2640 656 2693 nemine.
690 2638 842 2694 Tum
862 2635 1045 2691 denuo
1066 2637 1244 2692 accitis
1256 2633 1535 2693 Belisarius
1553 2640 1632 2694 le-

15 2723 153 2798 gatis
169 2719 462 2787 Iustiniani,
481 2719 793 2797 ducumque
814 2720 1015 2796 primis»,
1037 2719 1413 2797 percunfiatus
1431 2717 1504 2775 est
1523 2759 1540 2786 ‚
1560 2739 1628 2777 an

17 2822 195 2879 operae
215 2806 445 2879 pretium
467 2800 588 2880 ipsis
607 2801 878 2859 videretur
899 2799 1146 2858 Gotthos
1177 2821 1369 2857 omnes
1390 2821 1514 2857 cum
1526 2804 1627 2858 Vi-.

16 2884 130 2963 tige
146 2882 289 2940 bello
309 2904 512 2962 capere,
531 2905 612 2941 res
631 2904 823 2939 eorum
845 2885 899 2938 in
918 2882 1146 2961 praedam
1167 2904 1344 2962 agere,
1363 2883 1624 2960 imperio-

13 2985 122 3045 que
151 2966 413 3025 Romano.
434 2963 707 3026 restituere
731 2966 950 3026 Italiam.
992 2964 1239 3026 Vni-(ersi
1270 2966 1549 3045 egregium
1570 2960 1626 3018 id

1459 3063 1623 3120 opuS,
