1888 3428
262 162 377 240 384
600 157 990 216 PRocoPII
1033 140 1563 217 CAEsAR‘EEan

251 243 306 301 se
321 237 539 300 venisset
556 238 786 297 Arsaces
828 260 952 297 nam
970 260 1075 318 ego
1094 278 1113 304 ‚
1144 241 1322 318 inquit
1338 280 1356 306 ,
1385 240 1595 298 homini
1612 239 1701 297 tali
1720 234 1848 301 nihii

254 327 427 381 arcani
446 321 760 380 crediderim
787 343 801 377 t
841 321 929 379 sed
959 318 995 377 fi
1015 320 1142 391 mihi
1158 361 1176 388 ‚
1211 323 1360 399 quod
1379 322 1442 379 ad
1460 343 1571 379 rem
1592 326 1846 399 pertinet,

253 407 387 465 velis
422 406 604 484 eloqui
635 444 652 470 ,
685 404 824 461 forte
858 405 913 459 in
952 403 1192 460 medium
1216 400 1550 477 consulentes
1569 402 1733 462 ambo
1755 400 1860 461 ali-2

253 487 534 568 quidboni
552 484 908 550 effecerimus..
939 484 1003 541 de
1032 485 1114 541 his
1137 482 1517 565 Chanaranges
1537 507 1660 543 cum
1684 490 1850 544 Arta-

253 570 395 628 bane
415 569 717 627 collocutus
735 609 752 636 ‚
787 567 976 624 cuncta
988 565 1193 623 Iustino
1214 570 1457 625 enuntiat
1478 603 1493 630 ⁵
1524 589 1640 646 quae
1660 585 1782 624 ante
1801 571 1849 625 ei

253 654 455 710 dixerat
477 649 711 708 Arsaces.
751 646 981 706 Iustinus
1003 656 1055 706 &
1084 645 1135 705 se
1153 668 1396 727 paratum
1417 650 1481 707 ad
1510 651 1700 706 cunt-Sta
1717 668 1851 727 prae-

252 739 378 792 tulit
401 775 417 800 ‚
446 739 498 791 ὃς
518 733 783 810 pollicitus
801 729 889 808 estv
907 727 1177 788 facturum
1211 727 1260 787 se
1289 749 1348 788 ut
1370 731 1553 789 eadem
1579 733 1734 795 vellet
1755 752 1852 809 pa-
1880 805 1883 806 ⁷

251 834 347 874 ter.
392 817 498 872 His
524 814 838 893 praestructis
869 813 1151 870 Germano
1172 815 1365 891 placuit
1391 835 1516 871 cum
1539 812 1852 870 Chanar-an-

253 920 321 979 ge
351 895 650 954 sermonem
689 895 913 953 sociare:
956 916 1188 973 cumque
1222 897 1501 974 colloquio
1531 896 1642 953 dies
1676 896 1851 952 dietus

253 977 378 1037 esset
397 1020 414 1047 ‚
456 979 700 1035 Marcelli
717 980 995 1055 explorato
1018 975 1238 1034 consilio
1257 976 1322 1033 ab
1341 1000 1407 1035 eo
1424 976 1738 1035 familiarem
1757 978 1853 1033 ali-

253 1082 419 1142 quem
441 1059 598 1140 ipfius
616 1059 853 1135 deposcit
869 1062 962 1137 qui
981 1058 1141 1115 verba
1172 1058 1539 1139 Chanarangis
1558 1059 1743 1117 auditu
1764 1079 1853 1115 ac-

251 1147 469 1221 ciperet.
514 1142 743 1198 Deditis
760 1143 1055 1198 Leontium
1076 1162 1336 1220 generum
1352 1140 1622 1199 Athanasii
1642 1179 1658 1207 ‚
1677 1142 1852 1198 virum

252 1227 384 1281 recti
404 1229 648 1303 aequique
678 1220 1067 1279 tenaciffimum
1100 1229 1154 1279 δε
1186 1244 1310 1280 vera
1329 1220 1582 1302 proloqui
1614 1226 1668 1279 in
1700 1242 1860 1278 more·

250 1306 563 1367 habentem.
605 1307 772 1361 Hunc
804 1305 1116 1361 Germanus
1146 1307 1199 1360 in
1219 1305 1355 1364 aedes
1388 1305 1762 1381 introductum
1795 1306 1855 1359 in

250 1389 494 1446 conclavi
513 1388 771 1455 collocat,
797 1389 854 1443 in
878 1406 990 1465 quo
1008 1386 1188 1442 velum
1208 1405 1317 1444 erat
1335 1387 1535 1444 lectum
1562 1405 1855 1466 praetegens

249 1474 309 1528 in
327 1492 438 1549 quo
458 1469 772 1527 accumbere
790 1463 981 1526 mensae
1000 1466 1216 1525 solebat.
1238 1474 1390 1527 Pone
1407 1469 1462 1526 id
1477 1469 1656 1527 velum
1674 1471 1854 1525 Leon⁴

249 1558 392 1610 tium
411 1552 698 1610 abstrudit:
718 1550 822 1630 ipse
841 1550 1046 1608 Iustino
1066 1571 1189 1607 cum
1211 1551 1321 1608 filio
1342 1571 1488 1609 extra
1505 1550 1556 1609 id
1578 1548 1626 1608 se
1642 1551 1866 1608 tenensi

249 1634 547 1714 Postquam
583 1633 866 1693 advenerat
902 1630 1281 1713 Chanaranges
1306 1674 1321 1694 ,
1348 1634 1497 1691 audit
1514 1633 1648 1690 clare
1668 1635 1855 1695 omnia

251 1720 550 1787 Leontius,
581 1737 697 1794 quae
714 1716 785 1771 illi
805 1756 822 1782 ,
856 1734 977 1792 quae
995 1714 1254 1771 Artabani
1273 1713 1559 1793 Arsacique
1579 1734 1855 1772 convene—

251 1816 389 1855 rant.
434 1820 550 1877 quae
569 1802 706 1855 inter
724 1837 741 1864 ‚
772 1802 826 1853 δε
844 1795 1023 1852 hocin
1044 1794 1345 1854 sermonem
1369 1801 1516 1854 venit
1533 1837 1548 1864 ‚
1581 1795 1616 1853 fi
1635 1795 1855 1853 occide-b
1880 1796 1882 1798 ’

252 1901 400 1939 retur
428 1885 724 1957 Imperator
745 1920 760 1945 ‚
802 1881 1111 1956 priusquam
1131 1882 1450 1958 Byzantium
1475 1875 1691 1937 veniffet
1706 1878 1854 1934 Beli-⁴-

252 1961 413 2020 sarius
434 2001 451 2028 2
484 1963 610 2018 nihil
636 1962 700 2019 de
720 1958 947 2017 consiliis
962 1958 1324 2036 processurum
1345 2005 1358 2025 ,
1403 1961 1620 2040 quando
1642 1980 1850 2039 propo-

253 2044 411 2102 fitum
434 2042 551 2123 ipsis
570 2044 909 2100 Germanum
931 2043 1101 2099 dicere
1118 2048 1500 2121 Imperatorem
1523 2064 1537 2097 z
1579 2040 1854 2100 Belisarius

254 2148 383 2185 vero
405 2126 576 2183 statim
599 2167 613 2193 ‚
648 2141 707 2182 ut
726 2124 865 2180 credi
883 2145 976 2202 par
993 2142 1100 2180 erat
1125 2166 1141 2192 ‚
1172 2147 1264 2204 per
1284 2125 1569 2182 Thraciam
1590 2125 1851 2181 collectu-

253 2231 345 2267 rus
367 2227 476 2266 erat
503 2211 780 2287 ingentem
816 2210 1106 2262 exercitum
1130 2228 1142 2262 :
1192 2213 1341 2283 cujus
1377 2204 1604 2264 incursui
1626 2209 1851 2263 minime

252 2289 303 2349 se
321 2290 536 2348 futuros
569 2309 730 2367 pares.
766 2290 1038 2365 optimum
1061 2309 1190 2367 ergo
1226 2293 1281 2346 in
1300 2289 1528 2347 Belisarii
1563 2289 1850 2346 adventum

253 2394 367 2431 rem
389 2371 586 2431 differri
607 2393 619 2431 t,
664 2373 707 2427 is
727 2368 819 2427 ubi
840 2367 1125 2428 advenisset
1141 2412 1158 2438 ,
1188 2392 1420 2450 cumque
1439 2377 1764 2448 Imperatore
1785 2391 1850 2427 uc-

196 2481 199 2483 ’
255 2478 323 2514 na
353 2453 483 2513 effet‘
508 2459 563 2511 in
591 2455 783 2531 palatio
802 2492 816 2513 ‚
866 2470 983 2509 turn
1019 2453 1194 2509 multo
1229 2447 1440 2530 vespere
1467 2451 1644 2510 subito
1671 2451 1850 2509 secum

254 2535 588 2619 pugionibus
606 2535 885 2601 advolare,
922 2555 1216 2612 necemque
1247 2534 1441 2592 inferre
1467 2556 1585 2599 non
1614 2541 1852 2612 Impera-

254 2625 360 2678 tori
378 2638 618 2684 tantum,
653 2615 738 2673 sed
768 2622 820 2672 &
852 2617 1110 2673 Marcello
1143 2623 1193 2674 δι
1214 2616 1497 2683 Belisari03
1541 2615 1607 2674 fic
1626 2620 1853 2674 enime-

253 2719 479 2775 ventura
509 2699 614 2756 fine
651 2698 885 2777 periculo
905 2697 1181 2755 destinat-a.
1224 2701 1310 2756 Ne
1343 2699 1451 2757 haec
1480 2698 1698 2777 quidem
1725 2718 1850 2762 curn

255 2807 318 2843 ex
337 2785 574 2841 Leontio
604 2777 853 2837 didiciffet
882 2781 1202 2846 Mai-celluS,
1239 2781 1302 2837 ad
1337 2784 1584 2838 notitiam
1616 2786 1852 2858 Impera-
1883 2854 1886 2855 ⁷

225 2917 228 2919 .
253 2870 388 2926 toris
402 2861 713 2944 perferenda
731 2858 930 2918 censuit
950 2904 967 2929 ‚
1010 2862 1419 2920 cunetabundus
1437 2885 1503 2921 ne
1518 2884 1609 2941 per
1628 2866 1851 2923 nimiam
1878 2855 1882 2857 ⁵

194 2986 198 2989 ·
253 2948 651 3010 festinationem
676 2943 977 3024 improvide
1006 2945 1266 3005 Artabani
1302 2947 1590 3025 pernitiem
1612 2942 1851 3005 offerret.

1283 3037 1287 3049 ¹
1745 3027 1878 3081 ,Ar
