1931 3428
312 150 424 204 '³18
774 147 799 201 1
877 159 902 202 s
981 158 1003 200 1
1082 160 1123 201 o
1204 158 1242 202 o
1324 162 1364 204 R
1440 157 1466 204 i

288 161 511 285 {invice
531 222 676 286 versa
690 224 932 285 cadendo
950 223 1256 305 proficiant.
1299 227 1406 286 Sed
1425 216 1683 307 proinde,
1704 232 1832 312 quia
1850 234 1913 297 in,-

291 307 569 389 disciplina
601 308 844 368 fidelium
882 307 1040 389 positi
1075 306 1197 365 sunt
1225 351 1243 379 ,
1294 308 1427 367 ficut
1463 313 1700 390 populus
1732 320 1881 395 genti
1907 304 1919 333 ²

295 392 594 472 Persarum
654 395 806 475 virga
840 394 986 449 enim
1019 387 1220 449 furoris
1254 390 1338 448 dei
1371 390 1494 450 sunt
1512 434 1531 461 ,
1567 400 1621 452 &
1651 400 1917 476 quotiens

287 474 596 556 indignatio
615 484 731 551 ejus
750 471 990 532 adversus
1024 470 1211 530 fideles
1229 475 1510 553 procedit,
1559 498 1653 554 per
1685 499 1779 536 eos
1809 478 1910 537 fia-

288 558 560 640 gellantur
577 599 595 626 ‚
633 577 694 617 ut
710 556 903 616 eorum
924 551 1329 614 adflic‘tionibus
1349 556 1654 621 emendati,
1688 557 1909 618 asaeculi

286 641 614 720 cupiditate,
650 648 705 698 &
727 656 946 719 peccato
968 676 984 704 ,
1017 636 1185 696 semet
1220 638 1363 715 ipsos
1395 645 1716 711 coerceant,
1751 648 1806 699 &
1840 643 1931 716 de}

284 722 516 782 coelestis
563 728 717 804 regni
764 721 1072 780 haereditate
1119 719 1454 801 poffideant.
1511 723 1681 781 'Adeo
1722 717 1931 806 autem}

281 804 395 866 haec
412 827 548 888 gens
568 803 784 863 horrida
801 804 875 862 est
893 846 909 871 ‚
931 824 992 862 ut
1010 825 1135 861 curn
1154 801 1354 862 famem
1378 811 1435 862 in
1452 806 1597 862 beilo
1618 803 1781 863 fuerit
1797 806 1908 886 pas-

280 888 335 947 sa
348 929 367 955 ,
403 911 599 948 venam
620 904 806 967 tangat
820 890 984 969 equi,
1013 892 1067 943 δε
1084 886 1153 945 fic
1172 888 1422 946 excludat
1439 886 1627 945 hausto
1646 886 1931 971 sanguinei,

284 971 516 1030 famem.

512 1131 564 1202 E
591 1136 638 1200 R
660 1158 710 1200 A
746 1130 1291 1226 quadringentesima
1311 1135 1680 1226 nonagefimas

283 1304 414 1431 Α
436 1302 573 1359 Nno
593 1302 774 1383 primo
804 1302 1019 1379 imperii
1050 1300 1307 1357 Martiani
1325 1297 1728 1358 Turismondus
1756 1293 1902 1359 filius

436 1383 768 1443 Theoderici
788 1383 1106 1462 provehitur
1126 1382 1189 1440 ad
1208 1404 1442 1463 regnum
1459 1404 1604 1441 anno
1626 1404 1758 1440 uno,
1785 1387 1902 1451 Qui

277 1465 416 1525 dum
449 1465 573 1547 ipfis
607 1471 762 1548 regni
796 1470 880 1524 vix
912 1465 1150 1524 exordiis
1168 1462 1342 1522 feralis
1374 1486 1433 1522 ac
1463 1469 1661 1524 noxius
1685 1464 1902 1525 hostilia

279 1549 561 1627 inspiraret
578 1591 595 1619 ‚
630 1553 909 1629 multaque
932 1566 1112 1629 ageret
1127 1546 1450 1606 insolentius
1465 1590 1482 1619 ,
1503 1546 1900 1608 &Theoderico

280 1637 337 1690 δε
354 1633 658 1691 Fricdarico
678 1631 754 1690 est
771 1629 1027 1690 fratribus
1047 1628 1387 1688 interfectum

411 1797 465 1861 E
485 1819 534 1861 R
551 1820 598 1862 A
634 1794 1176 1888 quadringentqfima
1196 1793 1543 1887 nonagssma
1549 1799 1763 1889 prima.

285 1966 409 2087 A
432 1964 568 2019 Nno
590 1958 830 2020 secundo
864 1963 1081 2055 Imperii
1109 1961 1365 2017 Martiani
1401 1959 1740 2018 Teudericus
1776 1959 1897 2038 post

431 2040 724 2099 fraternam
755 2064 942 2100 necem
979 2064 1036 2099 in
1071 2062 1304 2121 regnum
1344 2037 1629 2099 succedens
1667 2046 1896 2121 imperat

278 2125 432 2181 annis
470 2124 747 2182 tredecim.
810 2128 925 2194 Qui
960 2145 1059 2203 pro
1097 2146 1164 2180 eo
1196 2123 1347 2201 quod
1380 2128 1928 2202 ImperatoriAvitos

276 2204 524 2265 sumendi
552 2206 839 2285 imperialis
875 2203 1068 2286 fastigii
1103 2221 1227 2263 cum
1263 2205 1436 2262 Gallis
1470 2208 1895 2286 auxilium-prae-

277 2287 473 2352 buiffet
502 2330 518 2350 ,
557 2289 623 2346 ab
645 2292 939 2367 Aquitania
959 2292 1015 2345 in
1047 2291 1294 2367 SpaniaS,
1328 2307 1453 2344 cum
1475 2291 1893 2368 ingentimulti-

277 2372 467 2430 tudine
495 2373 756 2428 exercitus
773 2405 789 2433 ,-
827 2377 881 2427 δε
904 2386 1027 2427 cum
1049 2372 1263 2427 licentia
1285 2367 1520 2445 ejusdem
1541 2375 1693 2429 Aviti
1709 2377 1890 2450 Impe-

276 2456 494 2519 ratoriS,
515 2453 838 2534 ingreditur.
881 2455 991 2510 Cui
1024 2475 1148 2510 cum
1172 2474 1367 2533 magna
1396 2457 1553 2532 copia
1572 2476 1660 2511 rex
1679 2457 1889 2511 Suevo-

273 2555 399 2593 rum
429 2535 733 2593 Rectiarius
779 2556 1068 2594 occurrens
1093 2577 1109 2603 ‚
1155 2536 1487 2594 duodecimo
1530 2535 1894 2615 Asturigenfis'

275 2618 425 2675 urbis
445 2619 696 2676 milliario
713 2658 730 2686 ,
762 2617 903 2695 apud
930 2613 1161 2675 fluvium
1181 2621 1276 2697 qui
1305 2618 1536 2675 Vrbicus
1572 2620 1887 2699 appellatur,
1914 2677 1916 2679 ,

272 2701 416 2758 inito
453 2722 585 2758 mox
627 2702 957 2766 certamine,
999 2699 1271 2780 superatus
1313 2699 1425 2769 est,
1485 2700 1621 2761 caefis
1662 2701 1921 2759 suorum·

271 2783 584 2863 agminibus
617 2789 652 2850 ‚⁹
673 2783 961 2863 aliquantis
996 2780 1245 2864 [capti3,]
1284 2778 1634 2865 plurimisque
1663 2781 1886 2865 fugatis,

86 2865 218 2905 ''¹³0¹'‘
271 2863 379 2943 ipse
410 2864 747 2947 postremum
781 2866 902 2922 Rex
931 2867 1041 2922 telo
1072 2867 1276 2924 saucius
1314 2863 1494 2946 fugit,
1533 2865 1884 2947 praesidioque

87 2933 175 2961 tUm

87 2979 182 3020 Cale

274 2944 501 3030 suorum
520 2970 702 3010 carens
719 2947 784 3024 ad
799 2949 989 3008 locum
1020 2947 1065 3021 ἦ
1085 2944 1356 3011 Portalern
1375 2953 1583 3032 capitur
1594 2989 1615 3023 9
1654 2953 1882 3091 rqussque

1784 3050 1883 3095 CO*
