1888 3428
711 16 753 26 Δ..

141 154 231 215 An
260 157 644 215 GoTTHos
688 155 1206 216 PERrrmENTrs
1240 162 1504 218 L1B.11.
1553 170 1659 240 563

41 237 132 295 seo
166 239 369 297 etiamsi
391 237 606 317 postero
639 257 735 297 aut
752 242 855 296 alio
876 238 960 295 die
993 240 1336 296 commissum
1374 241 1496 300 effer
1529 258 1664 321 prae-

36 321 210 389 lium,
255 322 399 380 idem
424 319 660 401 pass'uros
694 319 844 378 fuisse
881 320 1031 398 quod
1051 339 1182 378 tunc
1204 320 1325 400 paffi
1363 322 1499 381 sunt.
1544 328 1663 383 Ne-

37 424 146 482 que
181 407 326 460 enim
363 407 625 482 temporis
665 406 896 462 mutatio
919 403 1036 459 satis
1072 402 1280 461 valebat
1313 405 1376 461 ad
1412 409 1658 462 eximen-

35 485 251 542 dos-eos
269 484 568 564 suppliciis,
600 508 716 565 quae
751 488 1028 563 impietate
1059 505 1511 547 commeruerant.
1557 489 1661 546 Sed

31 564 143 626 'five
181 565 325 625 casus
357 574 431 625 ita
468 569 627 636 tulit,
662 566 768 638 five
799 569 1236 626 Alemannorum
1270 569 1415 626 vates
1445 565 1659 639 futura2

31 650 396 730 qualicunque
429 650 642 709 tandem
664 648 835 707 modo
859 691 874 717 ‚
908 653 1344 723 conjectaverant
1365 692 1380 718 ‚
1415 673 1528 708 non
1564 673 1660 709 va-

0 749 1 753 ’
28 751 98 788 na
119 731 221 789 visa
236 732 313 790 est
346 736 611 814 plerisque
637 753 813 812 neque
831 736 975 790 irrita
993 730 1141 791 fuisse
1161 736 1440 792 divinatio.
1491 736 1656 791 Nunc

0 857 2 896 ξ
33 834 150 893 quae
168 813 346 873 secuta
362 814 513 880 sunt,
550 815 740 872 ordine
758 836 986 895 quaeque
1005 815 1100 873 suo
1119 858 1134 884 ‚
1165 838 1329 896 quam
1352 836 1544 896 potero
1567 838 1659 874 cu-

28 895 283 955 ratiffime
302 937 318 964 ,
345 895 645 976 persequar.
688 898 875 955 Franci
898 900 968 954 ita
992 918 1050 958 ut
1071 899 1177 956 dixi
1215 902 1433 957 animati
1467 902 1657 956 armis-

0 1033 1 1058 ζ
28 1001 135 1059 que
152 977 395 1037 instructi
414 999 580 1037 erant.
624 979 826 1037 Eduxit
848 987 900 1038 &
920 979 1042 1038 suos
1062 980 1235 1038 castris
1268 982 1459 1039 Narses
1476 1002 1654 1039 arma-2

25 1065 184 1118 tosin
204 1064 389 1119 locum
409 1065 462 1118 in
484 1083 597 1140 quo
616 1062 914 1120 ordinanda
946 1084 1056 1121 erat
1086 1068 1238 1122 acies,
1264 1064 1646 1139 movebatjam

0 1141 75 1201 'se
93 1147 387 1212 exercitu3‚
426 1145 606 1202 &dux
629 1166 773 1222 equo
798 1146 1056 1203 insederat
1079 1188 1092 1208 ,
1127 1169 1250 1204 cum
1287 1150 1569 1206 nuntiatur
1599 1150 1647 1203 ei
1719 1202 1723 1204 .

0 1223 365 1292 &Herulorum
400 1228 619 1305 quidam
652 1248 766 1284 non
807 1227 835 1284 ἐ
873 1231 1037 1307 vulgo
1069 1229 1156 1287 sed
1177 1233 1344 1287 clarus
1366 1233 1506 1286 inter
1523 1226 1650 1286 suos

0 1306 78 1367 }&
99 1327 224 1366 ortu
258 1309 456 1366 nobilis
486 1311 696 1367 servum
727 1308 881 1368 suum
913 1312 989 1367 ob
1023 1314 1234 1392 culpam
1271 1310 1448 1369 nescio
1481 1333 1646 1391 quam

0 1389 155 1451 lfaede
170 1390 463 1450 trucidasse.
508 1394 696 1450 Fraeno
729 1395 896 1473 igitur
914 1414 1118 1473 equum
1139 1394 1421 1462 inhibeam,
1460 1392 1648 1454 homi-

0 1543 1 1547 *
22 1474 196 1532 eidam
216 1479 271 1532 in
291 1475 532 1533 medium
555 1475 818 1553 protrahit
836 1517 852 1544 ‚
890 1497 1004 1533 non
1023 1473 1100 1534 fas
1135 1475 1439 1535 existimans
1457 1497 1646 1557 aggre-

0 1557 73 1614 ÷di
94 1559 335 1636 praelium
360 1598 374 1618 ,
406 1556 500 1614 nisi
517 1556 734 1636 expiato
760 1557 864 1615 hoc
890 1556 1150 1616 facinore.
1196 1558 1346 1617 Cum
1369 1582 1481 1616 rem
1521 1579 1645 1638 per-

0 1636 268 1705 ¹scrutanti
286 1639 540 1697 barbarus
571 1638 777 1697 facfftum
797 1639 1138 1721 agnosceret,
1171 1641 1305 1699 nihil
1335 1640 1605 1698 inficiatus
1631 1675 1649 1709 2

0 1721 154 1800 ³quin
176 1726 332 1796 &jus
349 1723 550 1780 diceret
580 1722 816 1780 dominis
848 1727 1128 1803 mancipiis
1144 1724 1248 1782 suis
1264 1727 1416 1805 quod
1440 1728 1639 1784 vellent

0 1802 246 1878 istatuere
267 1845 282 1864 ‚
314 1825 373 1861 ut
394 1810 601 1871 caeteri,
639 1804 733 1863 nifi
770 1805 908 1862 bene
931 1827 1174 1885 parerent
1197 1848 1213 1875 ,
1245 1810 1392 1865 idem
1428 1808 1520 1866 sibi
1540 1809 1639 1868 sci*

0 1904 139 1944 rent
174 1890 475 1944 imminere.
521 1888 707 1960 videns
724 1887 916 1944 Narses
938 1888 1069 1945 nihil
1090 1894 1397 1967 paenitentia
1416 1906 1636 1949 motum

14 1968 301 2028 hominem
335 1968 607 2047 superbire
630 1972 771 2028 ultro
792 1978 845 2028 ὃ(
864 1969 962 2027 effe
989 1973 1413 2051 grandiloquum
1433 2016 1449 2042 ‚
1482 1973 1639 2033 satel-

9 2051 195 2110 litibus
231 2051 335 2109 suis
369 2057 596 2131 imperat
631 2074 756 2110 eum
792 2052 1109 2111 interficere.
1169 2056 1240 2112 Et
1290 2058 1376 2113 ille
1412 2057 1635 2137 quidem

9 2132 429 2192 transfiofl'usilia
454 2139 699 2191 moritur.
743 2139 822 2192 At
838 2138 1178 2195 Herulorum
1213 2140 1540 2204 multitudo,
1578 2159 1638 2197 ut

7 2213 231 2273 barbara
254 2258 267 2278 ,
298 2212 709 2296 indignabunda
742 2219 923 2295 praelio
954 2217 1248 2277 subducere
1283 2221 1333 2278 se
1373 2222 1628 2302 agitabat.

8 2295 202 2356 Narses
221 2301 368 2357 laetus
388 2297 608 2356 abstersa
627 2301 820 2378 piaculi
837 2300 954 2357 labe
971 2346 1001 2377 ,v
1024 2324 1120 2358 nec
1139 2305 1378 2361 Herulos
1398 2308 1631 2362 nimium

9 2402 198 2439 curans
219 2424 235 2449 ,
268 2385 324 2438 in
343 2384 510 2438 aciem
530 2383 875 2461 progreditur
891 2424 908 2451 ‚
930 2387 1230 2463 clamatque
1253 2405 1310 2443 ut
1332 2389 1512 2444 cuncfti
1535 2409 1630 2444 ex-

8 2464 288 2531 audirent,
314 2465 550 2523 vic‘toriae
569 2471 662 2543 qui
694 2470 954 2544 particeps
973 2465 1071 2525 effe
1098 2469 1280 2536 vellet,
1302 2472 1344 2525 is
1363 2470 1411 2527 se
1431 2469 1626 2534 ducem

6 2543 332 2626 sequeretur.
377 2550 558 2604 Tanta
587 2548 658 2604 illi
684 2552 867 2605 eratin
888 2553 1074 2607 Deum
1114 2548 1344 2616 fiducia,
1387 2571 1444 2608 nt
1482 2554 1629 2608 velut

6 2625 175 2686 futuri
192 2633 571 2696 certusinvrem
602 2627 844 2688 ferretur.
890 2636 966 2689 At
1001 2633 1109 2690 dux
1142 2634 1482 2691 Herulorum
1506 2638 1631 2692 Sin-

9 2709 135 2790 dual
162 2731 316 2791 turpe
338 2732 395 2768 ac
416 2711 736 2790 probrosum
758 2711 1142 2792 putabatfore,
1181 2714 1217 2772 fi
1250 2733 1405 2773 tanto
1435 2719 1489 2773 in
1510 2737 1628 2772 cer—

9 2796 210 2850 tamine
228 2791 334 2874 ipse
358 2797 617 2875 milesque
640 2794 800 2874 ipsius
838 2795 1171 2855 desertorum
1205 2803 1409 2856 crimen
1444 2802 1628 2855 incur„

11 2872 189 2933 retent
208 2920 222 2942 ,
259 2877 706 2957 crederenturque
726 2877 961 2936 hostium
981 2878 1272 2939 formidine
1294 2885 1463 2937 teneri
1484 2924 1496 2942 ,
1536 2877 1622 2934 sed

11 2960 186 3020 metui
217 2956 510 3022 obtentum
530 2958 700 3021 facere
733 2961 969 3021 studium
1004 2961 1246 3023 hominis
1281 2965 1505 3023 mortui.
1548 2960 1632 3096 οἳ

15 3060 18 3066 ’
859 3045 971 3102 Nn
1018 3063 1045 3098 a
1474 3078 1491 3085 -·
1579 3045 1594 3097 i
