1888 3428
324 173 460 231 DE
539 171 741 229 Rm.
826 168 1285 229 GE·T1c1S.
1418 179 1644 250 ·66·9

27 256 316 338 'multiplex
331 297 349 323 ,
370 259 609 312 immane
628 293 645 319 ‚
671 254 911 332 pertinax
930 291 949 317 ,
968 253 1055 306 cui
1076 249 1244 308 simile
1263 254 1404 312 nulla
1421 254 1644 335 usquam

33 358 209 397 narrat
240 339 564 416 antiquitas;
598 335 693 394 ubi
712 337 832 393 talia
865 331 1010 412 gesta
1046 330 1385 402 referuntur,
1421 355 1482 394 ut
1514 339 1647 399 nihil

34 419 160 479 efl'et
179 463 196 489 ,
230 419 380 500 quod
401 423 457 476 in
479 423 587 476 vita
618 416 707 475 sua
737 414 1041 494 conspicere
1080 413 1334 492 potuisset
1358 424 1607 498 egregius
1626 463 1645 490 ,

34 503 306 583 quihujus
325 502 566 561 miraculi
588 503 881 579 privaretur
911 497 1143 576 asperitu.
1186 498 1329 554 Nam
1360 497 1397 554 fi
1424 497 1650 559 seniori-

29 584 133 644 bus
166 582 378 642 credere
413 581 491 640 fas
522 582 629 647 est,
677 581 881 638 rivulus
917 581 1205 635 memorati
1239 582 1414 658 campi
1455 579 1650 642 humili

33 671 146 745 ripa
164 660 886 746 prolabens‘,peremptorum
905 661 1219 718 vulneribus
1237 659 1492 741 sanguine
1514 666 1651 721 mul-

34 756 93 806 'to
115 749 406 827 Ρῑονεᾶυε
423 789 439 815 ‚
469 768 584 818 non
603 740 792 802 ειυᾶιιεζ
809 743 1077 801 imbribus
1099 784 1113 805 ,
1135 763 1194 801 ut
1212 742 1418 802 solebat
1435 787 1453 813 ,
1476 743 1561 803 sed
1581 748 1647 803 li-

33 851 207 909 quore
228 834 526 888 concitatus
544 826 781 891 insolito,
807 844 1020 884 torrens
1040 823 1213 883 faetus
1233 825 1307 883 est
1329 832 1534 884 cruoris
1552 850 1649 885 au-

34 913 286 991 gmento.
335 914 405 969 Et
423 933 560 990 quos
577 912 681 967 illic
701 914 881 990 coegit
900 913 954 967 in
983 909 1180 967 aridam
1200 908 1338 966 sitim
1355 911 1551 966 vulnus
1568 914 1651 968 in-

32 993 264 1061 fliffi'rur'n,
279 991 479 1050 fluenta
501 995 663 1049 mixta
684 993 825 1050 clade
843 1011 1136 1050 traxerunt:
1156 995 1226 1049 ita
1246 991 1520 1050 constricti
1536 991 1650 1050 sor-

0 1136 1 1157 *
28 1095 88 1133 te
113 1073 693 1133 miserabilisordebant
713 1116 728 1141 ‚
764 1092 1013 1154 potantes
1037 1073 1350 1154 sanguinem
1371 1097 1536 1155 quem
1557 1073 1650 1133 fu-

0 1163 1 1184 ³
34 1158 158 1216 dere
174 1157 403 1215 sauciati.
450 1160 559 1214 Hic
576 1156 953 1214 Theodericus
974 1178 1063 1213 rex
1084 1157 1215 1214 dum
1237 1157 1524 1215 adhortans
1543 1155 1651 1216 dis-

33 1258 268 1297 curreret
287 1242 605 1302 exercitum
626 1261 771 1317 equo
794 1238 1407 1319 depulsiaS‚pedibusque
1426 1239 1649 1297 suorum

3 1323 380 1379 ‘conculcatus
400 1361 416 1388 ‚
455 1324 626 1397 vitam
662 1339 879 1377 matura.
908 1319 1180 1377 semustum
1217 1320 1491 1378 conclusit.
1538 1323 1652 1379 Ali-i

34 1403 375 1461 verodicunt
396 1424 520 1459 eum
541 1399 886 1460 interfec‘stum
921 1405 1029 1459 telo
1050 1403 1294 1482 Andagis
1311 1404 1375 1460 de
1394 1421 1539 1481 parte
1561 1405 1652 1461 O-

35 1484 473 1566 strogotharum·‚
509 1487 604 1564 qui
636 1503 767 1540 tunc
786 1485 1095 1542 Attilanum
1130 1483 1490 1564 sequebantur
1506 1488 1653 1565 regi-

36 1589 196 1624 rnen.v
229 1570 362 1624 Hoc
380 1565 483 1624 fuit
503 1566 654 1644 quod
673 1569 860 1624 Attilae
898 1565 1149 1645 praesagio
1185 1565 1482 1646 haruspices
1503 1573 1651 1644 prius

36 1650 280 1706 dixerant
300 1691 316 1716 ‚
346 1669 659 1727 quanquam
690 1650 776 1704 ille
799 1649 863 1705 de
883 1650 1051 1704 Aetio
1084 1646 1447 1725 suspicaretur.
1484 1651 1652 1708 Tunc

35 1731 367 1810 Vesegothae-
387 1731 691 1797 dividentes
710 1729 759 1785 se
778 1730 842 1786 ab
865 1731 1057 1786 Alanis
1078 1773 1091 1794 ‚
1125 1731 1388 1788 invadunt
1404 1734 1652 1788 Hunno-

36 1835 157 1870 rum
181 1831 444 1878 caterva53
471 1818 532 1869 ⁴&
556 1812 691 1891 pene
709 1811 936 1869 Attilam
969 1810 1313 1870 trttcidailent
1335 1855 1350 1879 ‚
1387 1813 1480 1870 nisi
1504 1818 1654 1892 prius

35 1896 297 1975 providus
313 1892 527 1974 fugisset
549 1935 565 1961 ,
597 1899 648 1949 δέ
671 1892 719 1951 se
738 1893 965 1971 suosque
983 1896 1108 1951 ilico
1132 1898 1270 1951 intra
1290 1895 1429 1973 septa
1450 1893 1653 1953 castro—

37 1999 157 2036 rum
177 2018 190 2038 ,
213 2000 330 2056 quae
349 1975 588 2055 plaustris
608 1977 793 2034 vallata
811 1976 1045 2034 habebat
1061 2018 1076 2045 ‚
1096 1975 1395 2034 reclusisset.
1433 1983 1654 2041 Quam-

36 2062 114 2124 vis
131 2057 317 2139 fragile
339 2061 749 2116 munimentum
769 2102 786 2128 ,
819 2078 1001 2116 tamen
1022 2059 1341 2139 quaesierunt
1360 2060 1651 2118 subsidium

41 2145 160 2208 v'itae
181 2183 197 2209 ,
223 2142 424 2221 quibus
452 2143 620 2220 ‚paulo
659 2141 779 2199 ante
811 2143 992 2199 nullus
1013 2162 1224 2221 poterat
1253 2144 1471 2201 muralis
1489 2165 1652 2222 agger

31 2222 311 2303 obsistere.
346 2221 722 2281 Thorismund
743 2243 944 2291 autem,
967 2228 1106 2305 regis
1128 2224 1454 2283 Theoderici
1474 2224 1617 2282 filius
1635 2267 1652 2293 ‚

27 2309 134 2386 ‘qui
151 2329 276 2364 cum
290 2309 456 2363 Aetio
473 2306 665 2363 collem
683 2309 978 2384 anticipans
1001 2348 1016 2369 ‚
1038 2306 1216 2365 hostes
1228 2309 1291 2364 de
1307 2309 1657 2387 superiorilo-

39 2386 107 2446 'co
123 2388 780 2468 proturbaverat,credens
798 2387 847 2446 se
867 2389 930 2446 ad
947 2393 1161 2469 agmina
1182 2395 1393 2470 propria
1415 2395 1658 2469 perveni-

42 2492 98 2528 re
121 2513 138 2538 ‚
177 2473 341 2529 n'ofie
372 2492 504 2530 caeca
538 2472 600 2528 ad
621 2470 861 2529 hostium
886 2475 1132 2550 carpenta
1165 2477 1382 2554 ignarus
1411 2476 1656 2531 incurrit.

15 2623 18 2625 Α
44 2555 233 2630 Qem
270 2552 489 2619 fortiter
518 2553 864 2611 dimicantem
901 2554 1121 2634 quidam
1161 2561 1332 2634 capite
1370 2559 1653 2614 vulnerato

43 2655 188 2714 equo
208 2634 396 2712 dejecit
415 2676 432 2703 ,
449 2634 780 2716 suorumque
803 2638 1140 2715 providentia
1158 2639 1412 2697 liberatus
1429 2680 1445 2706 ‚
1463 2640 1653 2717 aproe-

41 2716 206 2774 liandi
242 2717 551 2775 intentione
581 2719 752 2777 desiit.
803 2724 996 2786 A'e‘tius
1030 2719 1161 2777 vero
1198 2720 1437 2782 {imiliter
1477 2723 1656 2779 nofi‘is

45 2796 361 2857 confusione
381 2797 611 2869 divisus,
652 2822 824 2880 quum
844 2806 983 2861 'inter
1000 2801 1179 2860 hostes
1200 2804 1414 2861 medios
1436 2824 1658 2883 vagare-

44 2895 167 2948 tur,
200 2882 438 2962 trepidus
466 2903 533 2939 ne
552 2885 681 2961 quid
701 2881 962 2953 incidisset
980 2884 1179 2944 ad-verfi
1199 2886 1404 2943 Gothis
1421 2928 1436 2953 ‚
1470 2889 1658 2962 inqui-

44 2980 168 3044 rens
192 3003 212 3036 ,
264 2964 594 3053 tandemque
644 2967 709 3035 ad
745 2966 886 3029 socia
928 2967 1090 3027 castra
1126 2970 1445 3049 perveniens
1471 3009 1486 3030 ‚
1532 2967 1658 3030 reli-

1484 3068 1657 3127 quum
