1888 3428
237 183 367 258 *178
586 182 975 238 PRocoPu
1038 179 1588 236 CffisAREENsrs
1884 236 1888 239 ,

246 267 304 321 in
321 259 577 340 Hispania
597 283 822 328 uxorem
842 263 1078 325 duceret,
1095 280 1210 316 non
1227 258 1292 317 de
1310 256 1750 338 Vifigotthorum
1764 280 1863 339 ge-

247 365 398 408 nere,
417 343 508 403 sed
523 343 552 400 ἐ
570 343 741 401 domo
760 344 923 402 divite
945 343 1196 421 indigena
1218 381 1235 408 ‚
1273 361 1371 398 nec
1389 343 1631 420 pecuniis
1648 357 1864 397 tantum

249 427 567 506 opulentam
587 467 603 493 ‚
628 425 716 483 sed
751 432 806 482 &
842 426 958 482 latis
975 443 1067 503 per
1087 423 1401 501 Hispaniam
1423 419 1865 499 possessionibus:

247 509 393 565 unde
415 508 697 565 conduffis
730 506 992 563 militibus
1013 505 1078 562 ad
1098 506 1181 562 bis
1196 506 1339 562 mille
1360 545 1377 572 ‚
1405 503 1704 561 satellitium
1724 523 1870 583 quo—

246 612 354 671 que
376 589 470 647 fibi
488 589 820 646 circumdans
844 629 858 649 ,
893 608 1099 644 nomen
1131 586 1356 667 quidem
1379 584 1611 643 habebat
1629 582 1875 665 fungen-·

248 678 318 730 tis
342 673 648 730 mandatam
677 671 711 732 ,a
744 669 1128 728 The-tidericho
1149 667 1471 746 potestatem
1491 709 1509 736 ‚
1540 685 1593 723 at
1618 688 1730 723 rem
1753 687 1868 723 non

249 753 478 812 obscure
497 753 848 811 dominantis.
892 754 963 808 Et
977 749 1411 817 TheuderichuS‚
1433 768 1493 807 ut
1511 766 1621 806 erat
1641 752 1886 830 ingenio,-

248 857 540 915 rerumque
563 834 657 892 usu
675 838 877 902 valenS,
895 852 1065 899 metu,
1083 854 1149 890 ne
1170 831 1205 889 fi
1225 836 1280 890 in
1301 830 1578 889 subditum
1600 831 1691 888 fibi
1709 834 1870 889 armis

246 936 470 975 certaret
487 959 503 985 ,
523 935 613 975 aut
632 918 814 975 Franci
835 957 851 983 ‚
884 916 1036 996 quod
1068 915 1466 987 credibileferat
1485 958 1498 977 ‚
1532 911 1582 970 se
1601 916 1870 990 interjice->

244 1020 367 1059 rent
385 1041 402 1068 ,
426 1018 516 1057 aut
535 998 734 1079 aliquid
752 1004 809 1055 in
831 998 879 1056 se
898 1001 1025 1055 novi
1048 998 1369 1054 molirentur
1385 993 1683 1075 Vifigotthi
1705 1037 1721 1063 ,
1756 1001 1870 1053 non

245 1085 454 1140 amovit
489 1084 723 1160 imperio
760 1080 1046 1137 Theudam
1069 1120 1083 1144 ,
1120 1076 1207 1136 sed
1226 1086 1280 1136 δε
1302 1081 1597 1135 exercitum
1627 1077 1866 1145 du&are‚

244 1166 465 1241 quoties
500 1184 640 1243 opus
674 1180 786 1219 erat
803 1202 818 1227 ,
839 1165 897 1217 'ei
933 1159 1188 1239 permisit.
1238 1163 1515 1218 Caeterum
1538 1159 1888 1242 primoribus*

247 1245 596 1303 Gotthorum
618 1246 888 1322 praecepit,
908 1241 1001 1321 ipsi
1022 1260 1082 1298 ut
1106 1241 1395 1299 scriberent
1413 1282 1430 1308 ‚
1465 1239 1737 1297 facturum
1756 1261 1870 1299 rem

244 1348 457 1406 aequam
492 1326 826 1405 dignamque
861 1322 1144 1403 prudentia
1169 1324 1259 1381 sua
1279 1365 1296 1391 ‚
1328 1321 1364 1379 fi
1391 1321 1655 1380 ‘salutandi
1675 1321 1872 1381 Theu—

246 1407 450 1465 derichi
498 1409 562 1465 ad
610 1405 852 1464 officium
898 1407 1218 1467 Ravennam
1265 1408 1494 1465 veniret.
1549 1404 1808 1464 Theudas
1842 1405 1874 1464 ὲ

244 1490 632 1548 Theudericho
653 1494 912 1569 imperata
931 1490 1123 1545 cuncta
1142 1488 1401 1568 implebat
1423 1511 1436 1545 ε
1472 1509 1571 1546 nec
1593 1488 1872 1546 mittendis

243 1572 462 1641 tributis
503 1589 744 1651 unquam
778 1572 1004 1629 deerat:
1044 1573 1362 1628 Ravennam
1395 1590 1525 1629 vero
1556 1592 1732 1650 neque
1751 1574 1885 1640 ivit‚³

243 1675 346 1711 nec
377 1659 579 1710 iturum
617 1654 667 1709 se
700 1656 883 1709 amicis
918 1651 1180 1729 promisit.
1233 1653 1522 1732 Postquam
1569 1654 1888 1710 mortalita-v

245 1732 360 1792 tem
399 1732 631 1814 explevit
665 1734 1081 1791 Theuderichus
1100 1776 1114 1799 ,
1141 1736 1359 1795 Franci,
1393 1738 1731 1808 nemi-nejam
1753 1735 1871 1793 satis

246 1818 426 1877 valido
449 1816 569 1895 ipsis
592 1835 651 1874 ut
668 1814 921 1873 resisteret
942 1857 957 1881 ‚
979 1817 1033 1871 in
1049 1814 1374 1897 Thuriugos
1394 1816 1596 1874 bellum
1618 1832 1866 1884 movent,

246 1898 536 1977 occisoque
575 1921 767 1955 eorum
816 1900 1052 1975 principe
1098 1896 1523 1957 Hermenefrido
1570 1941 1588 1967 ,
1645 1907 1870 1978 gentem

246 1981 414 2060 ipsam
442 1979 542 2038 suae
564 1981 785 2038 ditionis
803 1977 1019 2036 faciunt.
1067 1980 1197 2054 Ejus
1217 1978 1625 2039 Hermenefridi
1646 2003 1784 2038 uxor
1805 1982 1870 2041 ad

204 2076 207 2078 ’
246 2062 470 2120 fratrem
487 2062 612 2119 The
624 2064 845 2120 udatum
868 2068 891 2134 <
917 2083 1149 2140 namque
1169 2065 1212 2118 is
1230 2080 1348 2119 tum
1371 2063 1602 2126 Gotthis
1620 2066 1866 2142 praeerat)

246 2167 372 2202 cum
408 2145 589 2202 liberis
628 2142 884 2225 profugit.
932 2141 1060 2199 Post
1091 2144 1143 2200 id
1172 2146 1434 2202 Germani
1455 2143 1713 2225 persecuti
1733 2149 1870 2203 Bur-

245 2227 598 2307 gundionum
638 2231 882 2305 reliquias
901 2268 917 2292 ‚
954 2228 1244 2305 praelioque
1265 2229 1497 2284 viftores
1517 2270 1533 2296 ‚
1570 2229 1870 2306 principem

245 2331 440 2366 eorum
461 2313 515 2365 in
535 2306 746 2367 castello
767 2308 1007 2388 quodam
1033 2309 1277 2365 vinffum
1295 2308 1531 2367 habuere
1569 2335 1582 2367 ε
1619 2305 1759 2387 ipsos
1779 2309 1868 2368 sua

246 2391 345 2449 sub
376 2388 939 2470 imper-iacompulsos
971 2393 1025 2446 in
1060 2390 1331 2468 posterum
1351 2390 1439 2449 sua
1455 2390 1604 2472 sequi
1624 2390 1770 2471 figna
1789 2395 1867 2451 vi-

250 2475 433 2532 Ctoriae
459 2481 578 2547 jure
598 2480 894 2551 coegerunt
931 2493 945 2526 :
979 2493 1143 2550 quam
1163 2474 1233 2530 illi
1254 2491 1537 2531 tenuerant
1555 2493 1751 2531 terram
1771 2472 1888 2535 sibi2

247 2553 423 2612 fec-ere
456 2556 801 2634 vectigalem.
846 2553 1218 2612 Amalarichus
1242 2553 1684 2634 Vifigotthorum
1718 2548 1888 2637 prin-1}

246 2650 377 2716 ceps
395 2636 458 2693 ad
474 2637 665 2712 justam
687 2655 745 2694 ut
763 2639 910 2715 venit
926 2653 1138 2693 aetatem
1163 2675 1182 2702 ,
1214 2636 1619 2698 Germanorum
1639 2641 1751 2699 vim
1777 2627 1888 2713 ve-j

247 2721 320 2775 tit
340 2740 401 2777 us
421 2764 435 2783 ,
467 2719 707 2798 ipsorum
738 2721 989 2799 principis
1018 2717 1378 2777 Theudiberti
1394 2717 1633 2780 sororem
1654 2741 1884 2792 connu·-¹

240 2798 346 2858 bio
379 2801 475 2859 fibi
507 2802 677 2860 sociat
716 2824 729 2858 ε
767 2802 1114 2880 Galliamque
1150 2822 1275 2860 cum
1312 2801 1544 2862 Gotthis
1577 2810 1634 2863 δε
1669 2816 1863 2862 eorum
1882 2801 1883 2804 ¹

243 2886 488 2963 principe
512 2884 826 2943 Atalaricho
851 2880 1177 2943 consobrino
1199 2885 1294 2943 suo
1318 2886 1507 2945 dividit
1526 2926 1541 2953 ‚
1575 2890 1651 2945 ita·
1664 2904 1726 2945 ut
1743 2902 1865 2964 quae

245 2970 321 3047 cis
332 2964 666 3029 Rhodanum
693 2965 815 3033 sunt
826 2967 1086 3033 haberent
1102 2965 1308 3032 Gotthi
1324 3012 1340 3041 ,
1363 2971 1497 3032 ultra
1512 2967 1864 3053 Yifigottho-

1670 3062 1673 3063 ’
1738 3065 1863 3109 rum
