1888 3428
258 167 380 235 ‚550
505 157 898 215 ExCERPTA
937 175 1025 213 Ex
1064 157 1443 214 AGATHIAE
1482 150 1697 212 H1s-r4
1855 231 1860 234 Δ

262 258 324 298 ut
349 241 496 298 venit
513 277 529 304 ‚
545 239 688 296 illico
707 240 830 297 inde
852 237 1161 318 magistrum
1181 237 1417 294 militum
1437 237 1656 295 adduxit
1675 235 1739 295 ad
1756 234 1875 313 du‘.

262 342 350 378 ces
370 365 385 386 ‚
406 327 459 379 δε
478 317 879 379 difficultatibus
897 319 1159 377 omnibus
1177 319 1409 377 remedia
1424 317 1665 376 adferens
1680 361 1693 382 ‚
1731 315 1864 375 effe-

264 407 336 460 cit
356 418 417 459 ut·
446 402 510 462 ad
545 409 790 461 Parmam
813 400 1000 460 reversi
1019 400 1180 459 castra
1197 401 1272 459 ibi
1295 399 1544 480 figerent.
1585 401 1691 457 His
1712 420 1866 456 cura-.-

262 489 331 543 ti's
351 486 415 543 ad
432 490 635 543 Lucam
661 485 709 543 se
730 483 962 543 referens
979 529 993 549 ,
1031 488 1247 562 optimo
1267 488 1450 541 animo
1467 481 1751 560 Narsetem
1769 479 1868 538 effe

258 566 410 645 juffit
428 574 480 625 δε
505 589 627 625 cum
648 569 929 642 prudentia
948 571 1121 645 caeptis
1151 565 1402 623 insistere.
1434 567 1548 622 non
1567 566 1710 621 enim
1733 565 1870 619 ultra

263 647 476 706 hostem
497 649 822 707 obstiturum
842 692 860 718 ,
885 656 1037 724 cujus
1057 647 1268 728 repreffi
1288 652 1524 726 impetus
1548 643 1870 713 effent‚Ro-

264 733 440 788 manis
457 737 625 809 copiis
651 733 910 789 inlocum
944 752 1181 790 veterem
1213 729 1476 810 repositis.
1518 725 1708 787 Narses
1728 749 1873 785 neu-

261 817 472 892 tiquam
490 810 774 871 ferendum
804 833 949 871 ratus
979 812 1239 872 Lucenses
1264 810 1340 869 ob
1366 813 1575 868 lentum
1598 809 1870 867 obsidium

265 912 379 953 tam
398 896 488 953 diu
510 895 740 953 resistere
759 937 775 963 ‚
808 896 1055 954 audacter
1075 895 1334 954 maenibus
1354 897 1703 972 propinquat.
1748 891 1873 948 Ad-

265 995 562 1035 moventur
593 977 846 1036 machinae
860 1019 876 1045 ,
913 1002 1043 1058 quas
1080 981 1276 1037 Graeco
1297 977 1568 1035 vocabulo
1603 973 1872 1052 helepoles

264 1078 467 1118 vocant
486 1100 502 1126 ‚
530 1062 585 1117 in
606 1063 744 1116 muri
765 1080 1025 1117 coronam
1047 1063 1218 1140 ignita
1246 1061 1351 1116 tela
1372 1061 1663 1116 mittuntur
1681 1098 1697 1122 ,
1734 1056 1873 1134 lapi-

266 1142 360 1200 des
383 1161 629 1219 praeterea
659 1139 965 1220 sagittaeque
998 1147 1054 1199 in
1084 1164 1179 1199 eos
1215 1145 1307 1221 qui
1337 1141 1608 1198 intervalla
1639 1142 1871 1196 turrium

265 1222 588 1281 tuebantur:
631 1222 826 1280 alicubi
846 1227 1008 1281 etiam
1027 1226 1191 1280 luxari
1210 1240 1431 1302 caeperat
1447 1224 1703 1279 maenium
1722 1242 1882 1287 corn--

265 1327 428 1386 pages
449 1347 465 1373 ‚
487 1311 539 1362 &
560 1307 742 1363 omnis
762 1307 1030 1363 malorum
1048 1304 1207 1363 facies
1228 1301 1564 1362 circumstare
1584 1303 1872 1381 oppidum.

267 1392 364 1467 qui
381 1386 590 1445 obfides
616 1407 737 1445 ante
754 1386 962 1446 fuerant
980 1431 995 1456 ,
1034 1389 1465 1469 diligentiusjam
1489 1407 1569 1443 res
1595 1385 1876 1444 Romanas

266 1469 702 1549 promovebant:
747 1478 801 1528 δέ
819 1476 979 1550 paulo
996 1476 1174 1529 minus
1193 1485 1571 1549 permoverant
1590 1469 1876 1548 populares

242 1550 410 1611 vsuos.
451 1551 537 1611 sed
559 1557 650 1632 qui
680 1555 1010 1612 Francorum
1042 1557 1266 1612 nomine
1297 1551 1548 1610 custodiae
1567 1550 1755 1629 oppidi
1779 1547 1877 1606 ad-

269 1652 423 1692 eramt
440 1676 457 1701 ,
475 1633 723 1713 instigare
742 1635 955 1714 plebem
975 1677 990 1698 ‚
1009 1643 1063 1694 δε
1082 1682 1095 1701 ,
1118 1638 1275 1694 armis
1294 1654 1353 1692 ut
1370 1631 1578 1690 hostem
1596 1633 1886 1707 pellerenr,'

267 1715 470 1774 hortari
488 1716 702 1774 affidue.
747 1721 916 1797 Igitur
934 1722 1101 1796 portis
1118 1721 1308 1796 apertis
1332 1715 1488 1774 subiti
1511 1717 1565 1772 in
1587 1716 1873 1771 Romanos

269 1800 482 1857 irruunt
499 1838 516 1864 ‚
536 1797 633 1855 hac
651 1800 865 1857 audacia
884 1804 1164 1857 victoriam
1184 1797 1452 1877 sperantes
1467 1838 1480 1862 ,
1503 1793 1664 1873 reipsa
1685 1814 1873 1874 parum

267 1877 515 1938 hostibus
535 1921 551 1942 ,
593 1879 805 1938 sibimet
836 1883 1128 1960 plurimum
1167 1882 1417 1937 nocituri.
1469 1881 1611 1936 Nam
1633 1878 1874 1956 plerique

268 1961 511 2041 ipsorum
546 1964 991 2039 Lucensiumjam
1014 1968 1265 2021 inclinato
1294 1982 1386 2040 per
1401 1957 1872 2018 deditionissuaso-

271 2064 356 2104 res
376 2047 825 2125 animoxpugnam
847 2045 1229 2106 aversabantur.
1270 2043 1563 2122 Postquam
1585 2042 1754 2099 multa
1775 2054 1882 2118 co-s

272 2125 530 2183 nantibus
551 2126 682 2183 nihil
698 2125 994 2187 successerat
1015 2171 1032 2196 ‚
1064 2130 1245 2184 multis
1260 2124 1477 2183 suornm
1498 2123 1723 2191 amisIiS,
1757 2143 1875 2187 tur-

273 2229 399 2288 pem
417 2205 618 2266 faciunt
634 2206 818 2289 fugam
838 2250 857 2276 ,
887 2217 939 2269 &
973 2209 1234 2268 maenibus
1263 2207 1450 2265 reddi-ti
1470 2207 1664 2270 arctius
1680 2203 1888 2269 deinde

272 2309 628 2369 premuntur,
659 2310 717 2348 ut
735 2293 913 2373 egredi
935 2295 1066 2350 ultra
1084 2314 1195 2349 non
1217 2293 1415 2349 liceret.
1451 2292 1601 2346 Tum
1622 2285 1885 2361 univerfi2j

275 2393 392 2432 non
423 2373 520 2430 alia
539 2371 640 2451 ,spe
672 2372 851 2431 salutis
883 2378 1085 2455 reliqua
1103 2416 1120 2443 ,
1158 2374 1221 2431 ad
1255 2368 1568 2430 necessitatis
1586 2373 1873 2449 imperium

275 2473 558 2512 mutarunt
573 2453 885 2516 sententiam
908 2500 922 2524 ,
944 2456 1232 2515 &consilia
1249 2454 1276 2514 a
1292 2474 1537 2531 tempore
1554 2451 1885 2525 sumserunt-[J

275 2538 349 2593 Et
367 2559 491 2594 cum
512 2535 674 2595 fidem
701 2537 917 2596 dediffet
935 2538 1125 2597 Narses
1145 2580 1162 2607 ,
1204 2535 1395 2616 seipsis
1424 2535 1499 2593 ob
1519 2553 1639 2597 ante
1657 2535 1770 2592 asta
1788 2537 1873 2596 in-

277 2616 489 2682 fensum
528 2640 642 2681 non
691 2617 808 2680 fore
830 2662 846 2685 ‚
883 2621 1131 2679 dedidere
1161 2619 1423 2699 oppidum
1458 2659 1479 2685 ,Ἢ
1524 2619 1872 2697 Romanum&

277 2722 385 2780 que
404 2704 696 2759 exercitum
716 2701 1087 2760 l'aeti'admisere
1108 2745 1122 2771 ‚
1152 2700 1266 2760 feffi
1284 2700 1531 2758 trimestri
1550 2697 1781 2766 obsidio,
1798 2697 1874 2755 se-

278 2804 385 2861 que
405 2787 746 2861 Imperatoris
766 2789 820 2840 in
839 2786 1103 2843 ditionem
1125 2783 1478 2843 reddiderunt.
1495 2780 1682 2840 Narses
1696 2823 1711 2849 ‚
1727 2784 1880 2848 Luca?

279 2868 511 2943 potituS,
529 2873 651 2921 cu'm
673 2865 800 2922 nihil
821 2867 1008 2924 hostile
1030 2871 1160 2925 eain
1178 2870 1401 2946 regione
1426 2864 1638 2922 restaret
1659 2904 1674 2929 ‚
1693 2874 1885 2941 neque:

276 2947 601 3011 morandum
621 2948 696 3010 ibi
716 2948 916 3013 censuit
933 2991 953 3022 2
997 2972 1174 3034 neque
1190 2950 1275 3014 vel
1291 2950 1579 3026 minimum
1599 2948 1872 3021 imminit-‘²

328 3056 331 3058 >
1099 3036 1105 3038 ’
1673 3026 1875 3089 ῑεηάοεΧ
