1888 3428
165 210 608 269 Gb‘rrmcffi
645 208 1372 267 Hrs-romAE.L113.IV.
1509 223 1621 283 517

9 286 168 349 stium
189 334 205 358 ,
250 296 378 351 laeva
398 291 657 351 eosdema
684 291 732 348 se
770 287 1052 366 repellebat
1071 331 1084 350 ,
1130 286 1262 344 nihil
1280 288 1418 345 aliud
1451 308 1617 367 quam

9 376 336 452 protectoris
355 396 558 431 nomen
580 374 886 432 inclamans.
929 373 1119 448 Atque
1139 371 1222 426 ille
1244 369 1336 426 ubi
1353 390 1478 426 cum
1497 367 1617 427 scu-

9 473 74 512 to
106 455 283 513 aderat
301 499 315 521 ,
361 479 572 514 novum
593 455 695 512 hoc
713 453 874 511 sumit
892 472 992 530 pro
1021 471 1089 507 eo
1110 452 1262 529 quod
1279 450 1438 507 hastis
1468 472 1614 508 onu-

9 535 150 594 stum
171 558 299 594 erat.
341 535 428 596 sed
448 538 558 595 haec
591 536 720 594 dum
748 552 982 615 aguntur
1000 574 1017 600 ,
1061 554 1154 611 per
1175 532 1440 612 punfflmm
1468 550 1614 589 tem-

11 621 158 698 poris
179 620 363 698 pectus
385 627 497 698 ejus
516 622 686 700 patuit
706 658 721 683 ‚
765 639 822 674 ac
842 613 984 672 forte
1003 616 1182 690 jaculo
1216 617 1387 672 ifflum
1405 612 1480 671 est
1495 655 1512 682 ‚
1546 636 1612 672 ex

10 721 125 780 quo
156 723 283 758 eum
318 701 543 759 stantem
579 721 725 757 mors
753 701 1057 777 occupavit.
1102 715 1261 776 caput
1291 695 1612 775 impositum

10 801 179 840 conto
200 825 217 852 ,
257 787 387 841 utin
404 784 626 842 sublime
645 783 922 839 tolleretur
941 822 957 848 ‚
977 781 1217 838 Romani
1239 780 1460 860 quidam
1480 783 1615 837 utri-

10 885 119 944 que
155 869 407 924 exercitui
440 864 808 932 ostentarunt,
858 864 1122 927 Romanis
1152 904 1169 929 ‚
1203 884 1317 942 quo
1355 861 1621 924 auderent.

14 950 185 1028 magis
203 989 218 1009 ,
251 947 478 1005 Gotthis
496 987 513 1012 ,
542 963 612 1004 ut
638 945 723 1025 spe
742 947 899 1003 omni
918 943 1120 1020 abjec'ta
1150 945 1294 1002 bello
1315 942 1482 1003 finem
1505 948 1617 1002 im-

10 1048 298 1107 ponerent.
343 1029 514 1087 sedne
536 1028 602 1085 fic
632 1029 850 1108 quidem
873 1030 1052 1106 praelio
1086 1026 1289 1085 Gotthi
1314 1024 1618 1096 abscessere,

10 1114 143 1190 quin
171 1113 225 1169 id
258 1112 629 1190 produxerunt
663 1116 717 1168 in
753 1109 917 1190 ipsam
954 1111 1173 1169 noctem
1207 1150 1225 1179 ,
1267 1109 1409 1168 haud
1442 1113 1629 1191 ignari*
1708 1131 1710 1133 ·

10 1212 319 1272 quanquam
338 1236 354 1262 ‚
399 1192 634 1251 cecidisse
652 1193 852 1273 regern.
899 1191 1189 1272 Postquam
1220 1191 1432 1251 obortae
1465 1209 1618 1250 erant

11 1275 247 1332 tenebrae
268 1306 306 1342 ‚2-
331 1277 704 1334 diremtiinter
721 1274 770 1332 se
794 1278 1008 1354 utrique
1040 1276 1263 1331 noctem
1294 1297 1412 1332 eam
1442 1279 1497 1331 in
1528 1296 1615 1330 ar-

9 1359 113 1413 mis
134 1378 307 1436 egere.
353 1357 574 1416 Postero
594 1357 732 1414 bene
753 1379 908 1415 mane
924 1359 1080 1414 exciti
1096 1360 1265 1414 aciem
1284 1358 1477 1415 eodem
1499 1379 1614 1437 quo

10 1439 183 1516 pridie
216 1440 386 1498 modo
420 1440 734 1498 ordinavere
765 1480 781 1506 ,
825 1438 1141 1518 rursumque
1176 1438 1240 1497 ad
1272 1441 1494 1497 nocSiem
1530 1437 1618 1496 us-
1645 1450 1650 1452 “

11 1535 121 1599 que
139 1520 390 1580 dimicare
425 1520 839 1601 perseverarunt.
879 1524 1076 1600 Neque
1100 1543 1227 1579 vero
1248 1541 1338 1579 aut
1357 1521 1620 1581 cedebant

11 1603 98 1659 alii
116 1604 264 1671 aliis,
310 1622 403 1661 aut
438 1604 882 1684 terga'vertebant
903 1645 919 1671 ‚
950 1623 1040 1660 aut
1069 1603 1263 1681 pedem
1290 1600 1616 1670 referebant,

12 1688 263 1764 quamvis
302 1688 554 1765 utrinque
588 1687 807 1764 plurimi
844 1685 1266 1750 occumberent,
1295 1684 1620 1743 sedinfenfis

13 1769 204 1823 animis
224 1768 619 1825 concurrebant
637 1765 877 1838 efferati,
925 1766 1129 1824 Gotthi
1148 1765 1252 1823 hoc
1271 1764 1320 1824 se
1357 1769 1621 1825 ultimum

16 1866 212 1906 certare
231 1847 350 1906 satis
381 1851 742 1929 intelligentes
765 1890 779 1910 ‚
820 1847 1063 1907 Romani
1082 1870 1208 1907 vero
1228 1850 1516 1929 indignum
1536 1872 1622 1907 ra·-

17 1934 61 1987 ti
87 1928 124 1987 fi
158 1930 224 1988 ab
259 1934 332 1989 eis
359 1929 750 2010 superarentur.
808 1931 1062 1990 Tandem
1100 1930 1318 1990 Barbari
1353 1932 1520 1989 missis
1553 1932 1621 1989 ad

12 2010 293 2071 Narsetem
315 2013 591 2072 nobilibus
609 2017 733 2073 viris
748 2056 765 2081 ‚
807 2014 1036 2071 cdostos
1053 2012 1103 2070 se
1134 2018 1283 2089 ajunt
1302 2014 1504 2072 bellum
1524 2013 1621 2071 fibi

18 2114 143 2173 cum
170 2098 295 2153 Deo
329 2094 461 2153 effe:
505 2095 696 2154 sentire
732 2095 778 2154 se
808 2100 1008 2175 quippe
1028 2099 1138 2153 vim
1169 2095 1434 2154 adversam
1464 2101 1623 2154 omni

13 2174 249 2234 humana
265 2199 371 2258 ope
391 2182 686 2252 majorem:
730 2176 846 2235 sero
865 2177 912 2235 se
933 2200 1120 2236 verum
1140 2178 1291 2258 quod
1310 2178 1434 2237 effet
1454 2200 1623 2237 even-

19 2258 82 2316 tu
100 2261 318 2317 coactos
352 2260 658 2340 agnoscere.
701 2261 914 2318 Exuet-e
935 2259 983 2317 se
1004 2263 1346 2339 pertinaciam
1366 2302 1383 2328 ,
1418 2282 1517 2318 nec
1539 2264 1624 2319 ul-

19 2357 100 2398 tra
118 2340 724 2410 utiarrnisinfelicibus‚
754 2343 884 2400 dum
904 2363 970 2400 ne
1001 2347 1345 2421 Imperatoris
1373 2341 1508 2420 juffa
1526 2364 1622 2421 pa-

19 2428 255 2482 terentur
277 2465 291 2486 ,
317 2421 404 2482 sed
425 2428 655 2482 aliorum
671 2425 1032 2483 Barbarorum
1054 2446 1206 2482 more
1222 2424 1298 2483 sui
1317 2431 1454 2501 juris
1473 2430 1624 2483 vive-

22 2525 157 2564 rent.
200 2506 325 2564 Post
355 2506 465 2564 haec
498 2506 764 2586 rogabant
783 2509 1104 2575 Roman03‚
1137 2507 1342 2565 abitum
1374 2527 1432 2565 ut
1467 2527 1625 2586 paca-

24 2603 142 2645 tum
161 2587 346 2645 darent
372 2588 601 2647 Gotthis
621 2629 638 2654 ‚
685 2611 784 2647 nec
816 2590 1117 2647 inviderent
1136 2608 1400 2648 mutatam
1429 2592 1484 2646 in
1507 2610 1627 2646 me·-

0 2668 123 2726 {lius
147 2668 421 2728 mentem:
464 2669 622 2729 sed&
657 2673 714 2728 in
747 2669 901 2729 usum
933 2674 1106 2729 viatici
1134 2672 1496 2729 concederent
1530 2693 1627 2750 pe·-

25 2753 203 2808 cunias
229 2774 361 2831 quas
395 2774 586 2810 eorum
606 2757 837 2833 quisque
869 2758 924 2810 in
958 2756 1114 2820 Italiae
1148 2753 1395 2833 praesidiis
1413 2751 1627 2831 deposi-

29 2849 107 2892 tas
122 2831 424 2891 habebant:
465 2834 656 2892 Narses
691 2834 848 2911 super
878 2834 959 2892 his
977 2835 1258 2893 confilium
1292 2835 1415 2892 suos
1443 2855 1627 2913 popo—

27 2910 139 2970 scit.
178 2916 443 2973 Iohannes
472 2918 724 2974 Vitaliani
760 2915 934 2974 suasor
969 2914 1072 2975 fuit
1104 2918 1372 2982 annuendi
1408 2918 1585 2995 petitis
1606 2954 1624 2981 ,

30 3014 207 3076 neque
241 2997 377 3057 ultra
413 2998 649 3058 certandi
683 3020 809 3058 cum
851 2998 1169 3058 hominibus
1212 3003 1333 3059 vitae
1366 2994 1629 3079 pertaesis,

882 3079 989 3138 Kk
1038 3102 1062 3157 3
1459 3096 1637 3156 neque
