1888 3428
246 153 361 215 '168
553 161 942 218 Pnocopu
995 159 1546 220 CAESAREENMS

246 236 321 295 est
343 237 483 294 viam
513 243 757 318 experiri.
789 239 974 319 positis
1006 245 1171 322 igitur
1189 245 1379 310 armiS,
1423 239 1672 309 manibus
1697 240 1849 321 pecli-

245 318 453 397 busque
473 323 649 393 multo
686 343 809 379 cum
828 322 1016 381 labore.
1031 323 1203 381 enisus
1223 365 1238 386 ‚
1283 327 1428 382 venit
1448 329 1502 380 in
1520 321 1734 383 feminae
1755 346 1852 381 cu·-

246 399 487 458 biculum
508 444 524 470 ‚
563 424 909 484 mortemque
930 410 1008 470 ei,
1042 409 1096 463 ni
1128 405 1302 473 fileat,
1338 410 1732 463 interminatur.
1765 407 1851 463 illa

218 502 525 563 Vpraernetu
545 504 755 544 tacente
774 528 791 554 ‚
829 488 1065 544 validum
1100 486 1292 546 restem
1329 489 1393 545 de
1412 488 1649 554 arboria,
1689 508 1854 566 quam
1881 484 1888 490 ⁷

243 564 358 629 dixi
380 605 397 632 ‚
429 584 621 625 trunco
658 570 880 626 nectens
898 609 915 635 ,
947 571 1104 627 altera
1137 576 1248 646 ejus
1268 568 1378 626 fine
1399 575 1452 627 in
1472 571 1710 626 canalem
1730 570 1856 644 deji-

214 668 215 680 ¹
244 648 338 704 cit.
380 648 500 706 Hac
522 653 755 708 militum
774 655 1058 731 proximus
1079 650 1400 732 apprehensa
1417 693 1432 718 ‚
1465 672 1602 732 aegre
1619 648 1667 707 se
1682 647 1873 709 sustu-¹

244 729 473 794 lit‚m0x
496 734 627 790 alius
648 752 810 813 atque
825 737 956 792 alius
973 776 987 801 ‚
1021 734 1406 810 donecomnes
1426 733 1852 812 evasere‚quarto

246 808 417 869 ferme
436 815 612 871 noctis
630 817 858 894 reliquo.
901 818 1211 874 Procedunt
1242 819 1297 873 in
1321 819 1555 883 moenia,
1594 818 1857 872 turrium-

244 913 354 972 que
374 895 619 955 custodes
639 898 779 956 duos
794 901 1037 957 incautos
1055 898 1402 960 obtruncant,
1427 921 1529 978 qua
1546 898 1607 955 ad
1631 900 1869 977 Septen-‘

244 977 489 1035 trionem
524 979 870 1037 vertebantur
905 986 1142 1038 moenia:
1196 983 1259 1038 ad
1290 1003 1454 1060 quam
1487 999 1692 1054 partem
1729 1000 1856 1037 cum

243 1057 375 1115 Besa
407 1082 465 1118 ac
499 1060 701 1118 Photio
736 1060 973 1120 adstabat
1006 1063 1281 1120 Belisarius
1301 1104 1317 1130 ‚
1349 1063 1566 1120 sollicite
1599 1080 1856 1119 eventum
1885 1083 1888 1086 ⁴

245 1146 559 1220 opperiens
591 1146 664 1200 illi
685 1144 832 1200 tubis
849 1145 1023 1201 socios
1042 1150 1097 1201 in
1120 1149 1324 1201 moenia
1343 1165 1553 1202 vocant.
1576 1142 1857 1201 Belisarius

244 1222 313 1279 ad
347 1228 549 1281 moenia
572 1264 587 1290 ‚
628 1229 828 1282 circum
862 1230 1128 1304 applicatis
1167 1226 1343 1294 scaliS‚
1377 1225 1625 1283 scandere
1661 1227 1858 1283 milites

242 1303 487 1378 jubebat.
516 1305 602 1363 sed
636 1326 884 1366 evenerat
908 1349 922 1370 ,
959 1326 1018 1365 ut
1038 1309 1291 1367 scalarum
1316 1309 1549 1384 nullabad
1571 1328 1855 1365 murorum
1884 1348 1888 1354 ,

242 1385 520 1443 summurn
545 1394 896 1470 pertingeret.
942 1412 1066 1448 nam
1089 1396 1214 1471 quia
1243 1394 1376 1450 clam
1397 1412 1491 1448 eos
1508 1387 1745 1447 fecerant
1773 1386 1858 1447 fa-

245 1464 357 1533 bri,
397 1473 635 1529 exactam
670 1473 972 1531 mensuram
997 1496 1183 1552 capere
1208 1477 1545 1554 nequierant.
1588 1473 1861 1551 Binisigi-

242 1567 335 1606 tur
367 1555 505 1610 inter
537 1553 585 1610 se
606 1555 909 1621 devinctis,
942 1579 1005 1614 ex
1031 1561 1187 1614 altera
1219 1561 1273 1614 in
1307 1557 1523 1613 alteram
1547 1553 1857 1613 scandentes

244 1633 444 1689 milites
465 1675 479 1698 ‚
500 1634 566 1691 fic
587 1657 773 1692 muros
790 1637 1133 1717 superarunt:
1171 1643 1244 1695 ita
1259 1638 1323 1696 ad
1346 1639 1399 1695 id
1419 1639 1659 1695 latus'cui
1680 1636 1873 1694 aderat

243 1712 526 1772 Belisarius
555 1738 638 1774 res
668 1720 887 1776 tandem
923 1719 1169 1800 prospere
1199 1738 1462 1777 evenerat.
1506 1723 1586 1775 At
1618 1740 1677 1776 ea
1709 1737 1856 1796 parte

242 1801 515 1855 moenium
537 1818 655 1878 quaej
674 1805 804 1858 mari
823 1802 1044 1860 obversa
1063 1802 1250 1859 Iudaeis
1280 1806 1335 1859 in
1367 1792 1880 1875 custodiam'ceffe-ss,

244 1895 359 1945 rat,
391 1902 568 1960 neque
598 1880 742 1940 scalis
764 1887 841 1940 uti
864 1926 880 1951 ,
916 1906 1091 1963 neque
1112 1886 1215 1941 alio
1253 1886 1362 1941 ullo
1386 1885 1557 1940 modo
1578 1882 1852 1941 ascendere
1875 1897 1882 1900 ’

242 1959 411 2017 licuit.
457 1966 680 2041 Qppe
708 1967 897 2033 Iudaei,
936 1970 1087 2046 gnari
1124 1968 1347 2023 meritos
1379 1964 1430 2022 se
1460 1969 1592 2022 iram
1611 1964 1850 2022 hostium
1871 1973 1887 2010 -’

244 2060 388 2119 quos
412 2044 804 2121 prohibuissent
832 2047 937 2117 fine
955 2050 1212 2127 sanguine
1238 2049 1446 2127 oppido
1467 2051 1663 2126 potiri,
1689 2066 1850 2124 atque

244 2122 323 2178 ob
342 2125 395 2182 id
410 2123 680 2206 desperata
698 2133 849 2187 venia
869 2170 883 2191 ‚
915 2153 981 2187 eo
997 2129 1109 2208 ipso
1128 2149 1376 2208 ternpore
1396 2131 1525 2188 dum
1545 2130 1853 2208 capiebatur

244 2206 511 2284 oppidum
536 2216 556 2278 ,‘
587 2211 902 2290 pugnabant
920 2210 1133 2270 fortiter
1151 2253 1166 2274 ,
1196 2212 1556 2293 hostilemque
1583 2217 1849 2290 impetum

242 2292 298 2344 vi
315 2309 509 2368 magna
532 2291 874 2352 sustinebant.
918 2298 1025 2353 Die
1044 2314 1170 2352 orto
1190 2302 1241 2353 &
1262 2298 1356 2375 qui
1370 2296 1494 2352 alibi
1513 2294 1851 2351 ascenderant

240 2369 301 2427 in
320 2391 416 2428 eos
436 2395 626 2431 venere
646 2399 662 2440 3
698 2395 859 2455 atque
876 2379 949 2435 ita
965 2420 982 2446 ‚
1016 2398 1113 2434 nec
1130 2395 1287 2457 tergo
1307 2380 1438 2435 tutis
1458 2418 1472 2439 ‚
1508 2377 1639 2434 nihil
1662 2394 1848 2455 praeter

242 2448 433 2531 fugam
463 2458 731 2537 reliquum
760 2456 886 2517 fuit.
915 2478 1205 2538 totumque
1224 2460 1488 2538 oppidum
1522 2463 1578 2516 in
1608 2457 1847 2537 potesta-

241 2549 355 2593 tem
378 2540 523 2595 venit
542 2579 559 2606 ,
591 2544 788 2618 apertis
815 2547 1014 2622 quippe
1036 2548 1149 2619 jam
1169 2550 1221 2600 &
1257 2545 1425 2620 portis
1455 2541 1519 2598 ad
1553 2538 1846 2621 ingressum

242 2621 530 2677 exercitus.
567 2625 644 2677 At
663 2626 756 2701 qui
791 2624 857 2680 ad
883 2623 1273 2704 oppugnandas
1302 2642 1484 2702 portas
1512 2619 1632 2680 solis
1660 2641 1861 2679 ortum.

240 2693 538 2777 spectantes
556 2702 712 2781 positi
729 2700 942 2763 fuerant
961 2748 975 2773 ‚
1006 2707 1148 2763 scalis
1184 2704 1460 2773 destituti,
1499 2703 1631 2784 ipsas
1662 2721 1844 2785 portas

240 2781 593 2842 incustoditas
617 2789 742 2864 igne
771 2782 1024 2845 usserunt.
1056 2810 1180 2845 nam
1201 2809 1317 2847 eam
1350 2793 1615 2845 moenium
1636 2805 1843 2866 partem
1861 2793 1875 2800 ⁸

240 2867 470 2946 vigilum
490 2863 619 2947 fuga
634 2868 941 2927 nudaverat.
959 2872 1042 2926 Fit
1063 2892 1257 2950 magna
1274 2870 1458 2927 caedes.
1475 2867 1663 2926 infensi
1681 2872 1842 2948 quip-

237 2971 307 3034 pe
345 2951 536 3008 animis
563 2991 583 3020 ,
619 2953 854 3012 maxime
885 2951 922 3013 fi
954 2956 1076 3033 quis
1107 2951 1322 3012 fratrem
1344 2970 1435 3011 aut
1464 2955 1838 3032 propinquum

1694 3047 1837 3091 mter
