1888 3428
261 164 699 245 GoJT-rmcffi
738 167 1149 228 H1sToR1AE
1187 170 1433 230 L1B.11.
1533 175 1646 253 285

0 314 5 319 ,
50 248 130 312 ob
152 253 206 312 id
223 252 518 333 imperabas
536 256 690 311 omni
710 251 880 309 modo
900 272 1208 308 caveremus
1228 295 1242 317 ,
1264 274 1332 310 ne
1354 276 1452 331 pro
1472 256 1650 313 nostra

52 337 481 414 parte-traderem
492 357 551 392 us
569 333 811 392 hostibus
833 332 1179 389 Gon-horum
1201 354 1333 412 opes
1353 375 1369 401 ,
1418 340 1652 413 promit-

53 419 310 496 tebas'que
328 458 344 485 ‚
382 416 699 496 fimulatque
733 412 931 471 necess'e
952 413 1074 472 effet
1092 455 1108 482 ‚
1143 412 1455 473 adfuturum
1474 439 1525 473 te
1548 440 1651 475 no-

52 499 135 556 bis
155 521 275 555 cum
303 504 534 556 exercitu
558 540 572 561 ‚
606 521 704 555 nec
721 517 993 555 vocatum.
1044 498 1115 552 Et
1137 518 1237 553 nos
1271 498 1488 576 quidem
1527 519 1649 556 cum

47 579 297 638 Belisario
315 603 373 637 ac
395 579 537 638 fame
573 582 764 637 eodem
796 599 1042 655 tempore
1062 577 1321 635 bellantes
1350 577 1442 637 fidi
1475 580 1655 637 custo-

12 735 16 738 *
48 662 141 737 des
167 666 375 742 imperii
398 669 474 719 tui
497 661 722 718 fuimus.
756 679 816 718 tu
851 662 1052 717 nullam
1074 681 1236 738 opem
1259 659 1460 718 adferre
1493 662 1653 719 nobis

48 739 184 803 curae
204 764 307 802 tuae
340 743 530 802 duxisti
548 744 817 800 hac'tenus.
861 744 1026 799 Nunc
1045 743 1166 800 vide
1188 741 1255 799 ne
1271 747 1323 799 in
1352 762 1509 823 capto
1531 749 1654 800 Au-

49 830 198 883 ximo
221 827 457 883 Romani
478 828 701 884 clavium
723 828 915 903 potiti,
938 846 1068 903 quas
1087 824 1160 881 ibi
1184 824 1380 901 pofitas
1407 827 1653 905 negiigis,

49 907 184 979 nihil
218 927 431 965 tuarum
468 930 644 965 rerum
681 906 898 986 posthac
929 906 1025 963 fibi
1059 906 1366 985 praeclusum
1402 907 1651 964 babeant.

48 991 184 1047 Haec
214 993 377 1048 literis
412 991 846 1047 continebantur.
895 1010 1026 1067 quas
1047 1007 1104 1044 ut
1125 992 1253 1068 legit
1286 989 1519 1069 vitigis,
1559 1011 1655 1046 eos

49 1077 142 1151 qui
164 1074 392 1129 tulerant
426 1071 621 1130 dimifit
653 1073 798 1128 illico
819 1112 834 1138 ,
866 1068 1134 1149 promiffis
1163 1089 1420 1137 oneratos
1440 1092 1563 1128 cum
1593 1092 1656 1128 o-

35 1158 163 1212 ‘mni
183 1152 230 1210 se
255 1154 599 1211 Gotthorum
618 1158 832 1233 agmine
852 1156 1098 1210 Auximo
1118 1152 1380 1233 suppetias
1400 1154 1653 1212 laturum.

48 1234 513 1293 Atnihilominus
548 1258 600 1293 re
631 1237 771 1313 apud
803 1234 1116 1313 sevcogitata
1145 1235 1498 1292 cunctabatur
1524 1277 1540 1302 ‚
1598 1257 1658 1292 ac

50 1318 222 1377 modo
238 1315 336 1373 fibi
357 1316 591 1395 figurans
612 1317 905 1376 Iohannem
924 1320 1088 1395 tergis
1105 1315 1334 1373 infistere
1353 1360 1367 1381 ,
1393 1335 1550 1396 atque
1568 1321 1655 1373 in-

48 1397 292 1472 desfsesyin
312 1401 539 1477 'ancipiti
561 1440 578 1467 ,
626 1400 796 1456 modo
828 1394 1146 1456 immensam
1186 1399 1509 1456 bellatorum
1545 1402 1655 1457 vim

52 1501 177 1538 cum
195 1479 446 1538 Belisario
465 1482 563 1538 effe
582 1523 597 1549 ‚
620 1478 936 1560 trepidabat.
977 1480 1078 1538 Sed
1097 1475 1329 1538 manime
1349 1502 1473 1539 eum
1498 1501 1651 1539 com-

51 1561 497 1626 moverat-,fames
515 1604 529 1629 ‚
564 1584 675 1619 non
711 1561 999 1620 habentem
1020 1562 1163 1619 unde
1189 1566 1442 1620 exercitui
1462 1559 1655 1642 suppe—

51 1644 246 1707 ditaret
277 1648 538 1702 alimenta.
584 1646 729 1701 Nam
749 1646 989 1701 Romani
1008 1646 1167 1700 maris
1188 1660 1439 1722 potentes
1458 1651 1512 1702 &
1532 1649 1656 1702 An·-

50 1746 200 1784 conae
216 1742 235 1794 ,’
251 1749 312 1783 ex
336 1728 503 1783 Sicilia
525 1725 875 1804 Calabriaque
893 1722 1078 1804 fruges
1095 1729 1384 1782 Anconam
1405 1729 1658 1784 contule-

47 1814 168 1864 -rant
186 1804 384 1887 ,atque
403 1808 528 1864 inde
549 1805 699 1864 facile
714 1849 732 1874 ,
753 1828 867 1886 quo
890 1807 1010 1864 usus
1029 1810 1297 1887 exigeret,
1349 1807 1658 1887 portabant.

52 1889 279 1947 Gotthis
314 1902 440 1947 vero
477 1889 510 1946 fi
542 1889 797 1946 Picenum
830 1890 1274 1970 ingrederentur,
1326 1892 1525 1947 nullam
1549 1891 1657 1949 cibi

48 1973 260 2050 copiam
285 1971 630 2050 'prospecians
649 2013 665 2039 ‚
702 1975 882 2042 animo
903 1971 979 2027 ob
1008 1971 1060 2028 id
1081 1970 1393 2050 angebatur.
1425 1973 1657 2032 Rediere

46 2057 351 2119 Auximum
381 2059 474 2133 qui
493 2056 634 2133 apud
662 2056 894 2132 Vitigim
911 2050 1153 2114 fuerant,
1190 2056 1386 2110 iterum
1407 2053 1658 2114 hostibus

47 2133 372 2202 inobserssvati
393 2178 409 2203 ‚
441 2135 798 2214 promissaque
815 2138 953 2214 regis
970 2138 1181 2214 largiter
1198 2139 1533 2204 emetientes‚
1548 2137 1658 2216 spei

49 2238 195 2275 vanae
214 2216 471 2283 barbaros
492 2217 810 2296 implebant.
852 2220 1160 2296 Cognitum
1180 2217 1233 2275 id
1257 2215 1657 2299 transfugarum

9 2354 13 2358 .
48 2320 142 2378 per
159 2301 416 2357 indicium
438 2298 716 2357 Belisario:
760 2321 816 2356 ac
836 2320 903 2355 ne
921 2297 1125 2355 rursum
1144 2300 1196 2357 id
1216 2298 1368 2357 fieret
1384 2342 1400 2368 ‚
1423 2303 1656 2360 intendit

48 2381 332 2439 custodias.
379 2385 518 2451 Quae
546 2382 676 2439 dum
712 2399 974 2462 aguntur,
1009 2383 1313 2459 Cyprianus
1333 2404 1392 2440 ac
1421 2382 1655 2441 Iustinus

48 2465 103 2539 in
125 2463 624 2524 Fesulaeobfidione
642 2463 943 2520 laborantes
961 2504 979 2530 ,
1024 2484 1136 2519 non
1157 2464 1494 2541 reperiebant
1514 2488 1658 2545 quo-

48 2546 352 2615 modozaut
385 2564 762 2626 oppugnarent
797 2566 983 2602 muros
1005 2564 1110 2621 ¹aut
1143 2549 1362 2624 propius
1381 2545 1656 2611 subirent,

49 2625 249 2685 difficili
269 2627 402 2684 adeo
427 2626 644 2685 acceffu.
675 2626 762 2684 sed
794 2626 1203 2706 erumpentibus
1233 2629 1375 2685 ultro
1403 2628 1659 2699 barbariS‚

48 2726 112 2766 ut
143 2713 236 2789 qui
269 2713 573 2787 praeliorum
610 2710 844 2790 pericula
862 2732 1024 2789 quam
1059 2707 1456 2768 necessariarum
1475 2733 1655 2770 rerum

47 2796 330 2870 penuriam
363 2795 612 2859 mallent,
644 2811 846 2871 aequata
859 2794 950 2851 diu
969 2791 1456 2860 fortuna‚tandem
1478 2796 1654 2851 visto*

48 2891 133 2928 res
150 2873 392 2931 Romani
410 2879 544 2932 intra
566 2879 754 2932 maenia
772 2872 981 2932 hostem
1002 2882 1313 2943 co'e'rcuere‚
1351 2881 1453 2933 acri
1475 2875 1655 2932 custo-

45 2952 169 3026 dia,
203 2976 270 3016 ne
294 2957 426 3039 quid
444 2978 509 3017 eo
532 2974 850 3039 penetraret.
893 2960 1045 3016 Tum
1068 2975 1343 3037 premente
1362 2960 1546 3096 inopfia
1561 2995 1578 3021 ,
1594 2975 1651 3011 ac

1511 3054 1650 3094 utun
