1888 3428
264 146 378 208 Go
399 141 712 207 T‘Tnlcffi
752 147 1153 209 H1sToR1AE
1192 153 1401 213 Lim-I.
1529 175 1637 235 145

11 250 150 307 „tam
182 233 585 311 quamprimum
617 232 764 288 Italia
797 232 1069 289 excedere.
1111 239 1410 311 Imperator
1440 243 1639 297 nuntio
1673 267 1676 269 >

28 311 241 392 gavisus
259 353 275 374 ‚
314 312 560 369 hortatus
578 311 652 370 est
672 332 732 369 ut
750 317 954 370 veniret
973 356 988 379 ,
1021 332 1180 393 atque
1198 317 1484 394 Epidamni
1505 322 1639 389 aedes

27 392 407 471 pulcherrimas
441 413 644 475 paratas
677 392 859 450 haberi
885 395 1037 471 jussit
1072 438 1089 463 ‚
1126 416 1184 454 ut
1221 398 1314 455 ubi
1351 399 1638 460 advenisset

27 472 412 533 Amalasuntha
433 518 448 542 ‚
475 476 552 552 ibi
571 477 858 533 diverteret
877 517 894 542 ,
922 483 976 534 &c
994 497 1259 556 quantum
1281 481 1441 538 vellet
1457 486 1658 540 mora-av

28 573 82 614 ta
101 597 118 624 ,
139 576 384 636 pergeret
400 561 738 633 Byzantium.
783 557 1003 627 Quibus
1030 560 1414 619 Amalasuntha
1444 567 1640 642 cogni*

14 640 126 706 rtis,
160 638 330 695 leffos
364 638 390 694 ἐ
423 639 649 696 Gotthis
681 644 823 697 viros
844 661 984 698 acres
1005 639 1210 721 sibique
1229 647 1452 701 intimos
1470 650 1640 704 mittit

25 723 83 777 in
120 720 317 778 caedem
348 739 542 782 eorum
574 724 737 778 trium
776 744 918 800 quos
943 720 1192 781 faotionis
1213 728 1267 782 in
1287 725 1450 805 ipsam
1475 727 1638 801 duces

21 799 170 860 fuisse
202 802 373 859 modo
412 808 724 883 memoravi.
772 806 1225 884 Simulimpositis
1253 812 1310 865 in
1329 830 1518 866 navem
1541 830 1638 887 pe-

24 887 192 942 cuniis
208 922 224 950 ‚
250 903 542 963 praeterque
564 905 774 942 caeteras
797 891 907 943 auri
928 889 1245 968 quadragies
1263 892 1404 948 mille
1423 892 1637 969 pondO,
1712 908 1716 912 ·

21 965 339 1023 hominibus
353 964 473 1025 fidis
490 971 563 1024 im
572 986 719 1045 perat
736 990 795 1026 ea
812 967 1089 1027 conscensa
1109 969 1231 1028 ferri
1248 973 1637 1051 Epidamnum.

24 1047 118 1105 ubi
140 1047 648 1128 appropinquassent
667 1091 684 1115 ‚
705 1049 986 1108 consistere
1005 1055 1059 1108 in
1081 1073 1275 1132 portu-*2
1297 1074 1355 1111 ut
1376 1052 1410 1110 si
1431 1071 1535 1111 tres
1554 1057 1634 1112 illi

15 1135 253 1208 perirent
271 1171 289 1196 ‚
321 1143 561 1188 maneret
593 1131 700 1210 ipsa
719 1155 1023 1213 navemque
1041 1154 1316 1195 revocaret
1337 1177 1354 1204 ‚
1387 1135 1632 1194 absoluta

19 1212 88 1269 ab
124 1215 470 1269 inimicorum
508 1232 659 1270 metu
699 1237 713 1270 :
758 1214 793 1271 fi
829 1219 948 1294 quis
992 1238 1124 1274 vero
1170 1217 1400 1276 evasisset
1440 1222 1630 1287 trium,
1657 1280 1661 1285 ,

17 1294 267 1373 adempta
285 1294 380 1351 sibi
398 1294 484 1372 spe
505 1295 652 1352 bona
668 1300 845 1363 omni,
864 1316 1168 1376 properaret
1186 1305 1436 1379 navigare
1458 1342 1474 1364 ,
1489 1321 1631 1358 rece-

17 1389 293 1455 ptumque
325 1375 422 1432 sibi
451 1382 505 1434 δε
536 1381 780 1455 pecuniis
799 1379 939 1456 apud
954 1384 1297 1458 Imperatoris
1317 1399 1480 1439 terras
1502 1402 1628 1460 pre-

15 1457 267 1516 bendere.
308 1460 438 1514 Hoc
472 1458 854 1517 Amalasuntha
886 1461 1163 1542 proposito
1191 1484 1386 1522 navem
1424 1463 1630 1548 Epida-

16 1561 211 1599 mnum
232 1538 458 1597 miserat.
502 1540 595 1598 ubi
614 1544 668 1598 in
687 1560 908 1620 portum
926 1563 1304 1622 pervenerant,
1322 1543 1519 1623 quibus
1537 1546 1628 1602 illa

15 1643 209 1679 navem
228 1619 565 1679 commiserat
580 1663 597 1689 ‚
615 1622 804 1681 stetere
823 1627 1111 1701 imperatis,
1152 1628 1287 1683 Non
1308 1627 1486 1682 multo
1506 1626 1630 1703 post

14 1701 413 1771 Amalasuntha‚
427 1703 658 1761 caedibus
677 1726 738 1761 ex
759 1723 949 1783 optato
973 1703 1236 1763 confestis
1256 1747 1270 1768 ‚
1307 1728 1442 1765 nave
1461 1727 1629 1765 revo-

12 1803 131 1845 cata
144 1787 415 1844 Ravennae
436 1806 658 1843 manens
677 1825 694 1851 ,
723 1790 1030 1864 potentiam
1053 1786 1146 1845 fibi
1166 1788 1428 1846 omnibus
1447 1787 1629 1846 modis
1676 1849 1680 1851 ,

14 1865 266 1925 firmavit.
307 1869 432 1924 Erat
449 1871 506 1924 in
526 1867 777 1935 Gotthis‚
793 1868 1115 1926 Theudatus
1133 1874 1382 1936 nomine,
1403 1875 1628 1929 Amaia-

11 1945 156 2007 fridae
190 1947 330 2006 filius
349 1991 363 2012 ‚
400 1970 516 2030 qurae
543 1949 911 2008 Theuderichi
938 1951 1088 2008 soror
1118 1950 1292 2010 fuerat
1313 1995 1329 2020 ,
1360 1955 1625 2031 prove6tae

11 2030 184 2088 homo
202 2035 367 2111 aetatis
384 2073 402 2100 ‚
434 2035 491 2089 in
525 2035 722 2089 Latino
739 2031 984 2091 sermone
1003 2034 1345 2114 Platonisque
1363 2035 1625 2115 dogmate

9 2111 284 2171 institutus
299 2154 317 2181 ,
349 2116 549 2172 militiae
579 2118 860 2193 imperi-tus
880 2156 895 2181 ,
927 2119 1111 2181 animo
1129 2120 1353 2174 minime
1371 2121 1623 2183 excitato,

11 2197 86 2253 rei
115 2191 363 2253 faciendae
392 2194 544 2274 supra
575 2196 806 2254 modurn
841 2200 1079 2256 intentus
1099 2241 1112 2255 .
1173 2200 1282 2255 Hic
1318 2201 1622 2257 multorum

9 2297 106 2356 per
121 2275 410 2334 Thusciam
432 2278 754 2355 praediorum
773 2278 1048 2347 dominuS,
1067 2282 1226 2337 etiam
1247 2301 1366 2360 quae
1390 2279 1484 2358 ipsi
1502 2300 1620 2337 non

9 2356 319 2440 obtigerant
339 2381 431 2439 per
446 2363 554 2422 vim
570 2359 802 2417 adimere
833 2359 1204 2438 possessoribus
1235 2366 1290 2419 in
1321 2366 1505 2420 animo
1523 2362 1622 2419 ha-

5 2439 191 2498 bebat.
235 2445 440 2499 vicinos
474 2446 618 2499 enim
655 2441 846 2499 habere
865 2447 1162 2521 maximum
1181 2447 1228 2501 ei
1248 2448 1448 2503 malum
1467 2445 1621 2502 vide-

8 2518 185 2580 batur.
226 2525 384 2580 Hanc
417 2525 557 2581 iliius
592 2525 943 2603 cupiditatem
977 2529 1265 2604 reprimere
1301 2526 1517 2584 volebat
1537 2530 1618 2582 A.
1689 2539 1693 2542 ’

10 2603 352 2662 malasuntha.
390 2627 448 2663 ea
475 2607 553 2663 ini
586 2611 642 2663 in
676 2603 839 2683 ipsam·
856 2610 1031 2685 gravis
1049 2609 1161 2667 odii
1180 2606 1348 2666 causa.
1379 2612 1619 2687 quoim⁴

9 2683 189 2764 pulsus
214 2685 499 2744 Thusciam
538 2694 560 2744 1
568 2689 832 2745 ustiuiano
854 2689 1034 2746 statuit
1058 2691 1261 2748 tradere
1281 2731 1297 2757 ,
1331 2709 1390 2748 ut
1408 2693 1618 2770 magnis

10 2771 238 2844 acceptis
254 2774 489 2844 pecuniis
509 2811 526 2838 ,
559 2777 611 2826 δέ
631 2770 895 2827 senatorio
913 2775 1138 2829 nomine
1154 2813 1171 2839 ‚
1209 2776 1330 2830 vitae
1346 2775 1617 2850 reliquum

10 2847 228 2926 degeret
243 2852 500 2926 Byzantii.
543 2854 677 2911 Haec
696 2852 827 2909 dum
850 2853 935 2909 ille
957 2856 1121 2930 agitat
1137 2894 1154 2921 ‚
1183 2855 1345 2933 legati
1365 2854 1391 2910 a
1410 2857 1618 2932 Byzan-

13 2931 95 3013 tio
114 2931 178 2992 ad
194 2932 385 2994 Romae
404 2933 694 2996 antistitem
713 2937 937 2996 veniunt
953 2975 969 2998 ,
984 2934 1178 3009 Ephesi
1196 2933 1408 2994 antistes
1427 2937 1617 3010 Ι-ἷγρειἢ

376 3039 379 3041 >
1011 3017 1067 3073 K
1489 3017 1617 3077 tius³
