1888 3428
219 214 259 262 6
607 198 1457 263 PROLEG‘OMENA.

215 284 765 367 scriptionelegamus
797 284 1093 354 SuethanS‚
1128 286 1401 365 quemille
1422 287 1688 366 populum
1708 296 1831 346 vere

218 366 466 425 describit
502 389 565 425 ex
597 390 867 448 equorum
904 370 1239 448 pelliumque
1284 371 1458 446 copia.
1512 369 1653 426 Mox
1689 368 1834 448 apud

219 450 454 508 eundem
477 451 812 518 ,lornandem
843 468 1100 530 apparent
1136 472 1261 508 cum
1292 451 1590 526 adjeffione
1615 450 1835 509 Suethi-

1863 234 1866 236 ·
1885 203 1888 275 l

1885 277 1888 357 l

1886 359 1888 469 l

1886 491 1888 513 l

1886 515 1888 529 l

137 543 140 546 '
218 527 310 600 di,
345 554 544 612 nempe
574 534 865 612 quomodo
900 538 995 614 qui
1027 535 1185 591 Finni
1222 535 1371 600 aliis,
1414 533 1688 591 Bremensi
1710 530 1833 590 sunt
1886 540 1888 592 ξ

220 616 490 674 Finwsridi
520 623 571 673 &
591 616 644 673 hi
674 615 767 695 ipsi
789 617 950 676 Suedi
968 616 1162 698 Anglis
1179 614 1560 695 scriptoribus»,
1596 633 1657 673 ut
1673 617 1837 672 Hen-
1887 641 1888 652 π

215 701 331 754 rico
376 698 806 756 Hutindonienfi
841 743 854 765 ‚
907 702 1135 780 Rogero
1168 698 1482 756 Hovedeno
1501 740 1519 767 ,
1570 695 1837 756 Matthaeo
1886 712 1888 759 ἐ

220 778 803 838 Westmonasterienfi
837 786 891 838 in
926 783 1167 839 Historia
1199 785 1345 840 anni.
1374 801 1395 836 1
1415 802 1450 840 3
1485 802 1521 838 c
1541 801 1577 838 c
1598 801 1635 838 c
1666 799 1835 840 VIII.
1886 816 1888 828 ι

224 861 526 922 waathedi.
561 883 612 921 at
630 867 936 922 Venant-ius
962 867 1294 922 Fortunatus
1331 866 1428 944 qui
1462 866 1598 921 circa
1627 884 1833 920 annum
1886 887 1888 938 3

223 944 446 1002 Christi.
478 966 500 1001 1
516 966 551 1004 τι
590 967 668 1003 Lx
690 970 722 1004 x
741 970 794 1004 x.
839 953 892 1004 &
913 947 1163 1026 deinceps
1180 946 1388 1012 floruit,
1410 968 1504 1003 eos
1525 948 1758 1012 vocavit,
1778 946 1835 1001 ni
1886 950 1888 993 ἶ

218 1024 407 1096 fallor,
443 1029 735 1098 Suithonas
750 1071 768 1098 ,
800 1028 907 1087 hoc
925 1033 1160 1092 carmine
1178 1030 1243 1089 ad
1272 1026 1646 1088 Hulferricum
1665 1029 1837 1085 Fran-

222 1131 415 1167 corum
435 1132 616 1191 regem
639 1136 651 1169 ι

273 1205 433 1270 Qem
450 1194 1837 1269 Geta,Vasco,tremunt‚Danm,Suithossaxofflritannus.

219 1276 409 1354 Vulgo
446 1281 618 1334 Euthio
638 1276 883 1333 scribitur
908 1319 924 1346 ‚
961 1279 1104 1335 unde
1137 1276 1359 1336 fuerunt
1377 1275 1677 1357 quiEsthio
1696 1273 1838 1330 face-

220 1377 343 1414 rent
359 1399 377 1425 ,
414 1359 501 1415 sed
533 1377 799 1439 repugnat
835 1378 1022 1438 praeter
1058 1362 1183 1417 alias
1215 1363 1449 1417 rationes
1467 1401 1482 1422 ‚
1518 1360 1665 1436 prior
1689 1356 1838 1415 Dani

220 1438 412 1516 syllaba
430 1460 551 1518 quae
570 1439 693 1497 huic
714 1445 885 1518 poetae
903 1442 1070 1522 longa
1091 1459 1149 1499 ut
1168 1442 1272 1499 alio
1294 1439 1443 1500 versu
1465 1457 1717 1520 apparet:

319 1535 322 1538 ⁴
386 1535 609 1580 Saxones
630 1526 691 1586 f&
709 1528 839 1581 Dani
846 1546 970 1600 gens
986 1530 1083 1581 cito
1101 1525 1436 1600 vic‘baprobat.

221 1604 365 1681 apud
401 1607 673 1660 Saxonem
706 1626 834 1661 vero
856 1609 1039 1662 Suetia
1057 1606 1415 1684 hominesque
1436 1606 1670 1662 Suetici:
1705 1605 1839 1659 Bre-
1887 1608 1888 1612 ’

221 1685 393 1742 mensi
424 1704 561 1744 terra
593 1684 701 1766 ipsa
736 1687 905 1744 modo
929 1687 1364 1748 Suediasmodo
1388 1690 1621 1744 Sueonia
1638 1684 1747 1743 est:
1781 1688 1836 1742 in
1869 1709 1872 1715 ·

223 1789 294 1848 eo
315 1768 467 1848 quod
486 1769 657 1826 modo
676 1772 955 1827 nominavi
975 1771 1255 1827 Slavorum
1278 1768 1592 1838 Chronico,
1628 1766 1835 1840 Suedia.
1886 1763 1888 1817 Ϊ

222 1869 352 1907 nam
371 1851 524 1930 quod
542 1850 705 1908 hodie
740 1855 984 1909 Sueciam
1020 1850 1172 1909 scribi
1192 1852 1437 1910 videmus
1460 1851 1525 1909 ab
1545 1872 1726 1909 errore
1746 1871 1845 1907 au-
1886 1887 1888 1893 .

223 1934 289 1992 1ae
321 1934 585 1992 Romanae
610 1932 803 2001 fluxit,
848 1955 965 2013 quae
996 1938 1233 2013 primum
1266 1938 1457 1993 Suetiae
1490 1955 1730 1999 nomen,
1777 1950 1839 1990 ut

225 2034 443 2083 emera,
487 2016 581 2073 ubi
615 2018 669 2072 T
704 2017 819 2094 post
855 2016 904 2074 se
942 2024 979 2074 Ι.
1012 2020 1281 2096 aliamque
1311 2035 1560 2095 praeterea
1592 2017 1836 2095 vocalem
1886 2037 1888 2069 1

225 2096 391 2155 habet
409 2139 424 2165 ‚
441 2096 508 2155 {ic
529 2101 722 2156 extulit
738 2143 752 2164 ,
777 2098 967 2157 deinde
990 2119 1044 2156 ut
1063 2098 1450 2180 pronuntiabat
1467 2102 1541 2156 ita
1558 2103 1718 2158 etiam
1735 2118 1838 2156 cae-

225 2185 308 2259 pit
325 2180 550 2238 scribere
571 2222 587 2243 ‚
619 2181 760 2239 unde
781 2184 1000 2262 longius
1015 2181 1195 2260 serpfit
1215 2184 1405 2238 vitium
1424 2226 1437 2246 ,
1468 2199 1528 2238 ut
1545 2185 1641 2261 qui
1661 2185 1835 2238 Sueo-

225 2283 326 2320 nes
344 2265 476 2320 olim
495 2304 510 2330 ,
545 2264 737 2322 deinde
774 2266 934 2322 Suedi
969 2265 1222 2322 Suethive
1240 2264 1367 2321 dieti
1395 2262 1642 2333 fuerant,
1676 2261 1837 2320 Sueei

226 2343 626 2424 corruptiffime
642 2346 961 2405 dicerentur.
1004 2348 1134 2427 quid
1162 2351 1362 2405 mirum
1381 2388 1395 2413 ‚
1437 2368 1561 2405 cum
1593 2368 1708 2404 non
1731 2347 1838 2403 rni-

226 2432 352 2485 nori
386 2428 803 2486 hallucinatione
831 2429 995 2489 iidem
1029 2452 1092 2487 ex
1121 2433 1298 2487 Dania
1326 2432 1555 2488 Daciam
1589 2427 1835 2495 fecerint,

229 2508 370 2569 sono
393 2515 633 2569 nominis
649 2512 859 2591 decepti
881 2514 935 2568 in
961 2515 1121 2569 tantis
1138 2515 1386 2571 locorum
1405 2513 1695 2572 intervallis
1717 2533 1730 2568 :
1768 2509 1837 2567 fic

231 2593 411 2651 Graeci
440 2594 622 2652 Dahas
653 2615 775 2651 cum
810 2596 975 2651 Dacis
1008 2636 1024 2663 ‚
1070 2596 1403 2653 Cimmerios
1433 2617 1558 2654 cum
1581 2587 1837 2652 ¹Cimbris

229 2675 545 2735 confudere.
604 2676 897 2735 Elvvardus
924 2681 1130 2735 Suevos
1161 2700 1284 2735 cum
1322 2678 1508 2736 Suedis
1538 2673 1836 2757 permiscet.

232 2762 415 2841 Origo
438 2763 585 2818 vocis
615 2780 731 2815 non
763 2758 1006 2817 obscura.
1044 2760 1290 2840 oppofita
1311 2764 1455 2817 enirn
1484 2765 1623 2818 inter
1640 2757 1686 2816 se
1713 2756 1836 2815 sunt

234 2849 477 2901 Sueones
498 2841 600 2899 sive
623 2840 804 2898 Suethi
822 2882 839 2907 ‚
873 2843 926 2900 id
958 2841 1032 2899 est
1064 2842 1346 2911 laboriosi,
1369 2851 1421 2901 ὃ(
1447 2848 1708 2908 Sittones,
1738 2843 1833 2898 Se·-

233 2927 457 2984 dentarii
480 2923 583 2981 five
604 2927 762 3004 pigri.
800 2946 861 2981 ex
880 2927 964 2982 illa
1000 2918 1208 3006 origine
1248 2924 1322 2982 est
1356 2926 1607 3005 SWidger
1633 2924 1852 2981 laboris⁴

234 3010 455 3078 aviduS,
489 3005 775 3068 SWidirich
810 3006 993 3086 labore
1026 3010 1270 3089 ponem,
1307 3029 1484 3072 vetera
1515 3009 1848 3075 Germano-U

1710 3108 1831 3146 rum

1882 3083 1888 3218 g

1882 3218 1888 3335 l
