1888 3428
186 186 631 246 GoTTH'rcAE
669 185 1075 245 HISTORIAE
1117 190 1404 251 L12.1V.
1530 189 1654 268 487

39 270 224 340 mine,
259 270 491 329 domum
524 272 759 329 redirent
792 270 964 350 praeda
990 290 1198 349 graves,
1243 273 1390 328 Nam
1426 294 1495 330 ne
1526 291 1653 329 tum

39 351 261 431 quidem
281 393 298 420 ,
327 351 649 411 Danubium
672 374 795 410 cum
816 350 1095 409 transirent
1114 395 1130 416 ,
1152 370 1242 409 aut
1264 374 1324 409 ex
1343 354 1543 412 insidiis
1559 372 1656 411 aut

39 437 95 492 vi
124 455 221 492 eos
253 434 451 494 adoriri
487 438 695 494 valuere
723 437 996 499 Romani,
1028 434 1250 513 quando
1290 434 1520 514 Gepidae
1555 456 1675 492 eos·

0 519 1 554 l
40 516 284 575 mercede
329 518 588 576 conducti
622 517 881 575 tutandos
924 518 1374 596 trajiciendosque
1411 516 1653 594 suscepe-

38 618 158 656 rant
177 643 191 665 ‚
230 621 348 658 non
368 600 589 670 modico
609 599 910 672 aestimatos.
957 603 1011 656 in
1030 603 1201 680 capita
1220 605 1364 658 enim
1384 597 1540 657 stater
1554 620 1652 654 au—

36 701 160 738 reus
176 686 413 762 pretium
435 700 774 741 convenerat.
820 683 1030 739 Dolens
1048 688 1376 762 Imperator,
1398 682 1549 761 quod
1569 684 1653 738 vi·-

36 763 188 822 deret
207 787 322 823 non
357 764 456 825 effe
487 764 704 846 posthac
722 763 822 822 suae
843 764 1119 843 potestatis
1153 763 1439 845 prohibere
1457 762 1651 821 barba-

32 867 165 918 103,
202 870 314 927 quo
354 852 532 906 minus
561 844 860 906 transmisso
888 848 1154 906 Danubio
1189 850 1468 907 Romanas
1487 864 1653 903 terras

10 929 329 1010 'diriperent
360 932 495 990 adeo
529 928 666 990 facili
697 948 956 1010 certoque
990 930 1168 989 reditu
1198 971 1215 998 ,
1261 951 1386 989 cum
1418 929 1652 1006 Gepidis

39 1015 386 1093 pangendum
409 1012 502 1071 fibi
541 1010 693 1071 fedus
726 1012 947 1071 censuit.
1004 1019 1214 1071 Interea
1247 1013 1475 1093 Gepidae
1505 1009 1654 1069 Lan-'-

36 1095 375 1177 gobardique
394 1098 532 1154 inter
551 1093 600 1153 se
629 1100 683 1153 in
703 1095 906 1154 bellum
925 1095 1237 1154 exarserant.
1282 1096 1510 1176 Gepidae
1528 1097 1653 1153 Ro-

36 1199 255 1235 manam
290 1182 400 1237 vim
432 1181 672 1238 exterriti
699 1222 714 1244 ,
763 1200 941 1258 neque
976 1201 1072 1237 eos
1105 1178 1654 1238 latebatsocietatem

35 1259 331 1319 Iustiniano
353 1283 477 1319 cum
512 1261 886 1341 Langobardis
913 1265 1073 1320 etiam
1099 1263 1449 1337 jurejurando
1486 1258 1654 1317 sanei-

33 1360 148 1401 sstam
170 1385 184 1410 ,
213 1343 480 1423 optabant
505 1347 559 1401 in
594 1348 883 1404 amicitiam
904 1341 1167 1424 fedusque
1187 1343 1215 1400 a
1231 1344 1499 1401 Romanis
1519 1344 1655 1399 reci—

35 1428 126 1505 pi:
170 1448 334 1507 quare
353 1426 482 1485 nihil
503 1430 697 1484 morati
711 1429 1042 1508 legationem
1058 1430 1381 1506 Byzantium
1404 1428 1656 1492 mittunt,

37 1528 101 1565 ut
134 1509 200 1566 ab
237 1515 569 1589 Imperatore
603 1510 754 1589 pacta
786 1508 1384 1588 socialiaimpetrarent.
1425 1510 1544 1567 Nec
1565 1507 1653 1563 ille

36 1589 322 1651 difficulter
341 1595 532 1652 annuit
562 1591 870 1672 postulati8‚
904 1590 1181 1671 fidemque
1212 1591 1393 1658 dedit,
1428 1611 1542 1647 non
1563 1587 1654 1646 so·-

32 1676 185 1733 litam
203 1674 376 1733 modo
395 1716 411 1742 ,
450 1673 537 1732 sed
573 1681 628 1732 δε
648 1674 830 1732 addito
850 1677 1041 1755 legatis
1057 1676 1111 1732 id
1143 1674 1487 1752 precantibus
1506 1688 1566 1729 ut
1586 1671 1653 1728 de

33 1755 221 1816 senatu
242 1757 539 1816 duodecim
569 1755 665 1829 suo
699 1755 910 1836 insuper
933 1761 1247 1831 juramento
1267 1773 1541 1814 conventa
1558 1751 1655 1810 fir-

4 1911 7 1914 *
36 1858 263 1898 marent.
306 1842 442 1897 Non
461 1842 637 1898 multo
659 1840 778 1919 post
798 1859 1046 1916 tempore
1060 1838 1435 1919 Langobardis
1458 1878 1474 1903 ,
1495 1859 1557 1894 ex
1577 1832 1655 1893 fe-

37 1923 162 1982 dere
179 1921 234 1981 id
255 1920 603 2002 poscentibus
619 1964 637 1991 ,
680 1926 978 1980 exercitum
999 1926 1305 1980 auxiliarem
1334 1924 1390 1979 in
1410 1918 1655 1999 Gepidas

22 2004 181 2064 ·mifit
211 2010 513 2085 Imperator
532 2045 550 2071 ,
585 2004 792 2063 causam
814 2004 1009 2064 diffidii
1041 2010 1096 2062 in
1129 2005 1371 2084 Gepidas
1401 2003 1536 2060 hanc
1556 2000 1652 2058 ad-

35 2086 216 2149 ferens
235 2130 252 2156 ‚
288 2088 442 2166 quod
459 2089 660 2146 diceret
687 2090 968 2145 Slavorum
993 2089 1204 2164 aliquos
1223 2085 1563 2168 Gepidarum
1584 2105 1653 2140 o-

4 2234 12 2242 x
38 2188 166 2253 pera
181 2169 430 2228 tranfiiffe
450 2170 795 2238 Danubium,
816 2170 978 2250 idque
994 2172 1050 2228 in
1068 2168 1312 2228 fraudem
1333 2190 1514 2227 rerum
1529 2170 1655 2226 Ro-

37 2274 343 2311 manarum.
365 2253 474 2310 His
491 2255 696 2310 auxiliis
714 2272 972 2333 praeerant
987 2252 1219 2311 Iustinus
1238 2260 1290 2311 Sc
1311 2252 1654 2315 IustinianuS,
1730 2330 1733 2331 ⁷

41 2337 328 2395 Germano
349 2339 459 2394 nati
477 2354 623 2415 patre
642 2375 659 2401 ,
694 2354 947 2415 praeterea
962 2339 1184 2394 Aratius
1203 2343 1256 2393 &
1275 2336 1539 2402 Suartual,
1555 2333 1654 2412 qui

41 2420 109 2479 ab
144 2417 442 2477 Iustiniano
473 2417 788 2499 praepositus
819 2418 1099 2498 quondam
1131 2420 1355 2476 Herulis
1380 2460 1397 2487 ‚
1433 2438 1557 2475 cum
1593 2418 1653 2471 in

41 2524 169 2561 eum
202 2500 466 2560 irruiffent
498 2501 526 2558 a
558 2501 739 2560 Thule
758 2506 854 2581 qui
887 2520 1146 2560 venerant
1177 2505 1308 2559 novi
1337 2498 1551 2566 hosteS,
1586 2496 1655 2553 de

41 2607 149 2666 qua
166 2606 222 2643 re
242 2584 367 2641 alibi
385 2584 623 2643 diximus
641 2625 659 2653 ,
692 2585 756 2642 ad
775 2590 1163 2663 Imperatorem
1183 2581 1474 2663 refugerat,
1491 2599 1656 2660 atque

43 2668 111 2742 ab
143 2689 211 2725 eo
243 2663 418 2724 faustus
450 2663 625 2724 fuerat
661 2663 944 2746 praefe&us
978 2670 1260 2749 agentium
1286 2667 1531 2746 Byzantii
1556 2683 1655 2720 co-

41 2749 306 2808 hortium.
348 2756 541 2808 Praeter
559 2750 660 2807 hos
679 2745 1035 2808 Amalafridas
1048 2792 1066 2819 ,
1101 2746 1444 2808 Amalafridae
1469 2769 1532 2804 ex
1549 2743 1656 2803 filia

43 2853 218 2912 nepos
250 2837 367 2906 ejus
394 2853 514 2911 quae
543 2829 696 2889 soror
727 2831 1095 2890 Theuderichi
1134 2831 1482 2890 Gotthorum
1519 2830 1657 2906 regis

43 2912 252 2984 fuerat,
285 2912 429 2972 filius
462 2931 644 2972 autem
663 2912 1001 2972 Hermenifri
1019 2915 1439 2993 Thuringorum
1460 2911 1659 2990 princi-

11 3058 13 3060 ,
45 3001 128 3081 pis
146 3041 161 3064 ‚
200 3018 365 3078 quem
386 3017 493 3055 una
511 3016 637 3055 cum
655 3000 841 3080 Vitige
866 3000 1189 3075 Byzantium
1211 2996 1502 3056 abduxerat
1517 2992 1661 3062 Beli-

117 3079 127 3083 *
904 3078 1017 3137 Hh
1057 3102 1102 3158 4
1486 3070 1671 3142 sarius,
