1888 3428
226 178 666 248 GoTTHIACAE
709 177 1117 248 HIsTonxffi
1156 177 1201 235 L
1224 185 1453 238 113.111'.
1543 200 1648 257 341

39 259 245 321 damno
278 261 374 320 suo
408 264 464 319 in
500 268 699 320 Portus
730 259 993 340 oppidum
1022 259 1070 318 se
1091 263 1408 338 reciperent.
1452 261 1651 321 Misere

38 345 107 402 ad
137 344 322 402 Besam
356 349 551 404 iterum
579 387 598 414 ‚
641 341 1040 421 incusantesque
1073 342 1278 399 bonam
1313 342 1651 402 occasionem

39 425 264 508 segnitie
296 425 538 484 omifl'am
556 469 573 496 ‚
607 426 892 485 hortantur
920 426 1005 482 vel
1025 446 1170 482 nunc
1189 443 1388 503 quanta
1407 429 1457 481 vi
1479 423 1650 502 pofl'et

38 512 96 565 in
120 510 494 589 oppugnando
512 508 662 567 hoste
679 508 873 565 auxilio
892 507 1012 586 ipsis
1032 507 1170 564 esset.
1209 507 1309 564 Sed
1326 508 1413 563 ille
1432 509 1649 573 iterum,

38 593 337 668 periculum
359 591 595 649 causatus
616 632 632 659 ,
660 590 912 648 abnuere.
957 592 1278 648 Valentinus
1298 594 1351 646 ὃ(
1370 586 1551 646 Phoca
1568 589 1654 643 ni-

37 671 339 730 hilominus
360 680 561 749 majore
579 694 741 752 quam
761 691 882 728 ante
903 693 1132 729 numero
1153 674 1206 727 in
1224 670 1435 728 hostem
1456 669 1653 726 insilire

38 755 450 822 constituerant,
475 761 637 834 inque
657 772 905 833 apparatu
923 761 1033 831 jam
1053 774 1220 821 erant,
1238 775 1362 810 cum
1381 758 1653 809 Innocen-
1735 807 1738 813 ,

0 877 3 879 -
35 839 100 893 tii
121 840 356 895 militum
379 858 516 895 unus
536 837 598 893 ad
618 837 861 893 Totilam
881 834 1189 916 perfugiens
1208 835 1407 893 indicat
1422 876 1437 902 ‚
1458 833 1655 913 postri-

38 918 125 977 die
159 920 187 977 ὲ
222 926 417 977 Portus
451 919 655 998 oppido
688 922 741 975 in
762 918 1101 997 castraipsius
1121 922 1480 996 irruptionem
1506 915 1655 974 futu-

37 1022 170 1058 ram.
192 1006 295 1060 ville
316 1004 446 1060 locis
479 1003 542 1060 ad
572 1000 902 1058 hocidoneis
926 1001 1121 1058 milites
1149 1006 1436 1058 acerrimos
1456 998 1654 1057 insidiis

36 1084 180 1140 locat
213 1107 226 1140 t
256 1087 310 1140 in
344 1106 473 1163 quas
506 1104 630 1142 cum
653 1081 950 1154 incidissent
973 1081 1226 1162 postridie
1252 1084 1577 1143 Valentinus
1597 1087 1653 1138 &

2 1183 16 1194 ⁸
34 1164 235 1234 Phoca,
260 1166 375 1245 post
395 1169 598 1224 multos
616 1168 852 1233 suorum,
870 1167 1067 1224 cadunt
1085 1172 1138 1224 δε
1157 1164 1270 1245 ipsi.
1305 1186 1504 1244 paucos
1522 1160 1654 1243 fuga

35 1249 92 1305 in
112 1254 307 1305 Portus
339 1250 604 1327 oppidum
639 1253 837 1306 retulit.
881 1250 1011 1306 Hoc
1030 1267 1275 1327 tempore
1297 1246 1441 1305 urbis
1458 1248 1653 1302 Romae

35 1329 252 1387 antistes
284 1333 518 1410 Vigilius
551 1334 606 1387 in
642 1334 816 1388 Sicilia
836 1352 997 1410 agens
1029 1351 1185 1386 naves
1216 1331 1519 1407 complures
1538 1325 1656 1384 fru-

36 1431 231 1469 mento
248 1432 495 1470 oneratas
512 1411 683 1470 emisit
700 1454 715 1480 ‚
753 1412 961 1490 sperans
992 1414 1168 1491 aliqua
1185 1415 1393 1469 ratione
1412 1413 1653 1468 Romam

37 1498 133 1574 qui
169 1493 462 1575 perferrent
498 1512 894 1573 penetraturOS.
955 1495 1054 1552 Sed
1077 1538 1091 1559 ,
1126 1513 1325 1552 conatu
1355 1493 1654 1558 intellectQ

35 1575 220 1634 hostes
255 1582 554 1658 praeveuere
576 1619 592 1645 ,
631 1577 789 1656 seque
823 1581 960 1634 intra
993 1575 1099 1655 ipsa
1131 1600 1247 1656 quae
1267 1595 1484 1655 portum
1505 1575 1653 1630 clau-

36 1660 177 1717 dunt
210 1659 530 1718 exaedificat'a
567 1659 859 1737 parietibus
892 1661 1052 1716 latera
1082 1657 1289 1715 abdunt
1312 1677 1369 1714 ut
1391 1657 1654 1713 ubiinve-

33 1739 293 1799 herentur
310 1764 468 1799 naves
487 1736 571 1798 e'as
589 1738 738 1798 facile
759 1740 1168 1819 prehenderent.
1206 1736 1654 1819 quo‘conspeftO,

24 1829 132 1903 ,qui
149 1829 204 1881 in
225 1824 427 1903 oppido
450 1821 746 1904 praefidium
768 1820 1363 1904 agitabant‚conscenfis
1386 1823 1654 1878 moenium
1739 1817 1745 1821 ⁹

2 1977 6 1980 ι
37 1910 238 1986 pinnis,
256 1908 380 1965 inde
402 1908 602 1981 jactatu
623 1905 844 1964 vestium
867 1904 1077 1985 signum
1100 1904 1296 1962 dabant
1316 1904 1562 1967 navibuS‚
1583 1922 1654 1957 ne

37 2008 318 2071 pergerent
334 2031 349 2058 ‚
372 1989 459 2047 sed
478 1987 688 2047 cursum
709 1988 904 2068 quovis
923 1990 1027 2045 alio
1048 1986 1409 2046 deflecterent.
1456 1990 1534 2042 At
1557 1986 1653 2063 qui

36 2072 262 2132 navibus
280 2069 589 2130 ferebantur
611 2112 627 2138 ‚
657 2092 771 2127 non
805 2073 1069 2130 intellecta
1090 2068 1481 2150 significatione
1502 2107 1518 2132 ,
1553 2067 1654 2122 rati

36 2157 268 2238 gaudere
286 2154 472 2233 oppidi
491 2151 833 2233 praefidiarios
855 2194 870 2220 ‚
891 2156 1270 2212 &incitatores
1290 2150 1383 2208 fibi
1402 2146 1501 2207 effe
1524 2168 1655 2229 por»-

31 2234 153 2297 ¹tum
174 2258 233 2296 ut
250 2240 446 2296 inirent
464 2278 481 2304 ‚
516 2252 680 2294 vento
713 2236 1043 2314 provehente
1078 2236 1222 2293 illico
1257 2238 1395 2291 intra
1428 2251 1655 2312 portum
1704 2298 1706 2300 Ι

33 2318 204 2379 fuere.
248 2319 420 2395 Multi
457 2322 524 2395 inv
544 2321 609 2375 iis
638 2319 864 2397 navigiis
893 2317 1147 2374 homines
1185 2334 1333 2376 erant
1352 2356 1367 2381 ,
1402 2320 1654 2393 interque

37 2425 134 2461 eos
165 2398 444 2481 episcopus
475 2403 700 2458 nomine
737 2402 1070 2457 Valentinus.
1119 2400 1199 2473 Ex
1231 2398 1452 2456 latebris
1474 2396 1653 2454 coorti

35 2485 245 2548 barbari
272 2505 430 2540 naves
458 2479 753 2540 indefensas
775 2486 984 2561 rapiunt
1002 2522 1019 2549 ,
1052 2502 1276 2561 unoque
1300 2478 1554 2560 episcopo
1587 2476 1654 2535 ad

20 2559 285 2623 'Totilam
307 2564 477 2632 miffo,
496 2562 830 2622 interficiunt
846 2559 1419 2642 caeter03,navibusque
1439 2569 1489 2618 δε
1515 2582 1654 2617 one·-

40 2670 96 2706 re
116 2649 351 2706 abdm‘sto
371 2648 590 2704 abeunt.
632 2648 715 2705 Ex
731 2633 986 2724 episcopo
1006 2668 1124 2726 quae
1143 2648 1316 2703 voluit
1331 2645 1655 2723 percuncta-

38 2750 127 2789 tus
147 2732 362 2788 Totilas
382 2771 399 2797 ,
433 2732 576 2788 velut
609 2727 730 2789 falsa
748 2730 1014 2788 dicentem
1037 2767 1055 2792 ,
1086 2728 1139 2785 id
1162 2731 1305 2784 enirn
1326 2729 1538 2784 crimini
1557 2725 1668 2783 da—

38 2811 168 2877 bat,
206 2810 423 2890 praecisis
455 2811 702 2869 manibus
736 2829 966 2870 truncat.
1013 2811 1154 2869 Haec
1182 2831 1307 2866 eum
1346 2813 1401 2865 in
1423 2808 1654 2865 modum

41 2890 529 2972 evenere,'finisque
545 2892 752 2973 hyemis
776 2893 970 2960 aderat,
993 2892 1290 2950 claudentis
1304 2891 1652 2948 undecimum

41 2981 154 3052 ejus
178 2975 302 3034 belli
322 2997 522 3033 annum
551 3018 564 3041 2
609 2976 758 3056 quod
794 2978 1064 3112 Procopip
1085 2971 1410 3032 describitur.
1451 2976 1656 3105 Ipterca

74 3076 83 3086 ”
1099 3077 1122 3132 3
1509 3069 1662 3129 mpe-
