1931 3428
330 153 450 209 826
682 146 792 204 DE
834 143 1116 205 Gs-:sT1s
1161 148 1665 210 LANGoBARn.
1730 149 1736 150 ⁷
1845 156 1917 228 ’ξ

322 227 577 312 praefatos
610 229 818 309 legatos
852 228 971 309 post
1005 232 1212 309 aliquot
1244 230 1354 288 dies
1391 235 1645 312 promissa
1674 255 1802 313 pace
1835 231 1931 312 abl*

320 314 496 376 solvit.
546 307 818 391 Reginam
848 333 980 371 vero
1020 311 1460 372 Theudelindam
1479 358 1497 384 ‚
1534 339 1652 397 quae
1683 317 1800 375 satis
1825 311 1931 400 pla-ll

321 395 479 453 cebat
492 395 866 476 Langobardis
881 435 899 461 ,
936 393 1292 474 permiserunt
1312 401 1368 454 in
1387 402 1535 479 regia
1552 399 1834 459 consistere
1850 402 1931 512 diii*

320 483 528 558 gnitate
546 519 562 540 ,
583 477 860 536 suadentes
879 481 925 535 ei
948 495 1009 535 ut
1026 477 1122 535 fibi
1142 501 1306 559 quem
1326 481 1571 540 voluiffet
1590 504 1653 541 ex
1675 483 1926 548 omnibus}

320 559 699 641 Langobardis
719 563 892 619 virum
911 563 1132 641 eligeret
1149 603 1167 631 ,
1181 563 1342 629 talem
1361 562 1575 634 scilicet,
1591 571 1684 646 qui
1704 585 1920 648 regnuttv

320 664 508 723 regere
543 645 749 701 utiliter
781 642 985 723 posset.
1037 648 1127 703 Illa
1165 667 1294 704 vero
1331 647 1613 706 confilium
1644 671 1769 707 cum
1806 672 1926 730 prm

320 724 582 783 dentibus
617 726 847 789 habens,
894 725 1202 807 Agilulfurn
1223 728 1417 787 ducem
1440 732 1824 791 Taurinatium
1843 774 1860 802 ‚
1881 740 1926 792 δι’

319 806 422 865 sibi
458 812 635 869 virum
664 852 681 877 ‚
729 815 784 867 &
815 810 1307 890 Langobardorum
1346 818 1500 893 genti
1532 835 1717 896 regem
1755 818 1920 896 elegit

322 891 453 948 Erat
487 896 634 950 enim
671 891 836 951 isdem
871 896 952 950 vir
984 892 1236 953 strenuus
1270 902 1324 953 δε
1360 896 1643 956 bellicosus
1670 941 1688 968 ,
1735 905 1789 957 δε
1824 917 1926 964 εειιῐῖμ

321 971 502 1032 forma
521 1018 533 1039 ,
573 996 738 1053 quam
768 977 953 1033 animo
973 976 1040 1034 ad
1066 982 1221 1058 regni
1252 979 1616 1057 gubernacula
1634 1000 1927 1061 coaptatusg

326 1059 518 1135 Qem
553 1056 728 1113 statim
762 1061 948 1135 regina
966 1057 1031 1114 ad
1064 1057 1113 1115 se
1142 1064 1324 1120 venire
1360 1063 1673 1133 mandavit,
1717 1065 1927 1144 ipsaque

322 1142 372 1196 ei
405 1139 626 1195 obviam
652 1139 716 1196 ad
750 1141 1093 1204 Laumellum
1125 1142 1395 1221 oppidum
1424 1151 1755 1224 properavit.
1816 1149 1931 1216 Qui:

323 1241 450 1278 cum
489 1220 554 1277 ad
573 1242 690 1278 eam
724 1218 944 1278 venisset
967 1261 983 1288 ‚
1014 1220 1122 1299 ipsa
1151 1223 1249 1281 fibi
1267 1225 1389 1302 post
1424 1229 1636 1307 aliquot
1665 1229 1830 1288 verba
1850 1219 1931 1308 vi-:l¹

321 1323 459 1359 num
494 1306 770 1382 propinari
803 1301 949 1361 fecit.
1013 1307 1151 1384 Qae
1183 1327 1310 1364 cum
1346 1312 1493 1387 prior
1524 1309 1736 1370 bibiffet
1755 1354 1774 1381 ‚
1808 1310 1931 1370 resi-2i

322 1385 497 1445 duum
528 1383 780 1467 Agilulfo
814 1388 878 1444 ad
910 1386 1211 1446 bibendum
1237 1390 1465 1450 tribuit.·
1499 1397 1703 1452 Iseum
1737 1399 1927 1474 regina.

324 1488 550 1548 accepto
583 1471 786 1547 poculo
824 1491 1048 1527 manum
1079 1470 1472 1533 honorabiliter
1503 1473 1771 1537 osculatus
1787 1474 1927 1546 effeti

323 1555 510 1631 regina
526 1572 653 1609 cum
683 1552 884 1611 rubore
902 1551 1181 1612 subridens
1198 1597 1212 1622 ,
1245 1577 1360 1615 non
1379 1556 1575 1616 debere
1595 1558 1692 1618 fibi
1710 1581 1927 1624 manum·

321 1634 549 1691 osculari
566 1637 669 1701 ait,
705 1657 871 1715 quem
890 1633 1135 1694 osculum
1159 1637 1254 1695 fibi
1285 1639 1349 1697 ad
1384 1661 1446 1697 os
1457 1647 1688 1723 jungere
1709 1663 1921 1724 oporte·

323 1734 426 1773 ret.
469 1718 721 1797 Moxque
742 1740 867 1776 eum
888 1719 951 1776 ad
985 1718 1138 1777 suum
1163 1720 1366 1779 balium
1387 1729 1628 1805 erigens,
1661 1732 1709 1786 ei
1739 1729 1804 1786 de
1829 1726 1927 1790 suis:

323 1801 530 1877 nuptiis
547 1840 563 1860 ,
597 1800 773 1878 deque
794 1805 948 1883 regni
973 1799 1233 1883 dignitate
1250 1847 1266 1873 ‚
1291 1812 1515 1885 aperuit.
1567 1812 1722 1890 Qd
1741 1814 1921 1891 plura}

324 1881 688 1940 Celebrantur
716 1905 840 1942 cum
878 1887 1271 1965 magnalaetitia
1305 1894 1508 1968 nuptiae
1539 1933 1557 1959 ,
1595 1891 1819 1972 suscepit
1846 1897 1920 1949 'A-

322 1961 547 2043 gilulfus
565 2005 584 2032 ,
616 1968 711 2042 qui
740 1985 851 2023 erat
880 1986 1145 2046 cognatus
1175 1973 1314 2049 regis
1343 1973 1607 2042 studiari,
1641 1975 1920 2048 inchoantt

320 2052 432 2119 jam
450 2044 629 2102 mense
645 2047 978 2115 Novembri,
1003 2053 1203 2130 regiam
1224 2055 1564 2133 dignitatem.
1626 2058 1727 2115 Sed
1747 2051 1921 2115 tar-neti

322 2130 667 2208 congregatis
689 2132 745 2185 in
766 2151 934 2188 unum
954 2134 1324 2212 Langobardis
1343 2177 1356 2197 ,
1391 2136 1576 2214 postea
1604 2137 1782 2198 mense
1802 2143 1924 2198 Ma-.

320 2215 381 2284 jo
404 2252 421 2278 ,
456 2210 522 2267 ab
542 2212 804 2270 omnibus
820 2217 875 2271 in
895 2210 1125 2292 regnum
1146 2219 1286 2296 apud
1307 2218 1689 2295 Mediolanum
1723 2226 1924 2282 levatus

322 2292 415 2349 est.
449 2294 810 2353 EXPLICIT
849 2300 1088 2359 LIBER
1127 2301 1459 2364 TERTIVS
1507 2327 1598 2364 DE
1643 2306 1920 2366 GEs-ms

326 2377 1051 2444 LANGOBARDORVM.
1417 2456 1420 2459 Δ
1913 2412 1917 2415 ⁴
