1888 3428
358 186 1215 239 PROLEGOMENA0
1537 175 1609 237 δί

14 265 189 324 siverit
213 264 450 342 origines
485 258 932 319 nobiliffimarum
968 282 1060 338 per
1088 261 1365 336 Europam
1386 259 1621 319 familia-

16 365 137 405 rum
168 368 250 403 e-as
284 368 346 402 ex
368 343 605 401 Gotthia
637 360 729 399 aut
758 346 866 399 aliis
885 345 1112 399 Scanziae
1141 341 1379 419 partibus
1411 344 1621 401 deriva*

16 448 113 488 tas.
153 429 223 484 Et
248 427 354 488 haec
369 427 587 507 quidem
604 423 735 482 foris
752 424 916 503 gesta,
932 428 1025 501 qui
1049 445 1175 480 vero
1196 423 1348 480 domi
1385 424 1621 481 mansere

21 515 259 568 Sueones
276 554 290 573 ,
323 531 455 587 quas
487 530 567 565 res
584 506 834 588 geflerint
853 510 905 563 in
924 508 1267 585 Norw‘egios
1286 547 1303 572 ,
1334 509 1389 561 in
1406 507 1622 566 Danos‚

18 599 77 650 in
94 590 288 651 Ruffos
307 590 592 669 Slavosque
611 630 628 655 ‚
646 587 861 668 exsequi
879 592 1114 669 ingentis
1130 590 1308 666 operis
1324 604 1404 644 res
1422 586 1500 644 fit.
1524 609 1625 643 ne-

21 697 126 754 que
144 696 272 732 vero
306 671 793 732 nostrae-modestiae
817 670 892 728 est
911 713 928 738 ‚
961 672 1230 751 indigenis
1260 692 1316 726 ac
1337 668 1626 749 praesertim

18 757 242 813 Iohanni
276 757 488 835 Magno
523 787 540 821 ·,
585 758 701 810 viro
735 754 911 810 nobili
947 760 1001 809 δε
1038 751 1306 831 Vpsalensi
1342 753 1625 830 quondam

19 836 441 916 Archiepiscopo
462 879 478 905 ‚
511 858 633 894 cum
661 832 938 916 diligentia
970 854 1270 893 memorata
1303 838 1625 892 interverte-

18 941 89 978 re.
134 923 186 976 Si
207 922 327 999 quis
345 941 473 978 vero
493 919 762 999 indigenis
788 918 884 975 hac
915 922 970 975 in
992 936 1138 997 parte
1157 917 1367 975 credere
1390 919 1555 981 nolit,
1577 919 1627 971 ei

18 1017 134 1082 quae
155 1007 385 1060 externis
416 1002 444 1060 ἐ
466 1002 812 1079 scriptoribus
832 1003 1041 1058 Saxone
1062 1006 1113 1056 &
1145 1002 1305 1057 Erico
1325 1002 1520 1056 Danici
1542 1018 1629 1055 re*-

19 1105 86 1164 ge
105 1085 454 1164 excerpsimus
472 1127 488 1152 ‚
523 1083 687 1142 fidem
705 1084 935 1151 Suedico
951 1082 1291 1140 fortitudinis
1313 1082 1526 1139 abunde
1545 1078 1629 1137 fa*

22 1169 178 1224 cient.
200 1170 278 1225 Ex
297 1166 511 1247 hisquae
531 1167 684 1225 laude
703 1186 864 1245 atque
884 1167 1136 1223 aemulatu
1157 1166 1340 1245 digna,
1364 1164 1552 1220 addam
1574 1168 1630 1219 δε

22 1271 138 1327 quae
160 1251 492 1307 emendanda
510 1291 525 1316 ‚
561 1249 596 1305 si
616 1269 796 1322 tamen
816 1250 956 1305 reere
979 1251 1292 1305 notavimus
1313 1288 1326 1312 ‚
1362 1244 1512 1303 facile
1532 1266 1630 1322 ap-

25 1331 232 1409 parebit
251 1332 557 1389 Sueonibus
578 1336 813 1409 primum
834 1376 847 1396 ,
881 1330 1074 1386 deinde
1093 1335 1146 1386 &
1163 1333 1353 1386 exteris
1373 1370 1389 1396 ‚
1423 1349 1540 1408 quae
1563 1348 1630 1383 u-

25 1416 185 1470 tilitas
217 1434 282 1470 ex
314 1416 566 1491 Procopii
602 1411 818 1470 historia
854 1414 1051 1490 percipi
1088 1409 1250 1490 possit
1271 1452 1287 1479 ,
1318 1413 1411 1489 qui
1442 1418 1631 1489 praeter'

25 1517 105 1551 res
139 1497 414 1552 Romanas
445 1492 1183 1573 innumerasXOstrogotthici
1215 1499 1268 1550 δε
1302 1491 1635 1551 Wandalici

21 1579 231 1655 imperii
249 1579 397 1633 initia
418 1575 790 1654 processusque
809 1575 873 1631 ad
894 1573 1059 1632 finem
1081 1573 1245 1652 usque
1264 1574 1480 1631 deducit
1501 1613 1518 1640 ,
1552 1576 1632 1631 vir

25 1666 76 1717 &
96 1658 397 1715 eruditione
416 1656 662 1735 praestans
694 1664 746 1712 δε
779 1677 960 1713 rerum
996 1658 1195 1734 peritus
1223 1691 1239 1722 3
1268 1653 1634 1733 Belisarioque

25 1742 100 1798 ob
132 1741 185 1798 id
218 1741 546 1799 individuus·
610 1740 907 1796 Orationes
944 1737 1123 1795 inserit
1166 1756 1402 1795 moratas
1436 1737 1632 1794 admo-'-

22 1823 154 1881 dum
171 1864 188 1890 ,
203 1829 254 1881 δε
273 1821 543 1879 sententiis
560 1842 769 1901 graves·
811 1824 985 1878 etiam<
997 1823 1288 1878 narrationi
1305 1821 1447 1898 large
1465 1823 1635 1879 inter-

25 1904 144 1964 serit
161 1908 369 1963 monita
384 1924 500 1961 turn
522 1906 692 1960 civilia
714 1943 727 1964 ,
755 1922 875 1960 tum
901 1905 1174 1970 militaria,
1211 1902 1425 1980 Polybii
1444 1923 1634 1959 exem==

26 1991 138 2066 ploa
181 1988 338 2045 video
373 1985 595 2043 accusari
622 2005 748 2043 eum
770 1987 1046 2067 religionis
1065 1991 1244 2061 minus
1263 1986 1490 2043 sincerae.
1521 2006 1630 2064 ego

26 2075 119 2149 qui
141 2071 330 2126 cunsta
350 2071 580 2126 aliorum
599 2071 655 2125 in
682 2086 889 2147 partem
911 2114 924 2134 ,
970 2087 1241 2148 quantum
1261 2088 1454 2147 potero
1475 2067 1633 2125 beni-

26 2156 274 2232 gniorem
294 2157 424 2231 quin
450 2155 797 2229 interpreter,
841 2151 1034 2209 abduci
1055 2155 1140 2210 vix
1171 2173 1258 2208 me
1290 2150 1425 2207 fin0.
1469 2150 1630 2209 video

29 2257 153 2291 eum
183 2233 672 2292 controversiarum
691 2232 964 2291 subtilium
1001 2257 1119 2311 quae
1143 2232 1501 2291 Christianam
1521 2235 1637 2309 ple·-

31 2316 155 2374 bem
177 2359 192 2384 ‚
222 2317 360 2377 haud
381 2315 500 2374 satis
529 2317 927 2396 intelligentem
960 2320 1147 2374 talium
1169 2357 1186 2380 ,
1212 2313 1408 2385 misere
1427 2314 1637 2374 divide-

31 2397 159 2456 bant
178 2441 194 2468 ,
228 2397 510 2478 ipsumque
528 2404 915 2477 Imperatorem
951 2397 1079 2478 saepe
1104 2397 1464 2457 distrahebant
1491 2396 1518 2456 ὲ
1545 2418 1641 2454 ne-

29 2480 246 2539 cefl'ariis
281 2482 578 2560 reipublicae
600 2484 881 2561 negotiiS,
912 2480 1032 2539 satis
1049 2478 1148 2538 effe
1166 2479 1492 2562 fugientem.
1537 2501 1640 2540 cae³

29 2582 205 2622 terum
227 2564 290 2623 de
307 2564 488 2622 divina
519 2565 854 2642 providentia
870 2605 886 2630 ,
932 2566 1273 2642 praemiisque
1301 2583 1358 2621 ac
1375 2566 1539 2642 paenis
1560 2584 1641 2620 re-

33 2647 117 2703 ἃς
133 2668 197 2704 acv
208 2644 351 2704 secus
368 2644 634 2705 ῐεξεοτυῑη
652 2649 820 2704 multa
838 2668 964 2706 eum
981 2645 1224 2724 religiose
1244 2640 1506 2708 disserere,
1521 2656 1640 2716 non

34 2726 238 2787 omiffis
270 2734 324 2786 &
347 2731 608 2787 vaticiniis
628 2736 681 2786 &
714 2732 980 2788 miraculis
1010 2728 1342 2809 insignibu5‚
1380 2729 1538 2808 quale
1565 2726 1640 2784 est

35 2810 166 2868 illud
183 2808 248 2867 de
264 2831 417 2890 capra
435 2806 651 2870 infantis
668 2814 877 2869 nutrice
893 2853 910 2879 ‚
949 2811 1124 2891 deque
1142 2809 1261 2869 visis
1275 2818 1329 2868 δε
1349 2811 1542 2868 auditis
1560 2812 1641 2865 lo-

35 2895 130 2970 qui
159 2895 221 2949 iis
248 2932 266 2958 ‚
300 2893 499 2971 quibus
530 2897 719 2952 Ariani
743 2895 953 2974 linguas
986 2895 1239 2953 radicitus
1267 2891 1637 2961 exsecuerant‚

33 2979 189 3052 cujus
223 2977 293 3037 rei
315 2995 502 3057 praeter
532 2981 863 3058 Procopium
889 2974 1035 3037 testis
1070 2975 1145 3036 est
1175 2975 1286 3055 Ipse
1321 2973 1645 3052 Iustiniani-ts

1586 3076 1645 3115 m
