1888 3428
176 160 612 224 COTTHICAE
653 163 1048 221 H1s⁵r0R1AE
1089 164 1363 221 LmIV.
1505 177 1608 238 513

13 270 80 307 eo
111 252 306 307 milites
326 248 389 306 ad
420 245 470 304 se
497 267 610 303 non
631 247 788 304 multi
808 247 1183 309 mitterentur,
1226 263 1463 321 quorum
1484 262 1619 319 praea

10 329 143 389 fidio
171 349 321 388 tutus
340 351 461 387 cum
482 327 586 385 suis
619 328 963 406 Hydruntem
998 321 1451 401 proficisceretur,
1487 324 1612 380 inde

10 413 177 470 Adria
205 409 499 470 transmisso
534 413 703 471 iturus
737 410 1077 486 Byzantium.
1126 410 1381 462 Pacurius
1413 446 1429 471 ‚
1473 407 1611 461 illius

13 493 229 552 consilia
247 494 472 550 minime
491 489 763 569 affequens
778 529 795 556 ‚
813 492 1206 568 quinquaginta
1224 489 1288 544 de
1307 485 1411 543 suis
1429 489 1475 542 ei
1496 484 1611 562 sup->-

10 575 228 654 peditat.
288 576 371 632 ille
405 576 543 631 intra
573 574 798 629 Tarenti
833 574 1299 649 maeniareceptos
1338 570 1608 625 continuo

8 658 223 714 vinctos
239 654 426 713 habuit
445 697 462 724 ,
495 652 915 735 significavitque
940 655 1162 709 Pacurio
1184 694 1200 720 ‚
1218 650 1253 707 fi
1271 650 1394 708 suos
1415 652 1609 706 milites

7 737 208 796 servare
226 739 383 796 vellet
403 781 415 802 ,
453 736 753 794 reddendos
772 733 836 790 ab
867 735 986 812 ipso
1007 733 1356 791 Gotthorum
1376 731 1608 789 obfides,

7 819 208 900 quibus
226 823 476 878 Pacurius
510 818 824 884 intellecti&
858 823 1059 895 paucos
1090 817 1155 874 ad
1187 817 1494 894 Hydruntis
1515 834 1612 870 cti-³·-

8 901 236 960 stodiam
256 903 542 979 relinquit:
584 919 709 957 cum
743 898 1064 978 caeterisipse
1098 902 1153 957 in
1174 897 1383 955 hostem
1413 916 1612 978 prope·-

10 1002 105 1042 rat.
152 987 303 1041 Tum
331 983 589 1061 Ragnaris
618 985 1014 1061 quinquaginta
1040 982 1158 1038 illos
1188 999 1434 1060 tempore
1456 980 1606 1035 nullo

9 1063 323 1145 interposito
340 1060 597 1121 interficit
614 1105 628 1125 ‚
642 1064 1000 1144 Gotthosque
1020 1063 1307 1121 &Tarento
1326 1068 1382 1119 in
1399 1061 1610 1119 hostem

10 1147 176 1214 ducit,
211 1149 550 1219 concurritur
582 1168 596 1203 ι
646 1151 934 1202 vincuntur
968 1145 1204 1210 Gotthi‚
1244 1141 1612 1225 Ragnarisque

10 1229 130 1308 post
161 1231 355 1308 ingens
375 1226 596 1305 suorum
617 1229 874 1285 damnum
895 1269 911 1294 ,
947 1232 1194 1307 reliquias
1220 1226 1360 1306 fugae
1378 1229 1610 1283 comites

8 1310 221 1368 trahens
250 1314 443 1367 intrare
475 1311 780 1367 Tarentum
805 1314 1042 1388 nequiit,
1082 1310 1471 1367 circumdatum
1497 1313 1611 1383 jam

10 1395 278 1451 Romanis
293 1395 460 1471 copiis
480 1416 493 1449 ι
535 1390 619 1450 sed
638 1391 1003 1450 Acherontida
1016 1395 1264 1471 pervenit
1280 1432 1294 1452 ,
1312 1389 1612 1468 manfitque

7 1473 231 1532 ibidem.
275 1475 408 1532 Haec
438 1475 536 1531 illis
562 1477 619 1531 in
641 1476 882 1552 partibus
912 1474 1224 1552 agebantur.
1266 1480 1472 1531 Interea
1488 1473 1614 1528 Ro·-

10 1561 158 1614 mani
175 1562 372 1613 Portus
390 1555 653 1635 oppidum
675 1556 839 1635 pactis
857 1560 911 1612 in
930 1554 1094 1614 fidem
1116 1576 1381 1635 accepere,
1397 1562 1449 1612 &
1468 1552 1613 1612 aliud

10 1642 66 1696 in
85 1636 317 1696 Thuscia
336 1639 548 1715 Nepete
568 1638 774 1694 dictum
791 1678 808 1704 ‚
833 1643 886 1694 ὃ(
907 1639 1174 1695 castellum
1192 1641 1246 1694 in
1264 1640 1388 1694 loco
1410 1641 1494 1693 cui
1509 1642 1616 1693 Pea

11 1737 104 1779 trae
134 1717 361 1777 Pertusae
398 1740 622 1775 nomen.
664 1723 830 1780 Tei'as
849 1760 865 1786 ,
895 1740 1019 1777 cum
1037 1718 1181 1777 solos
1212 1718 1461 1776 Gotthos
1485 1720 1614 1776 Ro*

12 1821 300 1859 manorum
318 1799 518 1859 viribus
536 1804 766 1881 impares
785 1801 1022 1858 crederet
1038 1842 1054 1869 ‚
1087 1801 1151 1859 ad
1169 1800 1617 1858 Theudibaldum

15 1881 152 1941 misit
172 1886 498 1940 Francorum
517 1904 700 1963 regem
721 1925 739 1951 ‚
775 1884 945 1940 multa
973 1887 1318 1962 pecuniarum
1354 1884 1616 1961 pollicita-¹³

14 1969 160 2023 tione
178 1986 304 2022 eum
319 1964 382 2022 ad
403 1963 713 2023 societatem
741 1969 961 2022 ‘'vocanS.
1005 1963 1092 2023 sed
1111 1967 1298 2023 Franci
1326 1965 1468 2022 baud
1487 1963 1617 2020 stul-

16 2067 102 2115 te,
136 2051 366 2126 opinor,
399 2067 508 2104 tam
529 2069 627 2126 pro
648 2048 996 2106 Gotthorum
1026 2048 1348 2105 utilitatibus
1378 2067 1541 2125 quam
1560 2050 1618 2102 in

17 2151 128 2188 rem
144 2131 527 2188 Romanorum
544 2133 684 2187 mori
702 2131 1011 2189 abnuebant
1027 2153 1041 2195 ς
1059 2128 1154 2187 fibi
1173 2130 1457 2186 studebant
1475 2149 1619 2207 quae‘-

19 2233 128 2270 rere
147 2213 347 2271 Italiam
373 2256 387 2276 ,
432 2233 532 2268 nec
565 2213 663 2269 alia
683 2212 747 2271 de
778 2210 926 2269 causa
957 2211 1129 2269 subire
1152 2210 1405 2290 pericula.
1449 2217 1622 2268 Pecua-

20 2297 227 2352 niarum
246 2312 449 2374 partem
470 2334 487 2360 ‚
520 2299 704 2369 utjam
723 2294 865 2362 dixi,
895 2298 950 2351 in
971 2298 1172 2352 Piceno
1192 2297 1476 2371 reliquerat
1493 2294 1623 2356 Toe-

19 2377 167 2434 tilast
210 2374 297 2434 sed
315 2395 522 2456 partem
555 2398 735 2433 earum
773 2380 1062 2433 maximam
1085 2379 1140 2433 in
1171 2376 1381 2433 castello
1412 2378 1622 2433 Cuma-⁴-

0 2477 140 2530 lrum
171 2461 225 2515 in
249 2459 550 2536 Campania
578 2461 929 2515 collocaverat
948 2500 964 2525 ‚
1011 2459 1193 2516 addito
1214 2456 1452 2537 praesidio
1473 2499 1489 2525 ‚
1526 2477 1623 2521 cit-³7

0 2548 1 2558 ¹
18 2544 104 2617 jus
119 2545 360 2620 regimen
376 2538 526 2615 fratri
546 2537 641 2599 suo
673 2536 1110 2619 Herodianoque
1142 2538 1463 2619 permiserat.
1510 2539 1623 2594 Ca-

14 2619 149 2680 'steni
181 2628 295 2698 ejus
334 2622 574 2701 capiendi
606 2623 832 2702 cupidus
862 2622 1054 2680 Narses
1089 2626 1257 2680 mittit
1286 2618 1622 2686 obseffur05‚

22 2701 127 2781 ipse
144 2705 337 2763 Romae
367 2706 558 2762 cuncta
574 2709 792 2763 interim
828 2705 1098 2762 ordinans.
1142 2704 1229 2761 sed
1258 2711 1312 2760 δέ
1333 2705 1465 2759 alios
1486 2703 1625 2760 misit

26 2787 84 2842 in
116 2787 613 2844 Centumcellarum
647 2785 936 2844 obsidium.
977 2791 1186 2844 Verum
1222 2793 1274 2843 δε
1310 2791 1625 2862 pecuniis&

26 2873 370 2944 pecuniarum
389 2868 702 2926 custodibus
722 2888 972 2926 metuens
987 2871 1153 2926 Tei'as
1173 2910 1189 2935 ‚
1224 2866 1491 2946 desperata
1515 2873 1627 2940 jam

25 2947 351 3011 Francorum
370 2948 618 3010 societate
639 2992 657 3022 ‚
686 2955 889 3031 paravit
905 2949 1028 3009 suos
1045 2992 1061 3017 ‚
1095 2953 1236 3010 velut
1256 2950 1435 3030 praelio
1457 2969 1512 3004 ce
1524 2967 1632 3003 rta-

937 3031 1040 3091 Kk
1466 3039 1639 3086 turus²
