1888 3428
246 190 359 253 252
551 178 943 236 P-‘Rocopn
997 177 1547 255 CAEsAREENsts
1594 191 1640 223 ·'

240 277 425 315 torum
444 262 753 336 congeriem
774 263 831 317 in
860 257 1047 317 fossam
1066 262 1321 336 dejicere,
1362 281 1421 321 ut
1457 286 1550 345 per
1581 285 1698 324 eam
1727 264 1880 327 mal„

242 339 398 396 thina
426 342 716 398 incederet.
757 345 829 401 illi
863 363 1064 422 magno
1086 365 1208 401 cum
1230 342 1410 402 studio
1429 386 1448 412 ‚
1483 369 1793 428 quanquam
1815 350 1846 408 ὲ

238 420 503 480 maenibus
513 422 827 494 jaculatores
843 428 1073 505 graviter
1091 428 1470 498 imminebant,
1490 431 1735 488 mandata
1749 454 1845 491 ex-

239 500 553 582 sequuntur.
600 507 679 560 At
698 504 790 562 ubi
808 508 964 563 turris
982 508 1199 584 pondus
1216 509 1460 567 incubuit
1474 552 1492 578 ,
1527 510 1690 588 prefl'a
1707 511 1844 574 fide<-

240 606 294 643 re
313 588 568 665 virgulta,
611 606 708 643 nec
731 592 1040 664 permittere
1073 588 1302 647 Gotthis
1321 594 1606 669 promoliri
1625 598 1839 663 turrim,

239 667 694 745 ard-uoimprimis
724 690 914 749 aggere
933 688 1097 749 quem
1128 669 1321 728 foffam
1341 676 1478 730 intra
1507 679 1742 733 excitum
1759 677 1844 734 di-

237 751 417 806 ximus
430 789 448 816 ,
483 767 785 808 metuentes
816 755 980 831 igitur
999 774 1067 810 ne
1084 755 1245 811 notffte
1260 752 1501 813 secutura
1521 755 1700 814 hostes
1717 779 1845 816 eru-

237 834 426 909 ptione
445 828 616 888 subita
633 833 934 890 machinam
954 854 1186 902 urerent,
1204 837 1479 895 retrahunt
1498 861 1637 897 eam.
1663 839 1843 909 Quod

238 932 365 969 cum
383 912 666 991 prohibere
693 914 958 972 Iohannes
988 921 1144 975 omni
1166 939 1280 997 *ope
1312 920 1470 978 vellet
1488 962 1506 989 ,
1543 925 1738 980 milites
1756 944 1843 979 ar·-

237 997 371 1051 mari
397 992 568 1070 jussos
596 996 1029 1077 convocatosque
1052 998 1135 1056 his
1153 1001 1328 1074 verbis
1347 1001 1610 1061 hortatur.
1647 1007 1699 1061 Si
1719 1007 1843 1085 quis

236 1074 473 1134 vestrum
491 1117 508 1144 ,
526 1080 849 1136 commilites
863 1119 879 1146 ‚
907 1083 1234 1160 periculique
1252 1082 1411 1159 hujus
1440 1106 1655 1143 mecum
1675 1092 1843 1165 parti-

236 1162 384 1238 cipes
397 1198 414 1225 ,
435 1162 613 1215 vivere
632 1202 647 1223 ‚
689 1157 726 1215 fi
745 1163 865 1238 quis
898 1182 959 1218 ea
991 1183 1108 1241 quae
1130 1164 1283 1221 domi
1303 1186 1419 1222 cara
1438 1166 1601 1224 visere
1620 1171 1842 1247 expetit,

235 1243 385 1296 norit
403 1260 518 1296 non
532 1240 657 1297 alibi
673 1262 834 1319 quam
852 1246 907 1298 in
924 1242 1171 1300 manibus
1189 1243 1292 1302 suis
1326 1245 1417 1303 has
1433 1245 1546 1324 spes
1563 1249 1840 1329 repofitaS.

239 1322 389 1377 Cum
408 1324 643 1398 primum
659 1320 765 1380 huc
796 1344 897 1380 nos
923 1323 1063 1383 mifit
1080 1324 1359 1384 Belisarius
1378 1368 1395 1394 ‚
1430 1330 1711 1410 plerosque
1732 1354 1841 1389 no-

234 1400 404 1460 strum
419 1423 612 1482 magna
630 1403 827 1483 cupido
850 1405 1111 1486 ardorque
1129 1411 1185 1465 in
1206 1430 1445 1488 pugnam
1463 1412 1674 1470 subibat
1693 1458 1708 1479 ‚
1739 1435 1840 1472 ne·-

235 1487 384 1542 mine
415 1503 535 1542 tum
568 1489 838 1565 cogitante
859 1506 951 1545 aut
968 1487 1213 1547 hostibus
1242 1493 1296 1549 id
1314 1495 1477 1550 animi
1505 1493 1622 1552 fore
1654 1515 1713 1552 ut
1730 1495 1840 1553 oba-

233 1565 400 1624 fidere
417 1586 658 1642 pararent
679 1570 1011 1628 maritimum
1031 1573 1298 1651 oppidum
1317 1615 1336 1640 ,
1369 1579 1497 1632 mari
1518 1578 1862 1656 praepollenss‘

234 1648 382 1717 tibus
400 1647 667 1706 Romanis
686 1691 704 1716 ,
728 1668 829 1707 aut
845 1651 939 1730 ipfi
957 1653 1216 1710 Romano
1233 1661 1498 1727 exercitui
1521 1680 1645 1715 eum
1671 1659 1837 1719 nostri

205 1785 207 1787 ,
234 1729 545 1809 neglectum
566 1773 580 1795 ‚
597 1749 657 1787 ut
673 1728 937 1809 suppetias
956 1737 1139 1791 venire
1157 1736 1558 1815 dedignaretur.
1602 1742 1837 1811 Ha-sex-

234 1829 317 1867 tra
333 1809 509 1868 causas
537 1852 555 1879 ,
598 1810 724 1876 satis*
747 1835 849 1870 nos
879 1815 945 1871 ad
973 1815 1282 1874 audendum
1302 1818 1604 1879 stimulabat
1624 1829 1682 1880 δε
1701 1821 1837 1882 fides

234 1895 622 1955 inRomanum
638 1897 924 1974 imperium
944 1935 960 1958 ‚
997 1903 1052 1954 &
1067 1895 1182 1977 spes
1199 1900 1345 1956 clarae
1363 1902 1504 1980 apud
1525 1925 1718 1962 omnes
1736 1904 1836 1962 ho-

234 1978 411 2031 mines
442 1971 618 2034 famae.
662 1977 828 2034 Nunc
861 1998 991 2037 vero
1023 1999 1092 2036 ne
1125 1982 1347 2040 evade-re
1375 1985 1596 2062 quidem
1627 1985 1721 2044 nisi
1742 2007 1836 2066 pei?

233 2059 488 2113 virtutem
506 2056 694 2116 datur:
739 2064 793 2122 &
825 2072 885 2116 ut
913 2063 1219 2139 in'pericula
1251 2086 1454 2144 magno
1485 2070 1675 2145 animo-
1696 2066 1835 2126 fera-

233 2158 359 2195 mur
376 2178 395 2205 ,
411 2138 552 2195 nihil
570 2159 674 2196 nos
690 2160 829 2218 opus
848 2138 922 2197 est
949 2144 1160 2202 aliunde
1185 2144 1360 2204 causas
1380 2148 1673 2220 accersere,
1705 2159 1833 2209 cum

232 2217 344 2277 sola
359 2218 538 2278 salutis
556 2241 679 2278 cura
698 2222 753 2280 id
785 2221 813 2279 a
832 2222 993 2280 nobis
1023 2223 1140 2285 satis
1161 2231 1351 2308 exig-at.
1399 2228 1832 2313 quare'fiquibus

234 2300 469 2358 vestrum
499 2302 717 2381 pulchra
749 2324 843 2381 per
871 2302 920 2362 se
950 2306 1192 2384 placent,
1227 2311 1390 2367 ‘vobis
1422 2328 1610 2382 nunc,-
1632 2327 1832 2395 quanta

232 2382 322 2442 vix
342 2405 581 2462 unquam
602 2387 719 2441 aliis
746 2389 829 2442 via
857 2383 905 2442 se
926 2408 1018 2466 per
1033 2386 1194 2449 fortia
1210 2388 1350 2450 fasta
1373 2394 1437 2452 ad
1457 2397 1831 2476 gloriarm-ape-

231 2468 321 2522 rit.
359 2469 521 2545 Sequi
541 2469 690 2523 enim
718 2470 831 2524 laus
848 2489 942 2525 eos
959 2490 1100 2529 amat
1117 2507 1144 2539 -,-
1170 2470 1285 2531 non
1300 2479 1397 2554 qui
1416 2477 1482 2534 de
1499 2480 1836 2537 invalidiori-'³

232 2547 336 2603 bus
371 2550 649 2605 victoriam
677 2566 989 2628 reportant,
1030 2552 1399 2635 sed-‘quisquod
1433 2559 1496 2616 ad
1518 2563 1651 2617 vires
1681 2561 1828 2619 deest-

228 2627 480 2706 supplent
511 2632 682 2687 animi.
708 2633 1097 2710 magnitudine.
1154 2637 1297 2706 Atafi
1332 2640 1532 2718 quibus
1562 2642 1824 2709 dulceest

229 2713 513 2788 provivere
531 2754 545 2777 ‚
578 2711 657 2769 his
673 2714 1004 2774 vel-<maxime
1019 2718 1328 2778 audendum
1347 2718 1423 2778 est
1443 2764 1461 2790 ,
1492 2727 1823 2782 cumzitafna*

228 2811 349 2848 tura
378 2794 749 2870 ,comparatum
773 2788 833 2851 fit
853 2836 871 2864 ,
903 2814 964 2854 ut
981 2806 1216 2874 extrema
1249 2805 1478 2881 pericula
1497 2805 1591 2863 nifi
1610 2810 1823 2886 peric-u-

226 2874 408 2953 lorum
427 2892 709 2933 contemtu
743 2880 894 2937 vitari
914 2896 1200 2959 nequeant.
1216 2887 1383 2955 7·Haec,
1406 2882 1821 2968 Iohannes-pto·
1886 2896 1888 2898 ’

226 2957 479 3024 loeutuS,
510 2960 792 3037 paucisad
820 2981 1009 3036 muros
1023 2967 1249 3040 relictis,
1280 2973 1821 3057 caeterum-agmen‘in
1864 2985 1865 2988 ’

1592 3058 1594 3060 ’
1641 3050 1820 3111 hostes
1879 3072 1881 3074 ·
