1888 3428
222 162 664 220 GoTTHIcAE
705 162 1107 218 HISTORIAE
1151 165 1438 218 L1B.111.
1570 181 1684 240 359

72 241 272 301 derunt
291 243 358 301 fic
375 243 648 304 habentes.
691 248 830 324 Qae
861 241 984 299 urbi
1013 242 1209 300 Romae
1240 259 1533 300 evenerunt
1552 265 1681 300 cum

56 322 194 383 'scire
217 345 269 383 te
291 328 501 385 credam
519 370 535 394 ‚
567 329 741 395 dicere
759 324 1019 382 abstineO.
1064 329 1142 382 At
1175 345 1411 403 quorum
1433 326 1579 382 causa
1601 327 1680 382 le-

62 426 222 486 gatos
249 409 362 467 misi
376 415 489 485 jam
509 406 714 468 nosces·
755 408 1041 486 Rogamus
1071 429 1123 464 te
1148 407 1294 463 bona
1320 424 1380 462 ut
1397 411 1537 484 pacis
1553 408 1678 465 dare

64 508 226 567 atque
237 495 475 569 accipere
496 493 642 550 velis.
684 492 1008 568 Exemplum
1027 489 1188 546 nobis
1204 510 1261 545 ac
1275 487 1676 546 documentum

62 570 224 628 sunto
246 595 428 631 recens
450 572 751 632 Anastasius
766 571 1245 629 &Theuderichus
1265 612 1282 637 ‚
1314 573 1408 648 qui
1429 568 1503 626 sui
1522 573 1676 650 regni

59 670 310 732 tempora
330 657 618 736 tranquillo
636 653 752 712 otio
776 696 794 722 ,
827 661 881 712 &
908 654 1067 711 rebus
1095 652 1461 734 prosperrimis
1480 654 1676 730 imple-

61 756 203 793 vere.
246 737 434 795 Haecfi
454 739 550 795 tibi
573 737 899 817 probantur,
921 757 1068 815 pater
1090 735 1222 793 mihi
1243 735 1519 792 vocaberis
1536 775 1554 802 ,
1585 733 1675 790 so-

58 820 264 898 ciisque
301 822 461 877 nobis
492 824 549 877 in
583 841 724 899 quos
746 821 896 879 voles
916 819 1093 876 hostes
1130 822 1311 876 uteris.
1355 818 1489 875 Haec
1522 814 1677 896 post«

60 921 227 979 quam
262 904 390 982 legit
415 901 732 959 Iustinianus
767 909 821 960 &
856 902 937 958 his
971 905 1329 982 congruentia
1360 903 1672 979 legatorum

59 983 219 1040 verba
237 986 514 1052 intellexit,
532 985 674 1042 illico
696 1006 790 1042 eos
810 983 1009 1041 remisit
1026 1026 1039 1046 ,
1055 985 1161 1041 hoc
1177 981 1289 1041 solo
1309 1003 1433 1039 cum
1454 978 1672 1061 respon*

58 1061 146 1129 s0,
195 1066 348 1144 quod
379 1074 430 1124 δέ
451 1065 798 1146 perscriptum
828 1068 891 1125 ad
911 1069 1155 1124 Totilam
1177 1064 1555 1145 perferendum
1576 1064 1673 1122 de-

56 1146 138 1203 dit
154 1187 171 1214 ,
190 1148 398 1206 summa
415 1170 540 1206 cum
561 1148 824 1229 potestate
846 1151 1047 1207 bellum
1071 1149 1385 1206 mandatum
1403 1144 1671 1218 Belisario⁰

55 1249 221 1306 quare
252 1238 306 1288 &
327 1233 458 1310 quid
478 1253 601 1289 cum
637 1235 824 1291 Totila
856 1233 1127 1312 agendum
1149 1273 1165 1299 ,
1208 1229 1366 1309 ipfius
1387 1230 1671 1286 arbitrium

55 1310 196 1369 fore.
244 1314 397 1371 Dum
419 1335 546 1371 vero
578 1312 632 1370 hi
649 1317 808 1394 legati
827 1317 1146 1393 Byzantium
1164 1331 1295 1369 eunt
1312 1352 1328 1377 ‚
1368 1310 1672 1389 atqueind'e

10 1404 18 1406 ’
55 1396 113 1450 in
132 1395 334 1452 Italiam
356 1414 698 1454 revertuntur
714 1438 729 1463 ‚
766 1396 876 1454 haec
903 1400 1121 1453 interim
1140 1398 1195 1451 in
1214 1397 1449 1455 Lucania
1469 1413 1672 1449 evene-

49 1495 130 1533 re.
171 1479 459 1534 Tullianus
477 1480 661 1536 coasta
677 1477 1335 1559 agrestium-multitudine
1357 1475 1564 1534 aditum
1585 1495 1670 1530 re—

53 1560 640 1639 gionisperangustum
662 1564 919 1618 tuebatur
937 1602 953 1627 ‚
987 1583 1053 1616 ne
1072 1564 1186 1617 illac
1205 1558 1384 1615 hostes
1406 1558 1669 1634 populan-

57 1642 182 1698 dam
209 1644 275 1699 ad
309 1645 602 1699 Lucaniam
635 1645 1027 1719 irrumperent,
1063 1639 1239 1698 socios
1272 1640 1337 1697 ad
1368 1639 1667 1696 custodiam

51 1720 258 1779 habens
296 1723 360 1779 ad
394 1728 568 1781 Antas
603 1744 906 1784 trecentos,
943 1745 1084 1801 quos
1103 1726 1150 1780 ei
1170 1727 1382 1802 roganti
1401 1720 1668 1777 Iohannes
1714 1740 1717 1744 ·

51 1824 225 1883 nuper
260 1805 598 1864 concefferat.
640 1807 730 1863 Est
748 1811 896 1863 enim
915 1829 975 1862 ea
1008 1826 1141 1886 gens
1171 1805 1528 1864 barbarorum
1549 1823 1666 1858 maa

20 1951 24 1954 .
52 1889 196 1944 xime
213 1887 408 1944 idonea
427 1910 664 1969 pugnare
697 1892 754 1945 in
780 1892 913 1945 locis
931 1885 1286 1967 confragosis.
1311 1908 1425 1966 quo
1445 1886 1666 1957 Totilas

56 1972 282 2049 cognito
304 2011 320 2037 ‚
354 1972 700 2028 Gotthorum
723 1970 832 2030 vim
855 1993 922 2027 eo
955 1974 1171 2028 mittere
1192 1992 1305 2026 non
1327 1992 1389 2027 ex
1410 1967 1503 2024 usu
1519 1967 1668 2042 judi-

0 2058 6 2066 “
52 2051 219 2110 cabat.
261 2050 350 2110 sed
374 2055 597 2111 collec³ca
615 2053 792 2134 &ipse
811 2075 968 2135 agros
988 2055 1288 2111 colentium
1307 2051 1463 2108 turba
1484 2094 1498 2114 ,
1530 2069 1665 2127 pau-

55 2136 126 2189 cis
160 2134 348 2192 additis
383 2136 614 2193 Gotthis
647 2176 663 2201 ‚
710 2135 843 2193 nihil
874 2140 1217 2215 inexpertum
1253 2136 1482 2212 relinqui
1511 2130 1667 2206 jubet

53 2236 166 2294 quo
197 2214 378 2276 fauces
406 2236 829 2297 penetrarentur.
876 2218 1172 2297 Postquam
1204 2214 1523 2274 concursum
1557 2211 1664 2278 est,

50 2300 241 2379 ingens
258 2298 322 2356 fit
346 2301 606 2378 praelium.
648 2302 900 2358 Tandem
920 2304 1080 2359 Antae
1102 2301 1190 2357 sua
1207 2301 1404 2357 virtute
1435 2304 1488 2354 δε
1506 2299 1666 2353 loco=÷

51 2400 172 2437 rum
189 2379 398 2440 salebris
416 2383 585 2461 adjuti
606 2405 713 2442 una
730 2405 854 2441 cum
878 2384 1120 2440 Tulliani
1139 2381 1434 2461 agrestibus
1450 2378 1664 2436 hostem

50 2465 108 2518 in
136 2460 324 2544 fugam
344 2485 600 2532 vertunt,
646 2466 922 2545 caedesque
956 2463 1021 2522 fit
1051 2465 1238 2522 multa.
1280 2463 1337 2521 Id
1374 2460 1665 2541 postquam

5 2545 8 2548 ’
50 2546 251 2607 Totilae
270 2552 584 2606 nuntiatum
602 2548 677 2606 est
693 2590 710 2616 ,
748 2551 987 2606 Romam
1004 2547 1287 2604 constituit
1305 2544 1664 2624 prosterneret

14 2697 22 2705 .
52 2644 212 2708 atque
230 2632 288 2686 in
303 2633 471 2690 ruinis
506 2637 796 2690 maximam
816 2649 1022 2709 partem
1048 2633 1350 2708 relinquere
1367 2629 1662 2684 exercitus:

50 2729 176 2768 cum
193 2712 406 2792 reliquo
425 2717 500 2771 ire
516 2715 580 2773 ad
593 2714 894 2772 Iohannem
911 2719 963 2770 &
981 2717 1250 2770 Lucanos.
1291 2717 1514 2789 Iamque
1534 2729 1663 2764 mae-

52 2796 205 2851 nium
222 2794 399 2852 diruta
418 2814 528 2854 erat
559 2818 675 2878 pars
696 2838 714 2864 ‚
757 2812 1022 2872 quantum
1047 2799 1311 2870 conjicere
1332 2796 1455 2850 licet
1472 2833 1488 2859 ,
1509 2794 1661 2847 tertia

51 2873 262 2932 diversis
298 2881 352 2934 in
373 2880 541 2949 locis,
586 2876 1038 2960 propositumque
1073 2876 1358 2934 incendere
1390 2876 1660 2932 domuum

7 2971 11 2974 ’
46 2956 430 3036 pulcherrimas
458 2958 956 3044 superbiffimasque
978 3000 993 3025 ‚
1058 2967 1113 3018 δε
1152 2961 1218 3019 de
1250 2961 1435 3018 Roma
1467 2971 1663 3093 tfrram

937 3046 980 3103 Z
1020 3061 1060 3119 “lt
1139 3057 1144 3060 ·
1421 3057 1485 3117 pa
1513 3048 1667 3092 cuam

37 3192 39 3195 Α
80 3153 108 3186 C
