1888 3428
166 159 281 216 Go
302 169 605 216 TTHICAE
645 149 1048 209 H1sT0R1AE
1087 146 1372 205 L1n.1V.
1500 160 1612 223 505

19 236 152 301 mati
168 281 183 302 ‚
201 237 497 318 stantesque
514 240 570 294 in
588 230 869 293 ordinibus
884 269 901 296 ‚
942 227 1125 285 cibum
1157 247 1251 282 eos
1280 246 1495 306 capere,
1540 230 1622 283 in-

20 328 178 382 terim
197 340 460 401 perpetuo
478 322 718 376 intentos
734 317 790 371 in
807 309 1043 369 bostium
1061 308 1356 366 adventum
1376 326 1623 384 paratos·-

19 427 128 485 que
156 402 255 463 effe
268 401 437 480 juffit.
461 403 598 461 Non
614 397 798 456 eadem
817 412 935 472 quae
951 409 1071 448 ante
1088 387 1246 446 facies
1265 389 1479 445 aciebus
1496 387 1619 446 fuit.

18 489 165 547 Nam
185 505 477 566 quaternos
497 482 743 541 millenos
761 476 989 557 pediteS,
1008 474 1099 552 qui
1118 475 1173 528 in
1193 491 1458 527 cornuum
1480 490 1625 548 quo-

20 590 130 650 que
160 586 344 636 erant,
373 570 609 625 lunatam
627 565 684 620 in
717 558 946 638 speciem
976 557 1178 613 curvari
1209 549 1402 611 Narses
1432 555 1625 609 volue-

18 669 120 709 rat.
161 648 466 708 AtGotthi
484 666 628 728 pone
658 641 957 722 equitatum
983 629 1188 716 pedites
1205 633 1349 692 denfi
1368 630 1629 689 constite-

20 751 140 792 rant
159 775 177 802 ,
212 753 272 791 ut
290 731 327 790 fi
341 750 528 790 turmae
548 727 869 807 pellerentur
888 763 906 789 ,
943 716 1068 778 effer
1088 721 1162 776 eis
1189 716 1254 774 ad
1274 714 1525 773 cohortes
1544 734 1627 771 re-

20 835 240 896 ceptus,
272 813 466 873 deinde
493 808 669 887 ]ὐηᾶἰ
704 805 860 864 simul
888 823 1082 860 omnes
1117 800 1355 878 praelium
1390 796 1630 854 redinte-

19 914 257 980 grarent.
300 902 631 971 Praeceptum
665 905 844 946 autem
883 904 995 943 erat
1031 881 1289 946 GotthiS,
1331 900 1399 936 ne
1422 876 1628 937 miffili-

20 983 124 1040 bus
141 1022 158 1049 ‚
189 1000 311 1038 reve
328 979 431 1035 ulla
448 976 544 1032 alia
561 1014 578 1041 ‚
598 989 948 1052 praeterquam
965 965 1123 1024 hastis
1146 980 1439 1021 uterentur.
1494 963 1629 1020 Haec

21 1066 178 1142 culpa
204 1062 450 1118 Totilam
482 1058 674 1115 evertit
693 1095 711 1121 ,
745 1055 838 1132 qui
868 1054 924 1108 in
941 1050 1037 1107 hac
1058 1068 1239 1127 pugna
1258 1085 1274 1111 ‚
1312 1042 1491 1101 nescio
1511 1064 1626 1123 quo

14 1143 245 1215 =consilio
266 1184 284 1211 ,
323 1143 550 1199 militem
573 1136 729 1194 suum
761 1154 938 1212 neque
974 1150 1237 1189 armatura
1256 1147 1433 1209 neque
1453 1146 1508 1182 re
1530 1126 1631 1183 alia

20 1229 128 1287 ulla
147 1246 328 1306 parem
349 1221 476 1281 fecit
505 1218 770 1277 hostibus·
812 1218 957 1274 Nam
977 1214 1252 1275 Romani,
1285 1227 1345 1265 ut
1377 1206 1427 1266 se
1461 1208 1631 1266 dedeae

19 1329 100 1370 rat
116 1306 324 1368 occafio
342 1347 358 1374 ,
401 1305 561 1361 armis
590 1296 922 1381 quibussibet
951 1295 1268 1360 utebantur,
1307 1294 1500 1368 partim
1525 1291 1630 1349 tela
1644 1339 1647 1347 ,,

20 1399 365 1456 emittente8‚
392 1388 583 1467 partim
615 1380 771 1440 hastis
810 1379 1089 1437 trudentes
1109 1421 1122 1441 ,
1156 1376 1347 1454 partim
1375 1368 1640 1430 ferientes

20 1475 210 1558 gladiis
230 1515 247 1542 ‚
279 1473 483 1549 aliaque
517 1483 736 1547 agentes
756 1483 875 1542 quae
896 1461 1157 1539 temporis
1183 1457 1361 1514 acloci
1379 1457 1516 1511 ratio
1542 1450 1629 1510 fe·-

20 1556 202 1623 rebat,
236 1556 322 1612 alii
341 1553 493 1632 equis
512 1553 568 1606 in
600 1565 872 1605 certamen
890 1544 1059 1600 evecti
1078 1582 1095 1609 ‚
1128 1537 1352 1619 pedibus
1371 1534 1628 1600 cofistens-

22 1659 103 1700 tes
120 1641 228 1705 alii,
247 1653 410 1717 prout
428 1633 626 1689 utilitas
646 1627 865 1686 suaserat
886 1647 899 1681 ε
935 1623 1206 1680 interdum
1228 1625 1280 1677 δε
1300 1617 1509 1675 hostem
1527 1620 1629 1676 cir-

18 1719 440 1781 cumveniebant
466 1712 708 1791 undique
744 1751 761 1776 ‚
813 1706 1087 1774 interdum
1121 1700 1459 1780 excipiebant
1487 1695 1630 1755 infe-

20 1805 164 1871 stOS‚
191 1800 460 1877 scutisque
476 1792 1138 1867 retundebantimpetum.
1180 1788 1261 1843 At
1275 1780 1628 1845 Gotthorum

13 1884 264 1967 equites,
301 1882 536 1939 multum
555 1897 700 1955 pone
719 1874 904 1931 relicto
926 1869 1167 1949 peditatu
1182 1909 1198 1935 ,
1219 1864 1374 1924 hastis
1388 1862 1519 1921 ‘Freti
1537 1862 1628 1920 so·-

18 1972 118 2037 lis,
147 1963 453 2046 improvida
487 1962 787 2016 temeritate
818 1951 1128 2015 ferebantur
1163 1972 1176 2009 2
1211 1967 1381 2025 utque
1416 1946 1481 2004 acl
1511 1965 1627 2003 rem

19 2068 247 2111 ventum
269 2046 375 2112 est,
414 2062 588 2124 paenas
607 2040 946 2098 exsolverunt
966 2035 1194 2092 stultitiae
1213 2029 1328 2089 suae.
1371 2031 1627 2107 Namque

21 2138 78 2192 in
93 2128 271 2190 hostes
293 2127 501 2186 medios
521 2122 665 2181 fatffto
685 2117 925 2183 incursu,
959 2118 1128 2197 ignari
1147 2114 1212 2172 ab
1233 2113 1364 2170 οᾶσ
1386 2112 1485 2169 illis
1505 2110 1629 2167 mil·-

19 2216 164 2275 libus
194 2216 288 2293 qui
317 2215 372 2267 in
408 2204 663 2265 cornibus
684 2221 865 2269 erant,
899 2196 1442 2275 circumfunduntur,
1486 2199 1539 2250 δέ
1563 2213 1630 2249 u·-

22 2302 238 2375 trinque
256 2295 374 2352 telis
391 2286 771 2370 ingruentibus
789 2325 806 2351 ,
837 2285 977 2341 illico
999 2279 1334 2359 despondent
1350 2279 1592 2334 animum
1612 2295 1628 2331 ε

24 2380 289 2460 Sagittarii
316 2378 493 2433 enim,
530 2374 604 2427 ita
623 2387 683 2426 ut
715 2384 1039 2447 praeceptum
1064 2360 1213 2424 fuiffe
1246 2361 1394 2425 dixi,
1426 2375 1631 2416 cornua

21 2466 81 2521 in
111 2463 247 2520 lunae
281 2456 511 2538 figuram
541 2450 741 2509 sinuata
774 2469 916 2510 mox
937 2442 1371 2525 composuerant,
1422 2446 1487 2497 In
1521 2438 1629 2494 hoc

24 2545 317 2604 certamine
350 2539 507 2597 multi
526 2537 623 2592 viri
644 2574 661 2601 ‚
704 2552 803 2589 nec
826 2532 1113 2609 'pauciores
1131 2529 1259 2606 equi
1278 2522 1510 2581 Gottbis
1530 2541 1628 2600 pe-

21 2631 255 2692 rierunt,
295 2618 600 2701 priusquam
618 2615 681 2673 ad
702 2634 893 2671 manus
913 2633 992 2669 res
1010 2611 1393 2672 deduceretur:
1429 2605 1629 2662 multa-

23 2730 132 2791 que
149 2701 371 2787 perpeffi
389 2702 525 2759 mala
539 2705 593 2758 &
609 2694 723 2756 stro
741 2701 796 2754 δε
824 2716 960 2775 aegre
979 2694 1041 2752 ad
1060 2689 1222 2769 ipsam
1241 2692 1629 2748 Romanorum

22 2794 191 2850 aciem
222 2803 582 2867 penetravere.
626 2781 768 2837 Heic
803 2775 1037 2856 magisne
1054 2776 1343 2835 Romanos
1361 2791 1427 2826 an
1453 2767 1629 2824 socios

24 2892 217 2931 eorum
248 2869 493 2928 admirari
525 2864 843 2929 conveniat,
878 2859 1022 2920 haud
1048 2854 1412 2916 discreverim:
1440 2851 1629 2906 omni-

22 2953 127 3015 bus
151 2974 245 3037 par
273 2952 508 3013 alacritas
542 2945 606 3007 ad
637 2963 904 3004 certamen
940 2948 994 3003 Sc
1024 2943 1194 2999 virtus
1212 2939 1269 2995 in
1295 2936 1583 2995 certamine
1611 2949 1627 2987 ε

906 3028 931 3080 1
957 3025 974 3079 i
1021 3038 1044 3099 5
1442 3010 1626 3093 fingu-
