1888 3428
218 134 1302 199 CorrmefflHisi-omfflmn.
1347 138 1389 198 1.
1531 152 1638 219 1913?
1702 182 1711 186 κ

24 218 289 303 imposuit
308 222 619 281 cohortium
636 222 905 280 duetore&
925 226 1182 278 Praeterea
1199 225 1434 280 canalem
1452 244 1650 303 quem-

29 327 139 386 que
157 305 608 381 custodirijuffit,
627 303 884 383 plerisque
904 309 958 360 δε
975 307 1314 360 munimenta
1331 308 1644 382 imponam,

25 409 96 445 ne
130 409 236 468 qua
254 385 397 445 fraus
419 406 636 446 externa
667 387 781 443 illac
817 403 1134 464 penetraret.
1184 387 1475 452 Quoniam
1513 409 1642 445 vero

24 475 200 549 ruptis
219 510 236 537 ,
255 491 315 529 ut
333 470 438 528 dixi
459 469 759 529 canalibus,
800 489 914 524 non
937 469 1071 525 ultra
1090 470 1262 524 molas
1297 488 1451 547 aquae
1472 470 1643 526 versa-

23 551 194 620 bant,
215 573 313 610 nec
331 555 641 610 animalium
678 548 830 606 labor
847 549 1151 607 succurrere
1171 569 1413 629 poterat,
1452 549 1527 606 ob
1547 573 1641 629 pam

23 632 139 691 buli
172 640 484 713 penuriam,
525 655 591 690 ne
614 632 924 690 neceffarios
956 633 1177 711 quidem
1198 633 1261 690 ad
1294 632 1421 690 belli
1447 632 1569 689 usus
1584 655 1643 690 e-

21 738 164 795 quos
181 721 314 775 alere
333 714 634 774 sufficientis
653 754 670 780 ‚
691 736 803 772 rem
824 736 1023 772 novam
1045 715 1468 773 comminiscitur
1496 717 1643 772 Beli-

19 796 198 856 sarius.
244 805 347 856 Pro
380 819 549 878 ponte
569 819 734 877 quem
768 819 882 854 non
917 802 1080 877 longe
1100 796 1376 854 moenibus
1416 795 1641 854 abfuifl'e

19 881 130 937 dixi
154 925 168 945 ,
192 879 255 936 ab
280 898 503 960 utraque
523 885 633 958 ripa
652 901 820 936 nexos
847 880 1074 937 tendens
1092 878 1281 945 funeS,
1317 880 1384 937 ab
1416 884 1478 937 iis
1500 914 1517 948 5
1554 883 1641 936 in-

17 981 209 1042 terque
227 960 501 1019 selembos
521 963 767 1019 devinxit
794 964 933 1019 duos
952 961 1121 1019 duum
1140 963 1340 1041 pedum
1377 963 1637 1019 interval-

15 1045 74 1101 lo
92 1084 108 1105 ‚
125 1066 288 1123 quam
306 1044 368 1101 ad
392 1064 599 1122 partem
622 1047 887 1101 maximus
905 1043 932 1101 a
950 1064 1231 1102 curvatura
1252 1049 1437 1122 pontis
1470 1067 1637 1124 aqua*

13 1124 139 1185 rum
170 1125 221 1183 se
252 1124 456 1184 ferebat
485 1130 756 1205 impetus:
797 1127 1071 1205 molasque
1102 1126 1293 1184 lembis
1341 1131 1636 1206 imponens

15 1206 209 1278 binas,
245 1212 384 1265 inter
416 1228 691 1288 utrunque
732 1210 1036 1266 machinam
1073 1207 1340 1288 suspendit
1372 1210 1637 1268 versandis

15 1293 178 1348 molis
197 1291 464 1347 idoneam.
511 1294 664 1347 Tum
686 1292 782 1346 alia
800 1292 1052 1369 deinceps
1069 1296 1233 1347 acatia
1252 1291 1508 1370 disposuit
1524 1313 1637 1349 cer·-=

0 1378 80 1429 'to
98 1373 289 1430 ordine
325 1375 592 1429 anteriora
628 1372 834 1452 semper
861 1376 1068 1453 alligata
1094 1372 1522 1467 posterioribus,
1545 1378 1634 1430 in-

0 1453 283 1534 {terpofitis
300 1454 535 1512 eundern
570 1456 634 1511 ad
666 1455 895 1512 modum
932 1454 1210 1513 machinis·
1252 1459 1430 1535 Aquae
1463 1459 1632 1535 igitur

0 1535 199 1616 ³suapte
234 1539 486 1596 violentia
523 1536 790 1595 machinas
821 1538 974 1595 aliam
998 1535 1119 1617 post
1154 1539 1341 1605 aliam,
1375 1538 1635 1596 machinae

0 1622 185 1692 ssmolas
219 1617 516 1676 motabant
524 1660 542 1688 ‚
569 1641 688 1698 quae
710 1616 828 1675 urbi
864 1623 1016 1697 quod
1039 1617 1155 1675 satis
1184 1638 1297 1675 erat
1328 1620 1624 1676 molebant.

0 1697 251 1772 {HosteQ
287 1699 382 1757 ubl
401 1701 454 1758 1d
482 1699 830 1780 perfugarum
863 1702 1063 1757 indicio
1098 1720 1498 1780 cognoverant,
1520 1723 1629 1758 ma-

0 1781 179 1840 chinis
201 1784 608 1861 corrumpendis
637 1784 782 1840 hunc
811 1782 1065 1840 adhibent
1101 1782 1349 1840 modum.
1397 1785 1631 1864 Magnas

0 1864 229 1945 ¹arbores
245 1866 742 1945 Romanorumque
770 1886 950 1922 recens
968 1863 1380 1923 interfetftorum
1400 1887 1631 1944 corpora.

0 1947 376 2006 ³confertimin
397 1970 612 2005 amnem
629 1949 930 2005 devolvunt
951 1988 967 2011 ,
1004 1952 1158 2022 cujus
1194 1947 1345 2010 cursu
1377 1948 1628 2006 delatain

0 2028 278 2105 Jnaviculas
294 2051 412 2109 pars
431 2052 622 2087 eorum
646 2034 817 2105 major
852 2030 1121 2087 machinas
1149 2026 1483 2110 frangebant.
1518 2029 1623 2087 Sed

0 2110 285 2170 JBelisarius
302 2118 355 2169 &
375 2112 497 2170 huic
512 2111 872 2169 incommodo
892 2113 1191 2170 remedium
1210 2117 1434 2171 invenit.
1476 2116 1627 2170 Lon<-

0 2215 106 2290 3gas
139 2212 349 2252 catenas
377 2192 571 2252 ferreas
607 2199 761 2273 ponti
795 2199 992 2273 aptavit
1021 2214 1202 2252 totum
1240 2213 1337 2274 per
1370 2193 1624 2251 Tiberim

0 2280 412 2366 3pertingente8‚
431 2299 544 2356 quo
565 2298 690 2346 curn
710 2275 915 2357 delapsa
934 2275 1095 2335 efleut
1113 2299 1230 2356 quae
1260 2275 1528 2334 fluminis
1516 2299 1630 2335 1m=÷

0 2357 141 2454 3petu
173 2359 518 2427 ferebantur,
557 2358 758 2415 ibidem
812 2358 1271 2427 adlaaerescebant‚
1309 2379 1624 2439 retentaque

0 2448 177 2519 {porro
197 2439 339 2499 abiis
358 2441 623 2521 quibusid
640 2462 774 2498 curae
795 2460 906 2497 erat
940 2444 1003 2499 ad
1024 2462 1217 2499 terram
1253 2442 1619 2500 trahebantur.

0 2522 210 2602 'Neque
229 2524 282 2581 id
300 2525 563 2589 instituit,
585 2526 742 2580 molis
760 2521 1014 2581 duntaxat
1034 2546 1256 2592 cavenS,
1276 2524 1361 2582 secl
1383 2543 1533 2582 metu
1553 2544 1622 2579 ne

9 2603 188 2662 hostes
211 2609 467 2664 naviculis
496 2603 790 2664 transmisso
824 2625 992 2683 ponte
1028 2606 1303 2686 improvih
1338 2613 1394 2664 in
1431 2606 1624 2665 urbem
1700 2659 1703 2661 ,

11 2704 372 2764 penetrarent.
417 2693 499 2746 Sic
539 2687 793 2745 barbaria
828 2686 921 2744 suo
943 2709 1143 2746 conatu
1179 2687 1466 2747 successum
1503 2709 1620 2744 non

9 2767 244 2826 habente
278 2770 622 2829 abstiterunt:
660 2770 1003 2864 liberequein
1038 2770 1319 2851 posterum
1353 2770 1427 2829 ufi
1465 2773 1624 2828 molis

13 2851 287 2909 Romani.
273 2853 393 2911 ·sed
413 2875 671 2934 aquarum
703 2856 886 2930 inopia
910 2853 1112 2912 balneis
1146 2854 1499 2911 arcebantur.
1521 2872 1625 2930 po-

0 2934 99 2992 tui
128 2931 413 2995 sufficiebat
443 2941 608 2996 etiam
647 2935 847 2995 humor
879 2933 960 2993 his
977 2939 1072 3017 qui
1104 2958 1261 2995 amne
1294 2933 1630 3017 longiusaba

831 3017 888 3074 Ν
934 3038 963 3075 2,
1445 3026 1629 3081 erant,
