1888 3428
200 139 366 209 ⁴196
503 163 509 167 ·
594 142 986 198 PRoc01>11
1031 139 1583 197 CAESAREENsrs'

253 236 438 290 erant,
475 225 646 298 puteis
678 216 1160 301 suppeditantibus,
1214 237 1400 277 contra
1433 216 1674 281 cloacas{
1703 223 1858 299 queis

250 321 606 381 purgamenta
625 303 771 361 urbis
804 321 1143 382 receptantur
1178 303 1322 360 nulla
1353 304 1602 358 cautione
1628 300 1860 361 habebat

254 404 396 463 opus
414 425 431 452 ‚
453 385 670 464 quando
691 388 744 442 in
764 385 1011 443 Tiberim
1048 402 1310 442 exeuntes
1343 405 1534 441 omnes
1555 383 1617 441 ad
1650 381 1862 441 infidias

251 463 490 522 hostium
529 466 718 524 urbem
751 490 864 524 non
897 470 1154 546 aperiunt.
1200 468 1336 524 Haec
1353 483 1502 522 erant
1534 487 1652 544 quae
1672 484 1863 521 contra

255 545 524 605 obsidium
543 551 787 606 Belisario
805 550 1262 629 agebantur.Quae
1283 568 1375 626 per
1394 566 1638 625 tempora
1657 549 1866 603 Samni-

251 646 330 685 tes
353 633 497 707 pueri
519 634 769 708 patriisin
788 633 917 689 locis
938 652 1129 710 pecora
1148 629 1417 708 pascentes
1432 670 1448 696 ,
1485 628 1549 685 de
1582 626 1678 685 suo
1698 650 1865 707 grege

253 709 486 790 insignes
499 734 725 792 corpore
739 714 877 770 duos
892 714 1154 793 deligunt,
1175 710 1499 790 vocatosque
1516 711 1740 783 joculari
1760 732 1864 767 vo—

217 843 219 854 ,
254 792 449 848 cabulo
464 793 607 854 bunc
623 793 927 852 Belisarium
949 799 1180 874 Vitigim
1201 795 1450 861 alterum,
1471 793 1615 849 ludia
1632 803 1864 872 congre-

256 873 308 930 di
326 873 533 949 jubent.
580 879 694 933 Diu
713 881 945 956 graviter
965 895 1165 933 certato
1186 919 1203 944 ,
1240 876 1427 933 cecidit
1455 878 1654 954 Vitigis
1676 896 1865 930 :eum-

255 977 363 1034 que
381 977 473 1034 per
491 958 678 1014 ludum
701 963 866 1016 coaevi
886 960 949 1016 de
986 959 1175 1015 arbore
1208 956 1553 1037 suspendunt.
1612 958 1771 1013 Forte
1791 956 1867 1012 ibi

255 1055 375 1094 tum
394 1043 552 1118 lupus
570 1044 829 1119 apparuit,
844 1062 956 1119 quo
978 1044 1210 1098 exterriti
1229 1044 1378 1118 pueri
1393 1037 1665 1118 aufugdre.
1692 1036 1884 1096 Prius-.

257 1141 423 1198 quam
461 1122 691 1178 redirent
726 1144 877 1179 mora
910 1127 1173 1178 cruciatus
1207 1123 1250 1176 is
1268 1125 1361 1199 qui
1379 1124 1577 1199 Vitigis
1591 1120 1869 1178 dicebatur

257 1204 474 1258 interiit.
520 1206 724 1259 Samnii
751 1205 1000 1261 homines
1019 1204 1112 1259 ubi
1132 1224 1245 1258 rem
1281 1223 1623 1281 cognovere,
1656 1202 1870 1259 nullum

260 1303 486 1361 exegere
507 1285 569 1340 de
589 1287 766 1360 pueris
788 1283 1101 1362 supplicium
1122 1326 1138 1351 ,
1155 1303 1215 1344 ac
1235 1285 1380 1341 velut
1399 1302 1546 1340 certo
1583 1286 1769 1339 omine
1787 1289 1872 1340 vi-

259 1364 468 1421 &orem
490 1363 637 1421 beilo
659 1363 775 1422 fore
790 1366 1099 1423 Belisarium
1119 1368 1302 1423 animo
1340 1386 1651 1444 praecepere.
1698 1367 1772 1420 Ea
1789 1385 1872 1423 res

259 1444 328 1502 fic
349 1445 499 1503 abiit.
543 1450 621 1503 At
640 1449 880 1505 Romani
901 1455 952 1506 &
973 1447 1240 1505 bellorum
1260 1453 1313 1504 &
1334 1445 1629 1505 obsidionis
1644 1446 1834 1505 insueti
1853 1488 1872 1516 ‚

257 1528 499 1585 illuviem
518 1548 766 1606 praeterea
785 1552 1073 1609 rerumque
1100 1531 1321 1587 aliarum
1342 1532 1614 1609 penuriam
1635 1528 1831 1607 pertaefi
1852 1570 1872 1598 ,

263 1613 318 1664 ἃ
341 1610 491 1687 quod
524 1609 798 1668 insomnes
832 1610 1034 1670 servare
1070 1615 1272 1668 moenia
1307 1611 1673 1693 cogebantur3
1708 1609 1874 1689 suspi-

263 1708 444 1746 cantes
463 1713 685 1769 quoque
708 1714 821 1750 non
841 1693 934 1751 diu
953 1691 1198 1750 futurum
1233 1696 1366 1772 quin
1400 1694 1526 1749 urbs
1562 1711 1873 1771 caperetur,

261 1773 477 1830 interim
494 1770 788 1852 spefftantes
809 1796 966 1853 agros
998 1794 1159 1854 atque
1182 1775 1276 1831 alia
1296 1774 1690 1854 populabundo
1719 1773 1873 1832 hoste

265 1853 420 1932 diripi
442 1896 458 1922 ‚
477 1875 599 1912 cum
621 1856 809 1913 dolore
829 1857 1249 1936 indignabantur
1267 1898 1283 1922 ,
1313 1857 1463 1935 quod
1484 1857 1632 1913 nullo
1653 1855 1748 1912 suo
1771 1860 1874 1914 cri-

265 1937 415 1991 mine
442 1939 497 1992 in
515 1935 709 1994 obsidii
730 1941 863 1995 mala
883 1960 939 1995 ac
959 1957 1044 1995 tot
1070 1941 1301 2017 pericula
1330 1939 1700 1995 induerentur.
1741 1937 1873 2017 saepe

266 2022 322 2073 δε
353 2018 678 2097 conglobati
711 2020 908 2097 probra
941 2023 995 2076 in
1034 2020 1340 2077 Belisarium
1361 2040 1538 2098 aperta
1566 2019 1835 2095 jaciebant
1853 2063 1873 2089 ,

265 2097 418 2177 quod
442 2121 555 2157 non
593 2106 819 2180 acceptis
851 2102 915 2158 ab
936 2108 1265 2180 Imperatore
1296 2105 1499 2179 copiis3
1531 2106 1742 2180 quantis
1761 2121 1876 2177 erat

268 2200 438 2256 Opim,
460 2181 658 2240 bellum
681 2187 736 2239 in
770 2183 1020 2240 Gottbos
1054 2187 1289 2241 auderet.
1332 2185 1533 2241 Eadem
1558 2188 1837 2260 Senatores
1853 2224 1872 2251 ‚

262 2259 353 2320 sed
374 2266 426 2318 in
454 2284 643 2320 arcano
662 2309 676 2329 ,
700 2265 1131 2322 criminabantur.
1165 2289 1281 2345 quae
1301 2266 1587 2345 postquam
1607 2267 1876 2323 iiitellecffta

265 2346 438 2423 Vitigi
459 2385 474 2406 ‚
497 2348 779 2403 incendere
799 2347 831 2403 fi
855 2346 1020 2424 poffet
1041 2350 1183 2416 odia,
1213 2348 1485 2405 turbandae
1505 2352 1578 2404 rei
1611 2350 1888 2407 Romanae.

266 2422 482 2482 studens
501 2468 518 2494 ,
535 2429 742 2508 legatos
763 2429 825 2485 ad
844 2429 1149 2487 Belisarium
1170 2433 1359 2496 mittit,
1375 2451 1608 2508 quorum
1630 2434 1877 2508 princeps

268 2525 379 2562 erat
397 2507 578 2565 Albes.
624 2511 701 2566 Hi
721 2510 1003 2589 postquam
1023 2517 1076 2569 in
1100 2512 1443 2589 conspectum
1464 2508 1693 2568 Belisarii
1713 2532 1877 2569 vene-

265 2588 704 2659 re(circumfusus
724 2596 765 2646 is
785 2612 893 2648 erat
911 2595 1258 2651 Senatoribus
1277 2591 1562 2671 primisque
1584 2596 1875 2665 exercitus)

264 2668 410 2727 hunc
444 2674 499 2727 in
532 2672 759 2729 modum
797 2677 1063 2752 prolocuti
1097 2677 1244 2733 sunt.
1284 2681 1393 2731 Iam
1426 2678 1554 2732 olim
1574 2719 1588 2740 ‚
1628 2673 1838 2732 Belisari
1855 2716 1877 2743 ‚

186 2778 189 2780 >
267 2754 562 2830 prudenter-
595 2756 873 2815 distribma
908 2757 1027 2814 sunt
1051 2781 1139 2837 per
1162 2756 1412 2815 homines
1445 2755 1605 2814 rebus
1627 2759 1875 2814 nomina.

266 2835 532 2915 Exemplo
553 2837 612 2894 fit
636 2840 785 2917 quod
805 2841 942 2898 aliud
961 2845 1229 2898 temeritas
1250 2881 1267 2907 ,
1293 2838 1433 2897 aliud
1451 2836 1718 2896 fortitudo
1738 2839 1874 2897 dici-

265 2933 371 2999 turf
417 2921 502 2979 illa
520 2941 642 2979 cum
661 2921 920 2984 dedecore
938 2926 1266 3002 periculum:
1293 2921 1400 2984 haec
1417 2924 1679 2983 comitem
1701 2925 1888 2987 virtu-2

1798 2990 1888 3202 tis*
