1931 3428
291 161 415 241 786
647 152 757 239 De
800 147 1092 208 GESTIS
1132 115 1672 216 LANGO'BARD}

810 302 864 359 C
944 322 981 357 A
1061 318 1116 356 Ρ.
1237 292 1426 357 XVI.

344 433 420 496 De
435 418 613 513 quinta
631 433 780 490 Italiae
788 429 1041 507 provincia
1058 468 1075 495 ‚
1095 446 1192 501 quae
1208 430 1343 502 Alpes
1367 429 1541 484 Cottiae
1559 398 1902 505 appellantuh²

677 517 739 580 ἔτ
758 516 814 572 de
820 513 989 589 sexta,
1009 531 1107 588 quae
1129 511 1327 584 Thuscia
1346 511 1544 568 dicitur.
1628 582 1631 583 ⁷
1880 514 1906 547 ’ἱ

445 659 617 719 Vinta
636 675 763 711 vero
787 653 1067 732 provincia
1088 650 1253 726 Alpes
1276 650 1480 709 Cottiae
1499 648 1753 708 dicuntur
1773 691 1788 713 ,
1808 637 1918 731 quai

332 777 336 779 -
453 737 564 797 fica
586 740 785 796 Cottio
807 738 958 815 Rege
981 775 996 800 ‚
1031 735 1128 812 qui
1144 733 1384 789 Neronis
1412 750 1660 811 tempore
1678 731 1814 799 fuit,
1835 755 1910 814 ap:-

301 824 505 903 pellatae
525 820 665 879 sunt.
703 820 813 876 haec
832 817 859 875 ὂ.
877 819 1118 897 Liguria,
1145 818 1201 872 in
1220 816 1430 872 Eurum
1453 813 1651 881 versus»,
1677 817 1842 896 usque
1863 839 1911 876 ac

298 904 797 984 mareTyrrhenum
817 898 1217 967 extenditur,ab
1233 899 1467 956 occiduo
1489 919 1619 955 vero
1636 899 1911 957 Gallorurr

299 988 506 1047 finibus
525 987 827 1064 copulatur.
875 988 936 1039 In
955 982 1051 1038 hac
1074 982 1252 1060 Aquis
1270 1021 1285 1042 ,
1302 980 1394 1037 ubi
1416 1003 1565 1061 aquae
1586 983 1766 1042 calidae
1786 981 1911 1050 [ηοξ

295 1073 550 1130 Dertona
571 1110 587 1135 ‚
609 1076 664 1126 &
685 1063 1077 1124 monasterium
1096 1063 1338 1120 Bobium
1363 1105 1380 1132 ,
1400 1066 1602 1122 Genua
1626 1086 1850 1144 quoque
1871 1072 1912 1124 ἅ

302 1159 484 1213 Saona
519 1154 761 1208 civitates
782 1146 1073 1204 habentur.
1122 1148 1279 1203 Sexta
1299 1150 1577 1226 provincia
1611 1146 1808 1205 Tuscia
1824 1147 1905 1205 ‘est'v

299 1259 418 1314 quae
436 1234 463 1292 ὲ
478 1233 635 1292 thure
653 1274 669 1300 ‚
705 1230 856 1308 quod
877 1228 1112 1308 populus
1148 1229 1290 1284 illius
1324 1227 1681 1306 superstitiose
1702 1233 1756 1287 in
1778 1230 1911 1288 sacri

296 1319 436 1378 ficiis
454 1317 687 1373 deorum
720 1313 944 1372 suorum
977 1310 1261 1368 incendere
1300 1307 1506 1368 solebat
1529 1353 1545 1379 ‚
1582 1309 1650 1369 fic
1674 1316 1912 1391 appellat}

297 1402 394 1460 est.
438 1402 573 1456 Haec
594 1396 755 1455 habet
776 1400 916 1454 intra
934 1393 983 1451 se
1019 1393 1266 1450 Circium
1288 1392 1469 1451 versus
1506 1398 1779 1452 Aureliam
1802 1436 1819 1463 ,
1860 1395 1912 1453 al

299 1485 547 1543 Orientis
568 1502 696 1540 vero
720 1498 866 1559 parte
884 1477 1194 1535 Vmbriam.
1229 1482 1288 1533 In
1306 1475 1401 1533 hac
1422 1481 1704 1556 provincia
1724 1479 1912 1543 Roma¹

296 1590 419 1647 quae
444 1568 576 1624 olim
598 1566 771 1621 totius
788 1562 978 1620 mundi
998 1578 1158 1638 caput
1177 1562 1389 1627 extitit,
1412 1560 1485 1617 est
1506 1560 1812 1618 constituta.
1862 1567 1912 1618 Ir.

281 1649 525 1711 ‘Vmbria
545 1668 676 1705 vero
697 1668 815 1726 quae
834 1643 981 1702 istius
1013 1646 1067 1700 in
1087 1662 1236 1721 parte
1266 1645 1490 1721 ponitur
1510 1685 1526 1710 ‚
1553 1641 1841 1701 ‘Perufium
1870 1651 1913 1702 8<-

291 1735 440 1791 lacus
461 1731 727 1789 Clitorius
745 1771 761 1798 ,
787 1729 1182 1807 Spoletumque
1203 1767 1219 1792 ,
1239 1724 1555 1783 confistunt.
1599 1725 1809 1784 Vmbra
1828 1748 1913 1785 air-

294 1835 410 1873 tem
429 1815 574 1874 dieta
591 1811 685 1881 est,
709 1810 861 1892 quod
881 1809 1149 1871 imbribus
1168 1807 1512 1887 superfuerit,
1533 1823 1708 1889 quum
1727 1806 1913 1890 aquosa

299 1898 476 1958 clades
493 1898 628 1955 olim
652 1897 893 1977 populos
912 1891 1228 1954 devastaret,

782 2046 834 2102 C
918 2067 955 2102 A
1032 2062 1094 2100 Ρ.
1220 2047 1449 2101 XVII.
1536 2071 1543 2077 β

380 2188 454 2235 De
476 2175 752 2254 Campania
773 2172 1140 2247 ltaliaefieptima
1155 2173 1427 2246 provincia.
1472 2171 1534 2235 (9⁴
1559 2170 1614 2225 de
1632 2173 1846 2239 Lucania
1887 2175 1907 2179 “’

757 2255 863 2331 five
884 2258 1064 2320 Britia,
1085 2252 1182 2330 quae
1199 2252 1263 2328 est
1283 2258 1472 2312 obi‘ava.
1618 2258 1621 2261 ’
1690 2256 1693 2257 ’

372 2399 594 2475 Eptima
609 2416 832 2475 quoque
854 2395 1132 2470 provincia
1156 2392 1478 2470 Campania,
1499 2389 1564 2446 ab
1587 2391 1720 2449 urbe
1738 2391 1914 2448 Roma

377 2482 542 2559 usque
564 2480 627 2535 ad
649 2480 780 2534 Siler
803 2479 1054 2534 Lucaniae
1073 2474 1305 2532 fluvium
1326 2475 1637 2552 perducitur
1655 2479 1710 2532 in
1731 2496 1837 2553 qua
1858 2495 1914 2530 o-

294 2562 666 2641 pulentiffimae
687 2560 866 2619 urbes,
888 2561 1097 2636 Capua,
1122 2557 1404 2634 NeapoliS‚
1426 2564 1477 2613 &
1502 2559 1766 2623 SalernuS,
1785 2560 1914 2613 con'-

293 2644 493 2702 ssitutae
513 2643 652 2701 sunt.
702 2641 983 2708 Quaeideo
1024 2642 1330 2719 Campania
1368 2640 1633 2717 appellata
1656 2637 1729 2696 est
1751 2680 1769 2707 ,
1799 2659 1913 2718 pro-

294 2747 415 2807 pter
434 2727 765 2784 uberrimam
785 2725 987 2802 Capuae
1010 2725 1287 2800 planitiem
1311 2745 1326 2786 3
1345 2742 1584 2778 ceterum
1602 2744 1665 2778 ex
1689 2725 1914 2802 maxima

291 2828 442 2887 parte
466 2806 758 2866 montuosa
777 2803 867 2861 est.
916 2810 1089 2861 Porro
1125 2808 1319 2862 offava
1354 2807 1629 2871 Lucania,
1663 2824 1780 2883 quae
1815 2824 1913 2860 no-

293 2913 422 2956 men
441 2892 469 2949 a
504 2890 743 2970 quodam
782 2890 907 2944 luco
945 2890 1147 2965 accepit
1168 2929 1181 2949 ‚
1222 2887 1248 2944 a
1290 2888 1452 2954 Silere
1489 2884 1665 2945 fluvio
1703 2885 1913 2943 inchoat

291 2995 419 3034 cum
450 2975 670 3042 Brutia,
713 2991 831 3053 quae
868 2975 941 3029 ita
974 2967 1003 3027 a
1040 2973 1235 3051 reginae
1271 2968 1553 3050 quondam
1572 2970 1672 3031 suae
1694 2971 1913 3027 nomine

1682 3106 1684 3109 ,
1747 3048 1912 3129 appelf
