1931 3428
316 130 1324 217 LxssERSncvrxDvs.'
1518 134 1633 215 783

197 358 201 359 ff
499 283 583 341 *C
663 302 700 338 A
766 256 831 339 ΠΡ.
957 279 1151 336 XIII.

125 423 203 472 De
218 412 305 470 hoc
319 398 482 470 eadem
501 412 684 475 Felice‚‘
701 408 764 472 ά
782 376 1053 467 Fortunati)
1062 403 1407 482 fizpientiffimo
1423 412 1539 472 viro.

44 555 246 683 SAne
278 552 404 631 quia
435 547 805 626 hujus'Felicis
840 542 1072 603 fecimus
1103 548 1482 611 mentionem,
1525 550 1658 612 libet

121 655 345 714 quoque
377 654 542 713 pauca
594 651 696 690 nos
745 628 813 687 de
849 628 1141 704 venerabili
1175 635 1230 687 &
1262 629 1650 709 sapientiffimo

29 717 160 778 ‘viro
178 719 484 775 Fortunato
504 733 737 773 retexere
756 753 774 780 ‚
795 713 892 792 qui
911 710 1056 769 hunc
1068 712 1304 770 Felicem
1320 755 1336 783 ,
1358 711 1514 772 suum
1534 715 1659 775 affe-

41 819 190 859 verat
207 799 414 858 socium
437 796 603 856 fuifl'e.
621 797 880 875 Denique
899 793 984 852 hic
999 795 1063 853 de
1082 816 1196 874 quo
1215 796 1500 876 loquimur
1519 800 1659 856 For-

37 900 264 942 tunatus
285 924 303 951 ‚
339 877 495 939 natus
513 879 732 959 quidem
751 881 808 935 in
839 878 967 935 loco
999 881 1093 958 qui
1114 880 1420 957 Duplavilis
1439 881 1658 953 dicitur-2

37 963 174 1026 fuit:
196 967 450 1045 quilocus
466 961 793 1041 haudlonge
813 960 840 1018 a
862 959 1139 1019 Cenitenfi
1172 959 1390 1029 CastrO,
1409 957 1494 1022 vel
1511 965 1659 1022 Tar-
1694 988 1696 993 ⁸

39 1047 232 1106 visiana
248 1045 404 1105 distat
425 1049 639 1103 civitate
659 1067 676 1111 ς
709 1044 796 1102 sed
813 1061 996 1102 tamen
1030 1046 1303 1104 Ravennae
1325 1050 1564 1106 nutritus
1599 1055 1656 1106 δε

37 1130 253 1198 ἀοᾶυε,
272 1131 327 1186 in
351 1147 460 1186 arte
482 1129 854 1185 Grammatica
872 1168 889 1195 ,
910 1125 1014 1185 five
1033 1128 1358 1194 Rhetorica,
1378 1128 1466 1187 seu
1488 1132 1656 1190 etiarn

34 1213 266 1270 Mettica
286 1253 302 1279 ‚
333 1208 644 1269 clariffimus
665 1213 862 1285 extitit.
893 1212 1004 1267 Hic
1027 1233 1151 1269 cum
1181 1213 1474 1270 oculorum
1494 1212 1658 1271 dolo-

24 1317 151 1353 ·rem
169 1291 694 1353 vehementissimum
713 1310 982 1373 pateretur
998 1334 1015 1360 ,
1043 1300 1097 1351 Sc
1130 1293 1487 1352 nihilominus
1505 1297 1656 1354 Felix

37 1377 133 1436 iste
153 1381 165 1434 i
174 1376 313 1456 plius
329 1376 504 1434 socius
522 1381 634 1455 pari
654 1376 823 1434 modo
845 1378 1037 1433 oculos
1055 1375 1267 1434 doleret
1285 1376 1303 1445 ,’
1339 1395 1569 1458 uterque
1586 1378 1654 1437 ad

36 1458 312 1517 Basilicam
347 1459 635 1518 beatorum
669 1459 817 1517 Pauli
849 1476 1014 1538 atque
1045 1457 1335 1527 Iohanni5‚
1367 1482 1486 1540 quae
1512 1463 1655 1519 intra

36 1542 264 1600 eandem
285 1541 474 1600 urbem
495 1540 589 1599 fita
618 1540 692 1599 est
714 1582 730 1608 ‚
761 1558 1108 1621 perrexerunt
1128 1585 1142 1607 ,
1177 1541 1235 1615 in
1267 1564 1376 1623 qua
1392 1546 1557 1601 etiarn
1575 1545 1654 1602 al-

35 1629 235 1684 tarium
255 1628 309 1682 in
330 1624 601 1683 honorem
631 1627 781 1681 Beati
805 1625 1031 1681 Martini
1064 1622 1381 1682 confefforis
1401 1623 1655 1685 constru-

35 1710 186 1767 ‹Stnm
208 1711 567 1788 propinquam
587 1705 748 1764 habet
766 1704 1051 1764 fenestram
1074 1748 1091 1775 ‚
1126 1710 1183 1764 in
1220 1730 1327 1787 qua
1347 1709 1567 1766 lucerna
1585 1709 1653 1768 ad

31 1790 400 1848 exhibendum
419 1794 608 1848 lumen
628 1786 703 1847 est
722 1789 1014 1848 constituta
1029 1831 1045 1856 ‚
1069 1789 1135 1848 de
1159 1796 1312 1867 cujus
1330 1794 1459 1849 oleo
1474 1833 1493 1860 ,
1516 1813 1652 1850 mox

27 1872 126 1932 fibi
146 1872 226 1931 isti
248 1914 265 1939 ,
299 1875 629 1930 Fortunatus
661 1872 854 1931 scilicet
880 1874 1097 1930 &Felix
1118 1914 1135 1941 ,
1169 1872 1410 1932 dolentia
1441 1875 1651 1932 lumina

26 1959 326 2034 tetigerunt
345 1982 361 2012 .·
391 1957 543 2013 Illico
564 1956 754 2014 dolore
772 1952 965 2036 fugato
987 1996 1002 2018 ,
1032 1956 1315 2013 sanitatem
1336 2001 1368 2027 ,‚
1389 1979 1556 2037 quam
1579 1979 1649 2014 0-

31 2038 257 2116 ptabant
277 2080 293 2107 ‚
315 2038 493 2118 adepti
513 2037 654 2096 sunt.
693 2043 820 2118 Q
842 2040 906 2097 de
925 2037 1074 2096 causa
1092 2041 1428 2097 Fortunatus
1447 2042 1502 2097 in
1523 2059 1652 2098 tan-

28 2139 147 2177 tum
174 2120 394 2177 beatum
418 2123 723 2179 Martinum
745 2139 1024 2181 veneratus
1039 2120 1113 2179 est
1129 2164 1146 2190 ‚
1180 2140 1242 2179 ut
1259 2123 1440 2181 relieta
1460 2127 1649 2203 patria,

29 2204 194 2281 paulo
217 2221 337 2259 ante
353 2224 515 2279 quam
533 2204 881 2283 Langobardi
905 2208 1110 2263 Italiam
1131 2205 1448 2264 invaderent
1467 2247 1487 2275 ‚
1519 2209 1649 2264 Tu-

31 2289 185 2341 ronis
220 2284 307 2342 ad*
330 2284 565 2361 ejusdem
598 2287 743 2344 beati
791 2289 892 2347 viri
929 2286 1269 2368 sepulchrum
1310 2305 1647 2369 properaret.

106 2370 159 2423 ui
190 2365 320 2432 fibi,
352 2370 484 2425 utin
518 2368 747 2446 suisipse
779 2370 1106 2429 carminibus
1138 2369 1330 2438 refert,
1358 2373 1482 2430 illuc
1513 2392 1648 2448 pro-

31 2453 245 2530 peranti
262 2470 357 2528 per
374 2448 638 2509 fluentilia
655 2452 908 2510 Menti&
929 2456 1191 2512 Rounam
1214 2496 1231 2523 ‚
1264 2475 1466 2535 perque
1497 2452 1649 2512 Osu—

32 2554 167 2611 pum
200 2536 255 2589 &
286 2533 488 2612 Alpem
522 2538 711 2593 Iuliam
741 2579 756 2601 ,
813 2558 1016 2617 perque
1050 2541 1345 2615 Aguntum
1377 2535 1644 2603 castrum,

27 2616 387 2693 Dravumque
421 2621 475 2672 &
511 2620 735 2697 Byrrum
755 2615 954 2677 fluvios
973 2661 989 2688 ‚
1023 2619 1088 2679 ad
1105 2623 1333 2680 Briones
1357 2626 1423 2679 δε
1447 2623 1649 2700 Augu-

29 2696 165 2755 stam
200 2700 472 2755 civitatem
493 2740 511 2766 ‚
544 2722 709 2780 quam
738 2701 914 2761 Virdo
948 2708 1001 2761 δε
1028 2703 1177 2761 Lech
1209 2702 1478 2762 fluentant
1499 2744 1521 2772 ‚>
1544 2707 1649 2760 iter

32 2775 184 2860 fuiss'e
201 2779 462 2837 describit.
509 2785 629 2860 Qii
652 2805 723 2861 po
733 2782 941 2865 stquam
959 2788 1259 2845 Turonum
1277 2792 1428 2863 juxta
1447 2803 1650 2847 votum

29 2865 314 2941 proprium
351 2863 565 2924 advenit
587 2909 603 2935 ‚
635 2868 871 2929 Picta-vis
913 2869 1264 2949 pertransiens
1295 2872 1399 2929 illic
1434 2869 1649 2946 habitas-

31 2946 111 3009 vit
140 2985 159 3017 ,
204 2949 258 3003 δε
294 2949 604 3013 multorum
643 2949 848 3015 ibidem
882 2950 1190 3016 sardorum
1226 2952 1372 3033 gesta
1388 2993 1406 3024 ,
1446 2951 1646 3089 partiirn

1473 3053 1572 3112 pro
1600 3052 1647 3101 a,
