1888 3428
286 160 419 218 DE
505 154 1300 226 REB.GET-1c1.s.
1450 154 1628 240 ''687

23 244 169 304 Nam
190 239 309 322 post
327 244 521 300 multas
543 237 779 297 hostium
799 236 965 296 caedes
997 233 1065 292 sic
1088 240 1302 297 viriliter
1332 260 1459 298 eum
1492 261 1631 299 con-

28 322 126 384 stat
163 328 505 404 peremptum
544 363 561 390 ,
613 340 674 378 ut
705 338 815 378 tam
849 317 1152 399 gloriosum
1190 318 1445 398 superstes
1478 341 1628 402 pater

29 404 258 487 optaffet
275 409 568 463 interitum.
608 403 828 481 Reliqui
849 407 978 460 vero
997 405 1239 480 germani
1257 408 1369 477 ejus
1388 425 1455 461 eo
1483 409 1632 464 occi-

32 489 89 547 so
108 486 369 569 fugantur
377 493 531 563 juxta
546 490 694 545 littus
709 485 918 547 Pontici
933 485 1115 547 mariS‚
1131 482 1226 541 ubi
1240 486 1388 561 prius
1407 487 1632 555 Gothos

32 571 206 631 sedisse
227 569 612 648 descripsimus.
645 563 858 624 Ceffere
876 567 1058 644 itaque
1072 567 1271 622 Hunni
1290 607 1308 633 ‚
1328 565 1528 646 quibus
1546 590 1636 626 ce-

30 655 153 714 dere
186 652 476 732 putabatur
496 646 824 710 univerfitaS.
862 647 1026 706 Adeo
1051 645 1322 707 diffidium
1342 642 1638 728 perniciosa

31 757 114 795 res
133 734 206 792 est
226 780 240 800 ,
277 754 337 792 ut
355 733 501 793 divifi
524 735 823 791 corruerint
844 771 859 791 ‚
898 731 991 811 qui
1014 730 1233 788 adunati
1254 731 1459 789 viribus
1477 736 1636 791 terri-

28 818 236 876 tabant.
284 820 417 876 Haec
435 815 582 875 causa
596 813 837 871 Ardarici
860 817 999 892 regis
1036 812 1373 895 Gepidarum
1394 812 1521 871 felix
1539 815 1635 873 ad-

28 898 134 959 fuit
161 899 375 959 diversis
407 894 753 965 nationibus,
789 898 884 975 qui
922 898 1262 960 Hunnorum
1284 899 1532 978 regimini
1551 900 1640 955 in-

30 986 127 1041 viti
146 981 544 1039 famulabantur
564 1021 585 1047 2
601 1000 902 1059 eorumque
921 979 1014 1037 diu
1035 978 1403 1038 moestiffimos
1421 982 1636 1038 animos

29 1066 94 1124 ad
112 1064 444 1121 »hilaritatem
473 1063 734 1119 libertatis
752 1065 988 1119 votivam
1009 1066 1212 1129 erexit3
1253 1064 1636 1143 venientesque

30 1149 184 1206 multi
219 1166 312 1224 per
343 1149 551 1225 legatos
586 1143 707 1201 suos
742 1144 806 1202 ad
832 1142 1005 1202 solum
1042 1147 1428 1204 Romanorum
1460 1186 1476 1212 ‚
1519 1152 1573 1203 ὃ(
1605 1144 1633 1202 ὲ

28 1230 264 1307 principe
283 1246 412 1284 tunc
431 1229 711 1284 Marciano
739 1226 1029 1307 gratissime
1049 1225 1304 1305 suscepti,
1326 1227 1635 1285 distributas

24 1308 171 1367 sedes
190 1351 205 1377 ‚
227 1331 359 1387 quas
382 1310 681 1366 incolerent
697 1348 715 1376 ‚
744 1321 1014 1386 accepere.
1055 1312 1199 1368 Nam
1218 1311 1444 1387 Gepidae
1464 1312 1634 1367 Hun-

29 1412 229 1450 norum
250 1390 344 1448 fibi
363 1390 509 1449 sedes
524 1391 725 1449 viribus
756 1391 1099 1450 vendicantes
1129 1433 1148 1460 ‚
1179 1395 1352 1449 totius
1369 1394 1550 1449 Daciae
1569 1390 1632 1450 fi·

30 1495 125 1531 nes
158 1475 302 1531 velut
334 1475 565 1532 victores
582 1476 775 1552 potiti,
818 1470 946 1529 nihil
966 1473 1107 1531 aliud
1124 1473 1153 1531 a
1169 1475 1429 1531 Romano
1448 1477 1631 1552 impe-

29 1559 111 1613 rio
127 1597 144 1623 ,
165 1554 257 1612 nisi
276 1577 460 1634 pacem
481 1561 536 1613 δε
553 1577 727 1613 annua
741 1554 977 1612 solennia
996 1550 1014 1621 3
1034 1573 1093 1612 ut
1110 1555 1310 1613 strenui
1328 1559 1445 1624 viri,
1463 1561 1632 1614 amica

27 1641 278 1717 pactione
305 1638 657 1717 postulavere.
711 1637 882 1717 Qod
903 1637 1145 1694 &libens
1163 1655 1294 1695 tunc
1312 1642 1500 1695 annuit
1518 1644 1634 1696 Im·-

23 1737 271 1799 perator,
318 1728 370 1779 &
407 1719 571 1798 usque
603 1740 746 1776 nunc
765 1717 1087 1776 consuetum
1108 1719 1318 1776 donum
1340 1719 1438 1777 est.>
1482 1721 1630 1778 Nam

22 1824 157 1882 gens
176 1799 279 1881 ipsa
298 1801 326 1859 ἔι
359 1804 619 1860 Romano
640 1797 848 1881 suscipit
866 1804 1119 1880 principe.
1167 1800 1345 1860 Gothi
1365 1823 1494 1860 vero
1513 1823 1631 1860 cer-

24 1903 215 1942 nentes
231 1884 470 1964 Gepidas
488 1886 832 1942 Hunnorum
853 1883 998 1941 sedes
1013 1882 1107 1941 fibi
1126 1881 1413 1943 defendere
1425 1925 1441 1953 ,
1458 1887 1642 1962 Han--

21 1964 330 2046 notumque
363 1969 624 2046 populum
647 1965 761 2024 suas
781 1963 1186 2046 antiquassedes
1207 1987 1470 2047 occupare
1486 1990 1502 2032 ‚-
1520 1989 1633 2023 maae

20 2049 239 2107 luerunt
256 2046 284 2106 a
302 2051 560 2106 Romano
581 2070 751 2129 regno
776 2068 936 2106 terras
956 2067 1136 2129 petere
1156 2091 1173 2118 ‚
1194 2071 1359 2130 quam
1379 2070 1504 2107 cum
1522 2047 1631 2107 dis-

22 2128 362 2189 criminesuo
396 2132 646 2190 invadere
677 2134 869 2189 alienas
889 2172 904 2199 ‚
934 2134 1631 2210 accipientesPannoniam,

25 2235 142 2292 quae
163 2216 219 2270 in
251 2214 418 2292 longa
450 2215 696 2292 porrecta
716 2214 937 2292 planicie
963 2212 1125 2271 habet
1159 2215 1224 2272 ab
1244 2217 1455 2272 oriente
1477 2215 1630 2271 Moe-

22 2294 148 2352 fiam
168 2293 496 2375 superiorem
520 2337 535 2363 ,
555 2294 581 2353 a
602 2295 822 2353 meridie
835 2297 1164 2355 Dalmatiam
1185 2338 1201 2365 ‚
1221 2297 1288 2373 ab
1303 2295 1494 2355 occasu
1510 2299 1631 2356 No*

19 2381 190 2436 ticum
210 2419 228 2446 ,
260 2375 670 2456 aseptentrione
691 2378 1033 2438 Danubium.
1080 2379 1290 2438 Ornata
1309 2381 1474 2461 patria
1493 2380 1628 2437 civi-

19 2459 224 2519 tatibus
240 2463 481 2540 plurimis
499 2501 516 2527 ,
536 2482 764 2541 quarum
784 2464 954 2540 prima
968 2465 1154 2520 Sirmis
1176 2502 1193 2528 ,
1229 2481 1468 2522 extrema
1483 2455 1628 2520 Vin-

21 2542 266 2602 domina.
301 2546 629 2603 Sauromatae
650 2564 799 2610 ver0,
817 2565 956 2621 quos
975 2549 1242 2604 Sarmatas
1259 2546 1495 2604 diximus
1511 2583 1530 2612 ‚
1567 2547 1625 2600 &

11 2625 352 2696 Cemandri',
384 2633 439 2685 &
465 2628 684 2706 quidam
719 2648 782 2685 ex
810 2629 1033 2687 Hunnis
1053 2670 1070 2697 ,
1096 2633 1153 2685 in
1182 2646 1327 2709 parte
1345 2628 1530 2707 Illyrici
1561 2624 1629 2685 acl

19 2706 248 2788 castrum
266 2710 574 2768 Martenam
593 2709 737 2771 sedes
754 2710 850 2769 sibi
864 2712 1009 2769 datas
1027 2714 1258 2770 coluere.
1290 2714 1376 2773 Ex
1392 2730 1508 2791 quo
1526 2728 1628 2789 ge-

20 2808 148 2848 nere
179 2788 284 2848 fuit
316 2795 527 2851 Blivilas
546 2794 651 2852 dux
671 2796 1137 2873 PentapolitanuS,
1174 2793 1391 2876 ejusque
1409 2811 1626 2873 germa-

22 2891 126 2929 nus
145 2873 377 2943 FroilaS‚
401 2872 471 2932 a&
501 2875 668 2935 nostri
705 2880 966 2956 temporis
996 2873 1144 2934 Beffa
1178 2881 1444 2956 patriciuS.
1493 2871 1623 2928 Sciri

17 2974 150 3042 gero
166 2997 187 3031 ,
220 2960 275 3014 &
295 2959 581 3039 satagarii,
618 2964 673 3019 &
703 2963 876 3022 caeteri
902 2962 1206 3020 Alanorum
1228 2981 1351 3021 cum
1370 2961 1504 3020 duce
1521 2949 1620 3043 sup

1431 3052 1618 3093 nomi-
