1888 3428
273 191 355 248 94
527 175 529 178 ’
599 169 988 227 Pnocopu
1050 164 1601 223 CAESAREENs1s
1696 230 1699 232 ,

269 257 378 310 lius
395 268 540 308 extra
564 247 877 307 testimonio
895 246 1117 326 indiget.
1162 247 1298 302 Satis
1315 242 1423 324 ipse
1440 243 1491 302 se
1510 244 1709 324 prodit.
1727 246 1866 306 vide-

273 338 342 392 tis
359 331 767 401 totbhominum
798 332 961 388 millia
983 328 1211 387 collefia
1245 328 1484 407 undique
1499 331 1682 387 'vitare
1704 324 1866 406 plani-

271 420 406 474 tiem
426 453 444 482 ,
477 436 545 472 ne
559 436 750 472 manus
780 411 1051 471 conserere
1072 407 1356 477 nobiscum
1392 427 1674 490 cogantur.
1715 408 1868 468 Nulla

269 499 373 557 illis
393 501 449 556 in
468 496 668 564 semet,
691 499 880 554 totain
898 496 1024 552 loco
1056 491 1279 551 fiducia:
1313 493 1439 551 ideo
1458 489 1768 573 perfugium
1793 493 1868 548 in'-

272 585 361 640 via
394 579 697 660 quaefivere..
742 581 816 636 ita
849 596 909 635 ut
946 597 1043 636 vos
1075 575 1344 634 adhortari
1369 573 1756 653 supervacuum
1774 604 1777 605 ⁷
1797 572 1868 631 fit.

259 662 420 726 Nam
435 684 577 742 quos
592 683 673 719 res
686 659 792 742 ipsa
805 667 860 719 &
874 658 1112 717 hostium
1124 656 1363 716 formido
1378 657 1767 727 adaudendum
1781 660 1868 713 im·

275 746 426 824 pellit
442 786 460 813 ,
496 745 562 804 ad
577 766 671 802 eos
687 785 705 812 ‚
746 747 803 801 ni
836 739 990 800 fallor
1006 783 1024 809 ‚
1061 741 1354 799 verborum
1384 737 1533 798 suasu
1551 740 1685 797 nihil
1719 759 1869 818 opus

275 825 555 886 Suffecerit
584 829 798 885 moneri
816 846 914 885 vos
935 867 953 893 ,
989 823 1024 881 fi
1042 821 1267 882 feliciter
1300 822 1407 881 hoc
1424 822 1678 901 proelium
1714 819 1870 878 trans.

275 912 546 991 egerimus
559 950 576 977 ‚
591 912 860 989 reliquum
880 904 979 965 effe
998 906 1127 964 nihil
1147 948 1162 974 ‚
1181 904 1275 964 nifi
1295 924 1354 964 ut
1369 905 1592 966 devictis
1607 887 1888 973 Vandalis}

275 991 483 1050 Mauris
510 990 700 1050 secutis
726 986 1404 1049 Vandalorum·fortunam
1422 1029 1440 1057 ,
1477 1008 1578 1048 vos
1594 1028 1611 1055 ,
1649 985 1757 1044 fine
1777 976 1888 1070 ullzl

272 1071 441 1131 hostis
456 1076 786 1155 cogitatione
804 1114 822 1142 ,
844 1075 900 1131 iu
924 1070 1196 1152 posterum
1223 1068 1417 1131 Africae
1434 1071 1596 1128 bonis
1613 1066 1888 1136 fruaminil

273 1156 363 1214 Ne
378 1178 507 1214 vero
534 1157 600 1215 de
614 1153 826 1212 sublimi
845 1172 1071 1234 urgeant
1085 1152 1264 1210 hostes
1281 1194 1300 1221 ,
1334 1151 1598 1232 vobisque
1614 1154 1719 1210 loci
1738 1143 1888 1228 pofi-‘l

272 1255 364 1296 tus
381 1257 609 1306 noceat,
625 1256 729 1318 ego
756 1235 1061 1315 providero.
1104 1237 1328 1293 Dixerat
1347 1237 1596 1300 Solom0‚
1618 1231 1888 1311 fimulquei

274 1319 639 1377 Theodorum
653 1317 809 1394 jubet
827 1316 1205 1374 excubitorum
1225 1318 1523 1396 principem
1541 1336 1665 1372 cum
1684 1313 1888 1394 pediti-33

192 1445 194 1448 ψ
274 1400 379 1458 bus
397 1403 541 1460 mille
562 1445 578 1467 ‚
613 1399 760 1481 figna
778 1398 955 1458 secum
974 1399 1184 1479 aliquot
1215 1398 1507 1457 habentem
1525 1439 1542 1466 ‚
1570 1398 1654 1455 die
1686 1403 1795 1472 jam
1816 1397 1888 1456 adi

275 1482 547 1562 vesperam
567 1486 855 1541 inclinante
885 1486 959 1539 ire
974 1500 1161 1539 ortum
1182 1481 1360 1540 versus
1379 1523 1394 1544 ‚
1425 1481 1612 1561 ibique
1631 1469 1888 1561 Burgao-i‘

275 1587 404 1635 nem
423 1607 440 1634 ‚
459 1588 567 1646 qua
580 1567 788 1624 erastus
807 1567 1040 1621 maxime
1058 1569 1113 1620 δε
1131 1567 1217 1621 vix
1238 1565 1367 1623 adiri
1385 1568 1592 1642 patiens
1611 1561 1709 1619 stat
1726 1606 1740 1627 ‚
1763 1558 1888 1635 fur-5

275 1651 377 1704 tim
395 1648 688 1706 ascendere.
709 1646 901 1704 deinde
920 1645 1013 1702 ubi
1032 1665 1202 1724 prope
1231 1648 1483 1703 verticem
1516 1642 1733 1703 venisset
1752 1685 1769 1711 ,
1801 1637 1888 1716 ibi}

275 1731 446 1787 nostu
481 1727 772 1809 quiescere,
809 1726 1064 1805 postridie
1097 1745 1278 1784 autem
1312 1730 1483 1807 prima
1512 1728 1630 1784 luce
1666 1748 1728 1783 ex
1763 1718 1888 1804 ipso}

276 1814 553 1869 cacumine
572 1832 697 1869 cum
717 1808 876 1888 signis
894 1807 1172 1867 ostendere
1185 1808 1233 1866 se
1252 1809 1402 1889 supra
1418 1808 1657 1866 hostium
1676 1812 1843 1885 capita
1856 1813 1888 1878 ,1

275 1913 436 1975 atque
464 1894 589 1951 inde
604 1895 661 1950 in
679 1913 771 1950 eos
800 1892 1025 1965 dejicere
1043 1893 1165 1948 tela.
1196 1892 1321 1949 fecit
1357 1895 1642 1971 imperata:
1677 1874 1888 1975 multa-i

276 1997 382 2055 que
393 1982 505 2051 jam
524 1976 688 2032 nocte
709 1976 944 2053 quicum
962 1994 1029 2030 eo
1051 1991 1200 2031 erant
1221 1995 1313 2052 per
1343 1975 1502 2031 ardua
1531 1965 1700 2052 prope
1730 1969 1888 2051 sum-3}

276 2079 431 2115 mum
467 2057 595 2114 enifi
631 2054 751 2113 sunt
771 2097 787 2124 ,
808 2076 921 2112 non
943 2056 1153 2113 Mauris
1186 2073 1397 2113 tantum
1433 2054 1519 2113 sed
1540 2063 1593 2113 &
1609 2053 1888 2116 Romanis]

273 2139 672 2219 ignorantibus.
716 2135 901 2194 Emiffi
920 2142 1065 2195 enim
1084 2158 1233 2195 erant
1251 2156 1508 2217 tanquam
1546 2117 1888 2236 exploraturi}

275 2243 344 2279 ne
361 2220 513 2300 quod
533 2223 799 2278 malorum
816 2222 1102 2298 inopinum
1121 2223 1177 2277 in
1196 2219 1354 2278 castra
1369 2227 1605 2278 irrueret.
1650 2217 1767 2297 Ipso
1790 2218 1888 2331 <ii-g

272 2304 460 2361 luculo
483 2306 712 2361 Solomo
740 2324 864 2360 cum
896 2320 1020 2360 toto
1041 2306 1279 2361 exercitu
1309 2322 1457 2381 parte
1488 2299 1661 2362 aversa
1694 2303 1749 2357 in
1769 2299 1873 2356 ho-

273 2384 375 2443 stes
406 2383 631 2449 scandit.
665 2406 821 2442 mane
857 2386 1179 2464 procedente
1198 2386 1379 2443 Mauri
1415 2404 1475 2443 ut
1504 2385 1873 2463 propinquum

273 2466 409 2526 adeo
432 2465 528 2524 fibi
566 2467 751 2527 videre
780 2465 1023 2536 hostem,
1066 2490 1165 2525 nec
1201 2486 1261 2524 ut
1285 2486 1403 2525 ante
1424 2467 1631 2524 nudum
1666 2468 1873 2521 montis

270 2552 465 2631 jugum
484 2591 502 2618 ,
540 2548 627 2610 sed
645 2551 768 2609 viris
785 2547 1048 2630 signisque
1062 2552 1329 2611 Romanis
1347 2548 1615 2629 refulgens
1646 2552 1669 2619 (
1682 2541 1874 2618 jame-

271 2636 388 2690 nim
406 2632 697 2705 illuxerat)
744 2635 885 2689 anxii
904 2631 1105 2691 haesere.
1152 2636 1231 2690 At
1249 2631 1342 2690 ubi
1374 2630 1586 2711 insuper
1603 2634 1696 2709 qui
1720 2630 1888 2695 erant}

269 2735 462 2772 manus
477 2736 697 2775 movere
717 2733 984 2794 caeperunt
998 2757 1015 2783 ‚
1041 2718 1520 2794 intellexeruntque
1537 2708 1779 2771 Romani
1792 2696 1888 2766 in-E

270 2795 337 2854 de
371 2795 469 2854 fibi
502 2800 762 2872 auxilium
781 2840 800 2868 ‚
853 2797 1035 2856 Mauri
1070 2817 1249 2856 autem
1281 2798 1490 2856 medios
1525 2799 1663 2853 inter
1690 2790 1870 2852 hostes

269 2875 473 2937 clausos
489 2879 539 2938 se
560 2883 726 2940 teneri
749 2922 767 2950 ,
811 2883 1029 2959 vulnera
1046 2885 1300 2962 utrinque
1321 2923 1338 2949 ,
1384 2902 1560 2959 neque
1578 2900 1638 2935 ea
1658 2874 1870 2935 arcendi

258 2957 581 3031 facultatem
598 3006 619 3040 ,
652 2985 767 3028 non
802 2966 934 3031 ultra
966 2962 1022 3029 hi
1055 2969 1188 3032 vires
1209 2964 1323 3034 suas
1344 2961 1595 3045 respicere
1614 3002 1633 3034 ‚
1665 2959 1763 3025 sed‘
1780 2953 1868 3013 fu-
1886 3038 1888 3042 Α

1738 3057 1888 3122 gam¹
