1888 3428
139 178 227 218 AD
256 157 631 215 Gom-Hos
664 155 1175 208 PERTINENTIS
1207 149 1447 205 L113.II.
1495 154 1623 224 ,569

19 263 139 302 rum
158 263 283 320 pace
319 238 553 297 fruituri.
594 235 738 291 Nam
759 251 882 289 cum
916 231 994 286 -ita
1028 226 1276 285 funditus
1312 229 1626 288 interiissent

20 328 116 404 qui
149 323 406 381 hostiliter
439 319 646 374 Italiam
683 309 976 373 invaserant
1009 351 1025 377 ‚
1095 313 1369 366 neminem
1408 309 1625 389 posthac

19 407 164 464 idem
198 401 446 461 ausurum
480 397 892 478 suspicabantur.
935 392 1006 448 Et
1037 389 1147 448 haec
1176 392 1396 468 quidem
1432 396 1624 473 vulgus

20 492 95 546 ita
114 485 442 545 existimabat
466 524 481 551 ,
522 502 635 537 non
655 479 869 537 solitum
890 474 1071 531 exacte
1090 471 1156 529 de
1188 471 1349 528 rebus
1360 474 1621 546 judicare,

20 569 108 627 sed
132 588 190 625 ut
207 570 308 624 otii
328 565 403 624 est
422 567 639 641 cupiens
656 603 672 630 ‚
709 563 781 617 ita
800 558 864 615 ad
883 576 1012 615 vota
1032 553 1120 611 sua
1138 557 1461 633 opinionem
1479 553 1627 612 futu-

16 655 62 708 ri
81 649 368 709 infleRere.
414 653 490 707 At
505 643 729 707 Narseti,
755 642 974 698 rationis
990 638 1054 696 ad
1074 657 1298 693 examen
1319 638 1510 693 cuncta
1533 659 1628 694 vo-

0 737 162 817 „tanti
183 772 197 794 ‚
227 729 637 808 intemperantia
670 726 833 781 animi
870 720 1096 778 insanire
1126 718 1483 786 videbantur,
1530 723 1626 798 qui

18 815 293 874 crederent
326 812 535 870 nullum
568 807 768 864 laboris
802 802 957 863 usum
992 806 1046 860 in
1082 801 1393 881 posterum,
1441 800 1528 858 sed
1562 802 1625 860 ad

18 900 307 955 mollitiem
327 898 629 969 luxumque
665 894 795 947 verti
830 887 1072 944 securum
1107 883 1312 962 semper
1330 880 1466 940 fore.
1509 885 1628 941 Ne-

17 1002 124 1060 que
145 983 288 1036 enim
322 978 552 1035 multum
574 972 794 1029 aberant
815 974 945 1051 quin
979 971 1193 1047 clypeos
1228 973 1281 1023 &
1315 967 1490 1046 galeas
1515 969 1627 1023 vini

17 1061 288 1140 amphoris
308 1057 641 1135 citharisque
671 1072 1100 1118 commutarent3
1147 1049 1279 1106 adeo
1306 1050 1627 1127 supervacua

17 1147 256 1222 nullique
286 1138 399 1197 usui
433 1139 687 1218 deinceps
723 1157 865 1194 arma
900 1132 1081 1191 futura
1117 1131 1215 1188 fibi
1251 1129 1626 1210 persuaserant.

16 1231 96 1285 At
116 1227 225 1284 dux
257 1225 468 1304 magnis
501 1221 708 1278 indiciis
744 1219 988 1275 Francica
1021 1215 1159 1271 bella
1189 1215 1417 1270 reditura
1437 1210 1627 1291 praesu-
1672 1274 1675 1275 ⁷

17 1331 173 1368 mens
193 1347 209 1373 ‚
247 1303 526 1364 metuebat
543 1324 609 1359 ne
626 1304 866 1361 Romani
887 1295 1116 1355 immerfi
1138 1300 1329 1352 otio&
1350 1298 1451 1351 otii
1480 1298 1626 1352 vitiis

10 1396 232 1451 ¹animos
252 1403 667 1446 enervarentur:
709 1382 920 1442 deinde,
939 1379 975 1436 si
995 1399 1238 1457 tempora
1256 1379 1499 1456 praelium
1525 1398 1626 1455 po-

17 1473 384 1549 scerent,sper
415 1470 684 1548 ignaviam
724 1466 955 1543 pericula
987 1457 1333 1540 defugerent.
1376 1457 1539 1516 Forte
1567 1465 1625 1519 &

16 1552 311 1634 hocipsum
327 1554 470 1610 brevi
495 1546 743 1606 eveniffet
763 1589 779 1614 ,
809 1543 902 1602 nifi
924 1545 1009 1600 ille
1031 1565 1094 1599 ex
1128 1543 1218 1599 usu
1240 1542 1523 1598 arbitratus
1543 1540 1624 1599 es-

18 1638 138 1706 set,
193 1657 382 1694 vocare
420 1635 822 1709 quamprimum
862 1629 1183 1685 concionem
1214 1665 1228 1690 ‚
1282 1626 1621 1704 egregiisque
1663 1649 1666 1653 ’

2 1723 290 1800 ,Ρτεεεερῑὶε
316 1717 379 1774 ad
409 1713 724 1771 modestiam
749 1710 903 1765 simul
931 1716 984 1764 &
1016 1705 1399 1763 fortitudinem
1421 1709 1625 1762 excita-

15 1823 72 1860 re
93 1805 287 1858 mentis
306 1798 634 1874 &ja&antiae
663 1796 891 1850 nimium
911 1790 1042 1847 illud
1068 1786 1425 1867 compescere.
1467 1787 1624 1845 Post-

17 1907 180 1963 quam
216 1896 582 1940 convenerant
615 1919 630 1944 ,
679 1870 978 1956 progressus
1015 1877 1068 1928 in
1103 1872 1344 1927 medium
1381 1868 1448 1948 fic
1481 1868 1622 1926 infit.

20 1969 135 2035 Qui
154 1965 330 2023 subito
362 1983 420 2020 ac
440 1981 622 2018 recens
641 1958 938 2015 admodum
972 1954 1174 2011 bonam
1197 1955 1338 2009 nacti
1370 1951 1490 2009 sunt
1508 1950 1622 2010 for-

16 2067 205 2111 tunam
230 2089 245 2115 ,
281 2049 612 2103 non-mirum
634 2040 667 2096 si
690 2062 876 2119 parum
901 2038 1177 2094 moderate
1198 2037 1249 2092 id
1270 2033 1473 2100 ferant,
1497 2037 1620 2091 elati

17 2153 73 2189 re
108 2129 317 2188 insolita
339 2171 353 2195 ,
388 2128 616 2183 maxime
650 2121 686 2178 si
722 2122 873 2200 quod
908 2124 1124 2185 evenit,
1172 2139 1287 2176 non
1320 2116 1621 2197 exspectan-

18 2214 163 2272 tibus
183 2212 353 2269 modo
376 2250 390 2273 ,
430 2208 514 2265 sed
552 2213 605 2263 &
635 2206 871 2283 indignis
891 2205 1146 2260 evenerit,
1194 2206 1272 2256 At
1292 2221 1390 2256 vos
1412 2242 1429 2267 ,
1462 2198 1624 2278 siquis

18 2297 293 2353 immutati
321 2287 718 2368 animi'arguat
753 2329 770 2357 ‚
830 2286 959 2366 quid
992 2283 1067 2340 est
1101 2283 1261 2364 quod
1294 2279 1623 2339 excusationi

18 2377 226 2457 possitis
246 2374 583 2432 obtendere?
629 2373 719 2426 An
757 2386 941 2447 praeter
975 2365 1189 2424 solitum
1212 2361 1436 2422 evenisse
1466 2363 1623 2421 vobis

18 2462 297 2519 victoriam
320 2465 340 2516 ?
384 2459 529 2534 atqui
551 2474 649 2511 vos
669 2450 785 2507 estis
808 2492 823 2518 ‚
858 2453 951 2529 qui
970 2451 1214 2508 Totilam
1235 2489 1250 2513 ‚
1288 2449 1382 2526 qui
1401 2449 1623 2513 Tei'am,

21 2546 115 2622 ,qui
142 2561 363 2623 gentem
395 2557 618 2594 omnem
653 2533 973 2603 Gotthicam
1009 2527 1348 2610 profliga-stiS.
1394 2532 1485 2584 An
1507 2550 1624 2585 ma·-

14 2630 191 2702 jorem
207 2622 362 2681 vobis
383 2641 543 2699 quam
565 2617 779 2695 capiatis
800 2612 1045 2694 obtigisse
1067 2612 1343 2670 fortunam
1366 2616 1387 2667 ?
1431 2615 1510 2667 At
1530 2632 1624 2667 ve·-

21 2728 83 2764 ro
103 2728 219 2785 quae
239 2702 314 2762 est
341 2721 487 2761 tanta
514 2698 735 2757 felicitas
757 2738 774 2764 ‚
810 2718 926 2776 quae
962 2698 1269 2752 Romanam
1291 2693 1625 2772 magnitudi-

22 2809 149 2851 nem
169 2806 372 2865 aequare
393 2779 589 2862 poffit?
622 2784 869 2837 innatum
891 2780 1047 2836 vobis
1063 2781 1379 2855 avitumque
1399 2774 1472 2832 est
1491 2774 1625 2831 sem-

22 2889 117 2946 per
131 2868 340 2925 hostem
361 2871 585 2924 vincere.
630 2861 843 2917 vicistis
861 2882 1024 2939 ergo:
1056 2859 1142 2916 sed
1160 2858 1319 2915 rebus
1339 2857 1487 2936 digni
1509 2875 1622 2910 non

22 2946 366 3010 inferioribus
399 2945 687 3028 quamhaec
712 2943 1091 3011 fuitvietoria,
1128 2961 1303 3022 neque
1320 2959 1417 2999 vos
1439 2939 1624 2994 mino-

849 3027 902 3082 N
927 3046 959 3081 n
1009 3042 1030 3103 5
1506 3037 1618 3074 rem
