1888 3428
219 169 671 225 GoTTHICAE
711 164 1099 221 HISTORIAE
1139 169 1281 222 [ΑΒ.
1306 173 1421 225 ΙΙΙ.
1509 190 1633 247 399

20 252 70 307 ei
90 246 152 306 ad
169 248 371 307 bellum
391 268 515 305 cum
533 244 762 304 Gotthis
777 246 980 302 diutius
999 248 1318 324 gerendum.
1339 271 1635 329 argumen-

18 351 80 389 to
102 327 203 388 esse
222 353 340 410 quae
359 332 554 387 Romae
574 324 709 384 Vrbi
730 326 849 404 post
883 331 1022 383 tanti
1042 332 1303 405 temporis
1324 335 1635 408 patientiam

20 414 333 471 acciderant.
391 415 442 467 Si
462 429 702 487 pugnare
731 407 1050 465 nonliberet
1071 448 1086 469 ‚
1115 412 1379 489 eligerent
1396 413 1461 470 de
1493 416 1639 472 duo-

20 496 123 553 bus
142 497 363 551 alterum
379 533 395 559 ,
417 510 506 548 aut
526 512 650 546 cum
668 489 901 547 Gotthis
922 493 1165 548 militiam
1187 533 1202 560 ‚
1238 497 1348 570 pari
1368 515 1493 550 cum
1517 496 1637 572 ipsis

13 582 133 653 jure
150 573 356 644 futuri,
396 572 603 630 sumere
625 614 639 638 ‚
673 591 764 630 aut
785 572 892 630 fine
913 594 1056 630 noxa
1075 573 1274 631 dimitti
1295 579 1635 654 Byzantium.

19 661 261 716 Romani
280 678 338 714 ac
357 658 643 735 Diogenes
674 677 851 733 neque
884 658 1043 735 praelii
1062 655 1110 713 se
1129 654 1407 714 fortunam
1428 658 1640 716 subitu—

19 761 108 797 ros
122 739 372 796 dicebant
390 779 405 803 ,
443 759 621 817 neque
641 735 786 814 poffe
802 737 1033 795 Gotthis
1052 736 1101 793 se
1123 738 1420 817 permisceri
1441 782 1456 807 ,
1488 742 1640 821 quod

18 820 233 879 seorsim
262 821 290 878 ὲ
317 819 500 878 liberis
532 819 965 899 conjugibusque
998 824 1167 878 vitam
1206 825 1311 901 pati
1332 826 1638 901 nequirent.

21 898 286 984 oppidum
306 944 323 970 ‚
356 902 651 980 cujusipfis
666 900 945 960 commissa
966 901 1207 962 custodia
1228 910 1279 961 in
1306 905 1546 984 praesenS,
1578 926 1638 965 ut
1713 912 1717 916 ’

20 987 308 1054 traderent,
332 988 541 1043 nullum
559 984 606 1042 se
625 988 872 1042 colorem
895 985 1093 1049 videre,
1115 1009 1227 1066 quo
1253 985 1300 1044 se
1322 989 1383 1045 acl
1401 993 1641 1067 Impera-

22 1087 199 1125 torem
219 1071 343 1125 ituri
379 1066 747 1125 defenderent.
792 1089 954 1147 quare
985 1065 1183 1126 differri
1204 1090 1315 1126 rem
1339 1074 1392 1125 in
1424 1088 1641 1149 tempus
1683 1094 1686 1095 ’

20 1151 242 1230 aliquod
260 1150 526 1229 rogabant
544 1191 560 1215 ,
593 1170 651 1207 ut
672 1153 854 1208 liceret
872 1148 999 1216 fibi,
1018 1173 1138 1230 quae
1158 1172 1444 1230 agerentur
1459 1194 1475 1220 ‚
1498 1176 1643 1210 nun-

19 1236 150 1290 tiare
169 1236 505 1311 Imperatori,
551 1254 608 1289 ac
642 1231 676 1289 si
714 1237 852 1289 intra
871 1232 925 1289 id
942 1252 1158 1311 tempus
1175 1234 1240 1289 ab
1261 1255 1328 1290 eo
1349 1257 1462 1291 non
1477 1241 1638 1310 juva·
1719 1295 1725 1299 ,

19 1333 224 1381 rentur,
242 1333 362 1372 tum
381 1311 709 1373 discederent
732 1356 748 1382 ‚
780 1313 1111 1393 Gotthisque
1129 1316 1398 1393 oppidum
1417 1315 1642 1376 honesta

19 1395 192 1476 specie
208 1398 411 1454 darent.
461 1399 665 1454 Placuit
696 1397 751 1454 id
785 1397 988 1454 Totilae
1007 1436 1025 1462 ‚
1069 1396 1281 1476 diesque
1313 1399 1640 1457 condifflt&

21 1478 237 1536 obsides
257 1482 530 1557 utrimque
555 1481 773 1558 triginta
792 1481 1147 1536 conventioni
1167 1477 1460 1539 firmandae.
1485 1486 1641 1540 Tum

19 1564 194 1619 soluta
213 1560 417 1618 Gotthi
443 1559 727 1619 obsidione
747 1601 764 1628 ,
793 1563 1025 1618 Siciliam
1058 1563 1346 1622 intendunt
1373 1567 1491 1621 iter.
1537 1564 1642 1623 Sed

24 1642 303 1723 Rhegium
347 1663 406 1699 ut
439 1643 764 1699 advenerant
784 1683 800 1710 ‚
833 1664 948 1699 non
983 1646 1128 1721 prius
1148 1646 1521 1719 trajiciendum
1543 1646 1640 1706 fibi

21 1723 223 1782 fretum
244 1724 496 1782 censuere
513 1766 529 1791 ‚
546 1746 710 1802 quam
732 1722 767 1779 si
788 1745 900 1801 quo
924 1724 1097 1780 modo
1119 1732 1233 1800 ejus
1251 1748 1477 1806 quoque
1498 1749 1637 1809 prae-

19 1806 134 1864 fidii
152 1811 362 1864 animos
377 1804 693 1864 labefaffiare
712 1805 919 1885 poffent
935 1810 1327 1884 experirentur.
1379 1815 1643 1871 Praeerant

0 1892 147 1948 'loco
171 1892 435 1968 militique
465 1887 806 1945 Thurimuth
835 1895 889 1946 &
920 1890 1200 1948 Himerius
1219 1890 1297 1948 ibi
1331 1890 1358 1949 ὲ
1391 1892 1640 1952 Belisario

22 1970 319 2029 Constituti.
361 1973 437 2027 Hi
471 1992 595 2028 cum
633 1969 730 2028 sub
763 1967 813 2028 se
852 1970 1112 2029 haberent
1133 1979 1187 2031 &
1207 1975 1412 2031 multos
1431 1981 1486 2033 δε
1507 1978 1637 2034 vali-

22 2054 123 2112 dos
141 2095 158 2121 ,
192 2075 307 2110 non
343 2071 558 2111 tantum
578 2056 1052 2133 oppugnationem
1077 2054 1229 2113 ausos
1246 2055 1422 2114 hostes
1441 2062 1640 2133 rejece-

23 2154 147 2192 runt
168 2176 183 2196 ,
211 2135 297 2193 sed
316 2141 369 2193 Sc
389 2155 734 2215 erumpentes
755 2134 848 2214 ipfi
868 2138 922 2192 in
943 2158 1038 2192 eos
1065 2159 1374 2217 pugnarunt
1391 2136 1634 2200 feliciter.

21 2222 228 2277 Verum
248 2216 368 2297 post
387 2218 440 2275 id
457 2218 840 2298 superurgente
873 2216 1111 2276 hostium
1132 2223 1482 2280 multitudine
1499 2227 1638 2282 intra

9 2305 220 2359 ‘moenia
253 2299 302 2358 se
336 2303 656 2358 continuere
673 2299 854 2379 otiofi.
897 2303 1113 2359 Totilas
1132 2322 1275 2382 parte
1300 2307 1640 2364 exercitusin

22 2383 198 2440 castris
232 2384 334 2441 illis
352 2383 534 2440 relicta
554 2424 571 2451 ,
602 2382 757 2463 quod
780 2382 1164 2442 alimentorum
1201 2406 1265 2442 ex
1302 2388 1490 2466 inopia
1522 2410 1639 2447 non

23 2466 200 2523 multo
219 2464 339 2545 post
357 2465 694 2523 deditionem
711 2462 938 2543 speraret
956 2506 975 2532 ‚
994 2488 1119 2524 cum
1137 2487 1332 2526 caetero
1350 2474 1407 2527 in
1424 2473 1642 2528 Taren-

21 2549 167 2605 tinos
186 2545 492 2628 profectu&
528 2545 681 2606 facile
716 2547 772 2606 id
804 2549 1074 2626 oppidum
1102 2547 1203 2609 suae
1233 2552 1460 2609 ditionis
1486 2550 1635 2620 fecit,

20 2635 117 2709 qui
149 2651 276 2688 vero
310 2629 657 2689 Gotthorum
694 2634 750 2687 in
784 2631 984 2688 Piceno
1012 2632 1154 2710 juffu
1185 2639 1300 2709 ejus
1318 2632 1641 2706 resederant,

21 2715 336 2771 Ariminum
354 2712 449 2771 fibi
470 2714 745 2791 proditum
761 2715 1044 2772 intravere.
1088 2716 1192 2772 His
1206 2713 1529 2776 Iustinianus
1543 2741 1642 2777 au·-

22 2791 149 2851 ditis
164 2836 182 2863 ,
202 2793 377 2854 fratris
394 2794 470 2853 sui
494 2793 668 2853 filium
692 2796 1033 2855 Germanum
1057 2799 1231 2856 voluit
1250 2802 1492 2858 maximo
1513 2822 1639 2857 cum

21 2877 249 2954 imperio
286 2882 343 2936 in
369 2880 616 2937 Totilam
636 2885 690 2936 &
706 2878 956 2936 Gotthos
976 2883 1189 2938 mittere
1210 2922 1225 2947 ‚
1257 2904 1494 2960 eumque
1511 2887 1563 2938 in
1584 2882 1640 2940 id

19 2977 265 3040 paratum
286 2959 386 3020 effe
402 2958 566 3040 juffit.
607 2962 685 3023 Ea
715 2957 855 3019 fama
874 2961 966 3021 ubi
994 2966 1051 3022 in
1080 2965 1281 3022 Italiam
1314 2967 1510 3101 perlafta
1538 2963 1634 3029 est,

1467 3065 1637 3103 ormi-
