1888 3428
249 165 359 243 308
594 166 981 223 Pssocopn
1026 163 1570 221 CAEsAREENs1s

242 248 389 302 enim
408 243 548 302 credi
570 245 824 317 volebat)
860 244 1220 302 subduxerant
1253 246 1452 301 lucrive
1471 242 1726 317 fecerant.
1769 242 1854 304 Sic

242 330 462 385 vulnera
483 348 541 383 ac
559 327 856 395 discrimina
875 329 1138 392 militum,
1160 325 1290 381 nihil
1312 329 1490 382 minus
1508 313 1854 404 sperantium,

239 411 656 466 ratiociniorum
691 410 970 465 calumniis
1000 367 1395 501 compensabat.
1462 409 1609 464 Hinc
1644 409 1859 465 alienati

241 494 502 549 Italorum
536 490 602 547 ab
638 490 928 547 Iustiniano
966 492 1160 556 animi,
1201 510 1298 545 nec
1333 492 1526 582 reperti
1549 491 1743 546 milites
1761 492 1861 569 qui

238 575 474 652 pericula
503 571 739 630 subirent
773 613 789 639 ,
825 569 911 628 sed
946 592 1038 650 per
1072 573 1472 628 contumaciam
1513 570 1740 650 quisque
1778 592 1862 627 res

232 653 477 712 »hostiurn
512 653 927 733 promovebant
973 655 1160 731 anue
1197 651 1346 709 causa
1380 650 1522 717 fuit,
1557 674 1648 709 cur
1685 651 1862 710 caeteri

240 736 402 793 duces
423 735 769 816 quiescerent.
815 737 975 791 Solus
1007 738 1230 802 vitalis,
1260 738 1352 813 qui
1384 738 1438 790 in
1461 737 1703 792 Veneriis
1738 752 1858 790 tum

243 819 376 876 alios
395 817 625 875 habebat
646 819 840 874 milites
859 857 874 880 ‚
918 835 1035 874 tum
1060 818 1434 874 Herulorum
1421 837 1612 895 ingens
1644 837 1860 895 agmen,

243 921 369 958 cum
402 901 665 958 Ildibalclo
697 902 876 993 praelio
911 901 1133 976 experiri
1173 897 1326 955 ausus
1362 897 1485 955 est.
1526 916 1859 955 metuensne

244 1003 368 1040 cum
390 1000 648 1061 tempore
658 987 708 1037 vi
729 987 844 1054 ejus
876 981 1188 1060 augescente
1218 981 1433 1058 reprimi
1468 979 1648 1058 postea
1668 982 1863 1057 nequi-

243 1083 344 1121 ret
390 1065 478 1122 Ad
498 1062 833 1122 Tarvisium
822 1083 1001 1142 itaque
1021 1081 1285 1140 pugnate,
1315 1063 1508 1119 Vitalis
1529 1066 1704 1119 multo
1724 1058 1863 1118 infe-

243 1149 391 1214 rior,
411 1144 539 1223 fuga
561 1145 654 1201 sibi
673 1143 957 1222 paucisque
979 1144 1278 1201 consuluit:
1301 1165 1416 1221 pars
1439 1147 1668 1200 maxima
1688 1148 1862 1222 perie-

243 1249 298 1284 re
332 1250 345 1282 :
374 1189 684 1305 ,Ι-Ιεωῐίςιιε
720 1247 890 1303 prope
930 1247 1122 1282 omnes
1144 1267 1158 1292 ‚
1198 1233 1251 1283 δε
1274 1225 1376 1303 ipse
1394 1228 1733 1291 Herulorum
1752 1225 1860 1282 dux

242 1307 528 1366 Visandus.
572 1313 650 1364 At
683 1306 1147 1363 Theudimundus
1183 1305 1628 1373 Mauricii'filiuS,
1662 1308 1864 1364 Mundi

243 1412 436 1467 nepos,
459 1390 761 1448 adolescens
779 1390 1095 1455 admodum,
1117 1394 1310 1446 mortis
1330 1391 1697 1468 propinquum
1719 1392 1866 1467 peri-

245 1474 430 1530 culum
462 1494 602 1553 aegre
634 1493 759 1528 cum
798 1475 958 1529 Vitali
993 1470 1174 1529 evafit.
1216 1473 1366 1528 Hinc
1396 1467 1888 1529 Ildibaldinomen¹

244 1556 386 1631 apud
419 1561 805 1631 Imperatorem
839 1552 1228 1634 cunctasque&
1196 1572 1386 1611 centes
1422 1556 1618 1611 clarum
1659 1553 1864 1610 haberi.

242 1637 373 1694 1³0st
394 1637 446 1692 id
466 1640 688 1693 Vra'i'as
677 1657 868 1693 irarum
891 1639 944 1692 in
967 1636 1303 1701 Ildibaldum,
1325 1658 1456 1714 quas
1478 1636 1670 1704 dicam,
1689 1636 1862 1693 causas

242 1717 451 1775 habuit.
495 1718 622 1773 Erat
639 1710 814 1775 Vra’i'ae
837 1738 972 1774 uxor
992 1721 1268 1795 opulentia
1286 1714 1571 1795 formaque
1593 1717 1861 1811 praestan3‚

242 1798 530 1880 praesertim
563 1820 687 1856 curn
728 1803 927 1857 caeteris
966 1799 1317 1855 barbarorum
1354 1800 1559 1856 collata.
1608 1802 1788 1856 Haec
1775 1820 1864 1855 in·-

243 1880 407 1961 greffa
426 1879 566 1938 forte
586 1881 835 1938 balneum
858 1921 873 1947 ‚
907 1879 1176 1957 splendide
1197 1900 1383 1937 ornata
1402 1922 1418 1947 ,
1451 1880 1743 1960 conspicuo
1765 1902 1863 1937 co-

247 1965 483 2029 mitatu,
521 1962 763 2020 Ildibaldi
804 1983 1029 2018 uxorem
1056 1963 1241 2019 videns
1262 1965 1463 2042 vulgari
1482 1961 1707 2028 habitu,
1745 1956 1888 2019 non'

245 2043 420 2102 modo
443 2061 501 2099 ut
523 2048 774 2123 principis
800 2050 1088 2136 conjugem
1111 2063 1356 2101 venerata
1378 2066 1489 2101 non
1511 2043 1630 2111 est,
1663 2043 1748 2100 sed
1768 2046 1862 2101 de·-

243 2125 477 2205 spec‘tam
498 2125 667 2183 irrifit.
714 2131 919 2204 Pauper
938 2129 1080 2181 enim
1098 2130 1406 2183 etiamtunc
1426 2144 1533 2182 erat
1550 2116 1861 2194 lldibaldus,

247 2225 310 2264 ut
345 2207 409 2265 ad
445 2228 608 2285 quem
646 2209 708 2263 cle
729 2229 856 2286 gaza
880 2211 1021 2285 regia
1052 2207 1180 2263 nihil
1203 2205 1537 2285 pervenisset.
1577 2200 1888 2286 impatienssf

248 2288 592 2345 contumeliae
619 2289 858 2346 Ildibaldi
898 2311 1034 2345 uxor
1054 2289 1184 2346 fletu
1206 2290 1443 2347 accendit
1466 2292 1752 2353 maritum,
1792 2287 1888 2355 nesfisss

247 2370 298 2426 se
317 2369 382 2427 ab
403 2372 578 2427 Vra'iae
602 2391 770 2426 uxore
792 2374 1113 2447 proculcari
1103 2394 1323 2450 impune
1345 2389 1624 2450 pateretur.
1663 2373 1888 2446 Motusifg

246 2450 330 2508 his
348 2449 634 2509 Ildibaldus
652 2456 886 2530 primum
904 2456 1123 2509 Vra'i'am
1144 2453 1281 2531 apud
1302 2453 1556 2510 barbaros
1574 2450 1881 2533 transfugii»

244 2533 486 2591 meditati
512 2532 795 2590 infimulat.
838 2534 896 2589 Id
917 2556 1038 2591 cum
1065 2556 1176 2592 non
1199 2534 1522 2602 succederet,
1542 2535 1706 2609 dolo
1692 2535 1883 2592 intera

242 2612 394 2682 fecit,
414 2636 526 2692 quo
546 2613 688 2671 saffiro
704 2636 861 2694 grave
883 2616 1262 2674 Gotthorum
1250 2620 1472 2673 incurrit
1491 2616 1702 2673 odium.
1741 2618 1863 2674 Ne,
1873 2611 1888 2671 ,³

245 2716 352 2773 que
371 2699 516 2752 enim
539 2697 764 2775 probare
791 2715 1079 2775 poterant,
1112 2701 1184 2755 ita
1201 2697 1398 2754 indicia
1419 2697 1568 2755 causa
1587 2698 1886 2757 sublatum-³

242 2798 273 2833 e
306 2780 440 2833 vivis
472 2778 807 2835 hominem·
843 2780 1108 2859 multique
1127 2783 1325 2837 arcanis
1346 2781 1632 2859 colloquiis
1651 2778 1888 2839 factum

239 2858 512 2916 Ildibaldi'
501 2864 730 2938 impium
750 2860 1183 2920 detestabantur:
1209 2861 1296 2919 sed
1314 2860 1487 2919 ulcisci
1504 2883 1671 2919 nemo
1692 2863 1888 2925 aude-

237 2937 347 3000 bat.
389 2943 545 3000 Erat
534 2960 672 3000 mter
692 2964 785 3002 eos
799 2945 971 3013 Vrlas,
992 2944 1235 3024 Gepida,
1258 2945 1312 3004 in
1331 2946 1585 3024 principis
1605 2944 1875 3009 satellitio
1867 2967 1885 2994 i

1706 3026 1880 3083 mili-22¹
