1888 3428
156 228 158 230 ,
216 157 646 218 Gor-turcis
683 150 780 212 H1
801 171 928 210 sTo
949 169 1091 211 1³1AE
1130 154 1279 211 Lus.
1308 157 1353 211 1.
1441 229 1444 231 ,
1498 171 1612 237 157

14 239 165 298 stiam
195 239 290 298 fibi
309 238 585 298 custodem
620 235 907 302 adhibent,
945 255 1013 291 ne
1045 236 1232 314 legatis
1248 232 1442 293 decora
1457 257 1613 317 egre-

13 322 252 380 diuntur.
291 324 521 402 Alioqui
540 319 576 377 fi
593 321 800 400 legatus
816 337 999 395 regem
1017 317 1360 373 contumeliis
1376 316 1615 385 insultet,

12 401 53 460 fi
71 407 302 462 alienum
319 406 517 462 lefium
539 403 736 481 polluat
750 440 767 468 ‚
795 401 956 455 etiam
978 395 1209 455 interfici
1224 420 1350 454 eum
1365 403 1484 472 jure
1499 398 1618 477 poss

9 482 84 551 se,
105 484 373 543 consentit
390 484 688 542 humanum
712 502 904 561 genus,
949 479 1180 537 Iaciebat
1198 479 1306 536 haec
1324 483 1379 537 in
1398 484 1618 539 Petrum

9 565 358 632 TheudatuS,
401 588 516 624 non
535 564 685 644 quod
703 568 746 620 is
768 563 975 621 adulter
992 560 1116 619 effer
1138 603 1153 629 ‚
1172 560 1257 619 sed
1279 582 1337 619 ut
1362 561 1618 622 ostende-

7 665 90 705 ret
108 650 173 706 ad
204 657 390 706 necem
409 650 569 728 legati
588 643 839 725 quasdam
866 644 1041 702 causas
1059 646 1249 702 valere.
1295 646 1384 703 Ad
1404 644 1512 702 haec
1530 664 1619 701 re-

6 727 274 808 spondent
287 732 465 809 legati.
508 730 641 786 Non
658 732 731 785 ita
751 746 810 785 ut
829 731 902 784 ais
921 767 937 794 ‚
972 726 1319 784 Gotthorum
1351 731 1619 804 princeps,

8 831 95 868 res
112 810 160 870 se
178 811 337 869 habet
363 834 376 867 ε
409 809 497 867 sed
516 830 640 870 cave
658 813 832 867 inania
853 809 1161 867 obtendens
1180 806 1327 865 nefas
1345 811 1401 865 in
1432 807 1619 864 homi-

8 913 106 950 nes
131 896 335 973 legatos
354 891 653 950 admittere.
695 885 980 950 Adulteria
996 911 1228 970 quaerere
1261 892 1441 970 legato
1461 911 1558 946 nec
1577 887 1617 946 st

8 976 133 1032 velit
155 976 311 1032 datur
328 1014 344 1041 ‚
377 978 462 1031 cui
483 976 569 1032 vix
589 984 738 1054 aquae⁷
765 973 828 1032 fit
854 977 1008 1052 copia
1024 1015 1040 1042 ‚
1077 972 1172 1029 nisi
1193 971 1501 1031 volentibus
1521 992 1618 1029 cu-

5 1053 267 1114 stodibus.
319 1060 456 1124 Quae
494 1075 677 1114 autem
711 1060 977 1114 mittentis
997 1053 1139 1132 juffu
1168 1054 1328 1112 verba
1352 1058 1618 1121 enuntiat,

7 1157 200 1196 eorum
221 1140 449 1215 culpam,
466 1137 503 1194 fi
522 1139 652 1217 quid
672 1157 933 1217 peccatur,
958 1159 1072 1194 non
1094 1135 1209 1216 ipfi,
1227 1135 1312 1194 sed
1333 1139 1380 1194 ei
1398 1132 1493 1215 qui
1511 1141 1619 1193 irn-

8 1223 214 1297 peravit
229 1260 247 1288 ,
265 1241 478 1298 aequum
500 1222 572 1277 est
591 1224 874 1297 imputari:
911 1240 1036 1276 cum
1057 1220 1237 1298 legato
1261 1216 1508 1297 obsequii
1530 1222 1619 1275 in—

9 1300 232 1358 cumbat
248 1301 541 1358 neceffitaS.
581 1304 704 1359 Nos
723 1306 890 1380 igitur
907 1302 1093 1358 omnia
1108 1301 1278 1358 dicem
1288 1322 1368 1367 οε,
1382 1321 1500 1379 quae
1519 1320 1621 1356 no-

10 1381 95 1440 bis
111 1424 129 1451 ,
162 1404 286 1441 cum
306 1404 405 1440 nos
426 1385 667 1440 mitteret
698 1384 863 1441 edixit
888 1389 1189 1460 Imperator
1205 1425 1220 1447 ‚
1259 1401 1418 1440 tuum
1437 1385 1535 1439 erit
1557 1402 1619 1438 ea

9 1486 169 1544 aequo
188 1465 368 1523 audire
383 1468 595 1523 animo:
628 1486 695 1522 ne
713 1463 750 1522 fi
768 1464 864 1521 tibi
884 1467 928 1521 is
945 1463 1193 1522 turbatus
1209 1461 1292 1525 fit,
1311 1465 1619 1544 legatorum

9 1545 421 1605 sanctimoniam
442 1549 632 1606 violes.'
671 1549 919 1624 Tempus
954 1545 1027 1603 est
1061 1544 1279 1603 tandem
1301 1550 1521 1624 implere
1555 1562 1620 1604 ut

11 1633 283 1708 veli8,quae
298 1631 616 1708 Imperatori
643 1648 698 1684 es
714 1630 984 1705 pollicitus
1006 1649 1019 1682 ε
1047 1633 1162 1701 ejus
1183 1648 1316 1706 ergo
1336 1631 1586 1684 venimus
1601 1649 1618 1684 z

13 1712 172 1781 Quas
191 1709 290 1767 tibi
311 1709 505 1789 scripsit
523 1715 824 1787 Imperator
839 1710 1014 1766 literas
1031 1753 1045 1772 ‚
1058 1715 1170 1785 jam
1188 1708 1373 1766 habeS.
1391 1710 1454 1767 ad
1471 1710 1620 1766 Got-

9 1792 231 1850 thorum
252 1812 494 1870 proceres
513 1794 724 1869 scriptas
745 1811 859 1848 non
881 1791 991 1849 aliis
1007 1812 1170 1869 quam
1189 1791 1310 1869 ipfis
1327 1791 1617 1850 trademus.

11 1875 201 1934 verum
236 1873 328 1932 ista
345 1876 554 1933 dicente
589 1879 750 1931 Petro
782 1872 1130 1931 Gotthorum
1151 1878 1413 1952 primores
1436 1915 1454 1942 ‚
1489 1874 1621 1932 ade-

11 1975 129 2015 rant
145 1960 287 2014 enim
310 1999 326 2024 ‚
369 1956 648 2015 destinatas
681 1957 743 2014 ad
768 1954 818 2012 se
848 1957 1022 2013 literas
1038 1955 1333 2014 Theudato
1351 1952 1502 2012 'tradi
1521 1977 1621 2034 po-

10 2038 238 2097 stulant:
277 2042 340 2096 iis
372 2038 480 2097 haec
514 2038 951 2096 continebantur.
1001 2040 1162 2096 Curae
1199 2039 1360 2094 nobis
1380 2036 1484 2094 fuit
1519 2058 1621 2095 vos

13 2120 196 2179 nostro
229 2122 512 2199 compleffi
546 2124 776 2198 imperio
801 2143 814 2177 :
857 2120 1009 2200 quod
1028 2124 1210 2178 laetum
1230 2120 1388 2179 vobis
1403 2119 1502 2177 effe
1523 2121 1621 2178 de-

11 2202 126 2261 bet.
164 2202 463 2261 coalescetis
483 2206 702 2260 enimin
724 2200 968 2260 nostrum
997 2224 1194 2281 corpus
1214 2244 1231 2270 ‚
1269 2206 1412 2260 nulla
1443 2206 1621 2260 reim-

12 2287 245 2355 minuti,
283 2307 407 2343 cum
428 2286 706 2365 dignitatis
723 2289 882 2343 etiam
901 2289 1260 2343 incrementO.
1297 2283 1418 2342 Nec
1438 2284 1503 2342 ad
1521 2305 1622 2363 pe·-

14 2372 223 2448 regrina
250 2386 344 2425 aut
379 2370 658 2446 incognita
692 2367 1268 2426 Gotthosinvitamus.
1317 2367 1623 2425 Insuevistis

13 2451 147 2507 olim
173 2450 384 2515 iisdem,
422 2471 732 2530 quanquam
767 2448 950 2527 postea
978 2452 1274 2508 divortium
1309 2447 1622 2507 intervenit.

13 2533 149 2590 Earn
166 2532 242 2590 ob
273 2532 478 2590 causam
514 2531 649 2589 miffi
672 2531 804 2589 istuc
836 2531 956 2589 sunt
989 2531 1310 2589 Athanasius
1340 2537 1622 2600 &Petru8,

15 2612 216 2693 quibus
247 2636 345 2674 vos
385 2614 638 2694 opitulari
672 2635 888 2694 aequum
925 2617 1045 2672 erit.
1087 2616 1195 2672 Hic
1215 2633 1324 2672 erat
1341 2616 1623 2672 literarum

14 2712 192 2754 tenor.
223 2700 303 2753 At
325 2695 645 2754 Theudatus
664 2738 680 2765 ,
718 2695 795 2753 his
813 2718 1037 2776 quoque
1058 2697 1209 2753 lectis
1226 2737 1242 2764 ‚
1278 2695 1409 2754 nihil
1426 2717 1623 2756 eorum

14 2795 136 2856 quae
152 2781 465 2858 Imperatori
491 2778 884 2857 spoponderat,
918 2780 1141 2856 implere
1160 2777 1457 2844 constituit,
1477 2781 1623 2858 lega-

14 2855 206 2936 tosque
235 2857 375 2938 ipsos
406 2862 462 2917 in
492 2860 622 2917 dura
649 2859 810 2917 habet
830 2859 1088 2918 custodia.
1123 2860 1414 2939 Postquam
1436 2866 1490 2917 δέ
1513 2861 1622 2917 haec

14 2945 74 3000 &
99 2959 219 3022 quae
249 2943 308 3000 in
340 2943 610 3006 Dalmatia
642 2960 963 3013 evenerant,
1006 2946 1243 3023 percepit
1276 2942 1620 3078 Iustinigms,

1514 3039 1620 3076 on-
