1888 3428
195 170 637 246 Goo'TTHICAE
679 169 1082 225 HISTORIAE
1122 169 1404 226 L13.111.
1444 206 1449 216 t
1535 187 1648 246 3-27

21 277 24 282 ·
26 255 149 327 jore
171 264 318 331 parte
337 252 523 324 militis
541 292 558 319 ‚
578 251 772 307 Romae
788 246 948 305 adsita
967 251 1116 325 petit.
1161 250 1266 305 His
1286 250 1447 307 rebus
1465 254 1647 328 Impe-

31 352 180 391 rator
195 334 474 391 intellec'cis
495 375 512 402 ,
538 354 650 390 non
672 332 1012 389 mediocriter
1031 328 1401 387 consternatus
1418 374 1434 398 ‚
1454 329 1650 388 Belisa-

29 419 173 474 rium
211 420 423 473 mittere
461 435 650 473 contra
680 413 929 469 Totilam
951 452 967 477 ‚
1000 433 1313 492 quanquam
1337 413 1508 470 adhuc
1527 434 1642 471 acre

33 497 360 555 bellantibus
382 498 580 566 Perfis,
613 499 851 576 cogitur.
892 490 1103 574 Hyems
1122 495 1301 552 exibat
1320 535 1338 560 ‚
1378 492 1643 573 simulque

28 601 202 637 annus
239 578 528 638 finiebatur
562 584 743 636 nonus
773 582 888 650 ejus
910 576 1033 635 belli
1054 579 1205 656 quod
1239 574 1418 634 scribit
1437 583 1645 634 Proco-

30 665 150 740 pius
172 702 188 727 ‚
218 683 342 719 cum
361 665 556 720 iterum
582 662 788 718 Italiam
805 656 1083 716 Belisarius
1104 663 1276 738 petiit.
1309 680 1435 716 cum
1462 678 1645 717 autem

12 747 228 802 ‘milites
258 744 478 802 haberet
495 764 693 822 paucos
714 742 1010 800 admodum
1049 747 1263 821 (neque
1282 746 1429 798 enim
1451 746 1543 821 qui
1562 739 1643 797 se·-

29 825 324 906 cutiipsum
341 824 553 883 fuerant
567 866 582 892 ‚
618 846 713 882 eos
733 825 799 882 ab
817 830 1052 882 exercitu
1073 825 1252 882 Medis
1270 822 1527 904 opposito
1547 823 1646 880 ab-

29 909 223 967 ducere
247 907 477 980 licebat)
512 907 803 965 Thraciam
825 905 1018 964 obiens
1040 910 1206 964 multa
1231 906 1510 986 largiendo
1540 927 1645 965 vo-

26 994 314 1049 luntariam
348 996 694 1066 juventutem
732 991 977 1068 collegit.
1052 988 1256 1047 Aderat
1287 996 1335 1045 ei
1366 987 1645 1046 Iustiniani

24 1071 161 1148 jussu
194 1072 301 1131 dux
320 1075 508 1152 lllyrici
529 1076 720 1132 Vitalis
738 1117 752 1138 ‚
774 1094 965 1150 ·nuper
982 1072 1047 1129 ab
1069 1073 1214 1129 Italia
1244 1069 1480 1128 reversus
1498 1112 1516 1138 ,
1547 1071 1644 1128 ubi

7 1158 264 1234 ·‡Illyricos
298 1158 495 1213 milites
535 1158 841 1235 reliquerat.
887 1156 1078 1211 Ambo
1109 1155 1174 1211 ad
1207 1173 1445 1233 quatuor
1477 1156 1644 1211 millia

29 1258 156 1296 curn
189 1235 428 1295 feciffent
447 1234 679 1296 milituffi
701 1278 717 1304 ‚
754 1237 962 1293 Salonis
981 1255 1202 1317 agentes
1219 1281 1232 1300 ‚
1271 1239 1506 1313 primum
1528 1237 1644 1292 Ra·-

27 1340 263 1378 vennam
283 1324 358 1377 ire
373 1320 806 1386 constituebant,
822 1320 968 1386 inde,
985 1317 1019 1375 si
1040 1320 1276 1384 daretur,
1297 1316 1496 1375 bellum
1515 1321 1643 1375 lon-

24 1406 148 1482 gius
171 1403 447 1481 prolaturi.
491 1405 636 1460 Nam
657 1407 711 1460 in
742 1402 937 1458 Romae
958 1404 1130 1458 vicina
1165 1400 1477 1458 descendere
1501 1399 1644 1457 haud

26 1501 283 1564 poterant
302 1525 319 1551 ‚
350 1506 526 1565 neque
547 1488 679 1544 clam
697 1484 908 1542 hostem
930 1524 946 1552 ,
963 1488 1055 1563 qui
1076 1480 1375 1560 castrisjam
1404 1478 1643 1539 insedisse

29 1566 336 1625 Calabriam
370 1569 837 1646 Campaniamque
868 1564 1249 1633 nuntiabatur,
1285 1586 1462 1644 neque
1483 1569 1532 1621 vi
1551 1564 1645 1621 ad-

12 1668 177 1705 ›mota
196 1690 213 1716 ,
250 1649 471 1728 quando
506 1653 825 1728 neutiquam
847 1669 997 1728 pares
1026 1651 1197 1726 copiis
1223 1666 1393 1704 erant.
1435 1652 1646 1703 Interea

5 1730 317 1809 ‘Hydrunte
336 1735 428 1811 qui
447 1729 832 1788 obsidebantur
849 1772 864 1798 ‚
899 1752 1024 1788 cum
1044 1734 1164 1788 vitae
1185 1725 1463 1786 neceffaria
1492 1725 1645 1787 defe-

6 1811 208 1871 cissent
226 1854 244 1881 ,
275 1833 398 1871 cum
422 1812 654 1870 barbaris
673 1811 1176 1871 circumfidentibus
1207 1813 1466 1869 collocuti
1501 1810 1645 1878 sunt,

29 1894 97 1952 de
115 1896 318 1974 oppido
337 1893 431 1952 sub
450 1899 617 1974 pactis
641 1896 901 1954 tradendo
921 1940 935 1959 ,
957 1899 1115 1975 eique
1135 1898 1209 1951 rei
1227 1893 1512 1973 implendae
1532 1893 1644 1950 dies

1 1988 5 1993 '
26 1976 282 2036 consensu
301 1976 592 2057 pr-aestituta
606 1976 696 2034 est.
728 1982 804 2036 At
819 1976 1096 2035 Belisarius
1115 1980 1341 2034 navibus
1361 1988 1645 2036 commea-‘-

15 2077 91 2117 stu
123 2063 182 2116 'in
210 2077 413 2118 annum
447 2063 682 2139 impletis
701 2064 1058 2119 Valentinum
1099 2062 1348 2139 navigare
1379 2058 1644 2135 Hydrun-

25 2159 137 2200 tem
149 2142 307 2216 jubet
323 2185 338 2210 ‚
358 2150 413 2202 ὃς
433 2147 526 2222 qui
545 2142 785 2221 praefidio
806 2141 1027 2200 antehac
1043 2139 1257 2201 fuerant
1274 2146 1472 2199 amotis
1488 2145 1641 2212 (nam

1 2231 84 2282 ·&
109 2224 315 2283 morbis
352 2233 407 2283 &
438 2226 581 2282 fame
613 2225 879 2284 tabescere
910 2223 1377 2306 intelligebantur)
1414 2227 1544 2282 alios
1579 2245 1643 2280 ex

8 2310 388 2386 vnavigationis
407 2306 702 2366 comitibus
734 2329 927 2366 eorum
959 2312 1015 2365 in
1046 2310 1232 2365 locum
1260 2305 1497 2369 sufficere
1517 2347 1536 2374 ,
1583 2323 1644 2362 ut

12 2408 267 2448 ‘recentes
300 2409 461 2468 atque
494 2394 692 2471 integri
720 2394 787 2447 in·
805 2388 955 2447 bona
988 2390 1052 2447 ad
1070 2392 1272 2448 victum
1299 2392 1456 2467 copia
1480 2390 1643 2467 oppi-

27 2470 161 2530 dum
181 2470 332 2531 facile
352 2491 674 2531 tutarentur.
720 2474 1044 2531 Valentinus
1070 2495 1129 2530 ea
1147 2493 1273 2530 cum
1294 2469 1439 2530 classe
1456 2513 1473 2540 ,
1511 2477 1644 2529 ven-

26 2556 102 2611 tis·
125 2550 244 2613 usus
263 2554 525 2635 prosperis
539 2597 556 2625 ‚
602 2557 950 2635 Hydruntem
975 2557 1259 2634 pervectus
1276 2553 1350 2613 est
1366 2595 1382 2622 ,
1403 2570 1643 2633 quatuor

29 2653 154 2692 ante
169 2637 372 2696 »diebus
403 2660 569 2719 quam
589 2638 906 2697 condictum
924 2637 1191 2696 deditioni
1216 2655 1434 2717 tempus
1453 2639 1641 2700 exiret,

30 2736 361 2799 portumque
378 2724 650 2802 reperiens
667 2719 1054 2778 incustoditum
1075 2765 1088 2785 ‚
1125 2718 1278 2777 facile
1301 2740 1427 2777 eum
1443 2721 1640 2785 tenuit,

4 2834 8 2838 ·
35 2801 412 2880 oppidumque
445 2805 600 2861 nullo
638 2825 762 2860 cum
790 2801 972 2859 labore
1005 2800 1387 2882 ingreffusest.
1439 2803 1640 2879 quippe

10 2881 224 2940 confisi
243 2884 583 2960 pactionibus
600 2885 801 2943 Gotthi
820 2925 838 2950 ‚
874 2906 974 2942 nec
993 2886 1175 2944 medio
1197 2884 1459 2963 temporis
1472 2879 1642 2958 spatio

9 2968 326 3046 >quicquam
354 2969 784 3032 interventurum
802 2966 1153 3047 suspicantes,
1194 2967 1435 3047 neglefiza
1452 2961 1649 3019 obfid'ri

9 3068 14 3073 ’
891 3051 943 3110 Χ
982 3071 1021 3126 4
1504 3063 1624 3100 cura
1634 3081 1652 3113 ,
