1980 3412
405 146 1297 211 ‘P‘RoLEGoMENm
1640 183 1664 239 3

49 223 269 280 Scanz'ia
299 221 608 294 deducunt,
647 244 775 307 puta
791 227 931 287 liber
949 235 1034 289 cui
1069 237 1255 292 titulus
1283 237 1428 316 gesta
1458 241 1671 300 North..

46 326 376 363 mannorum
399 347 415 368 ‚
441 309 612 368 Dudo
632 350 650 377 ,
685 316 739 368 &
761 311 1102 394 Genealogia
1134 317 1338 376 ducum
1361 324 1670 382 Nortman-

43 409 264 449 norum.
323 391 676 450 Wilhelmus
707 412 889 452 autem
939 396 1397 486 Gemmeticenfis
1440 403 1664 485 scriptor

39 467 126 528 hic
141 493 364 552 quoque
383 495 562 532 rerum
581 477 1079 538 Normannicarum
1101 524 1119 551 ,
1150 487 1508 565 Anglicarum
1527 511 1660 547 vero

39 552 292 612 Thomas
336 556 757 637 Walfingamus
794 563 1050 622 Scanzam
1088 566 1313 624 insulam
1354 572 1659 648 appellant:

38 653 205 716 atque
223 638 348 705 inde
367 638 449 695 hic
473 639 723 719 Gotthos
740 683 757 709 ‚
785 645 874 702 ille
893 649 1087 705 Danos
1107 653 1303 708 veniffe
1323 674 1654 711 memorant.

38 721 176 774 Sunt
194 723 288 798 qui
306 720 332 776 ὲ
353 724 536 795 Scania
556 721 661 783 five
682 728 878 784 Sconia
895 769 913 794 ‚
953 732 1085 788 olim
1108 734 1323 792 Suedici
1345 778 1360 803 ‚
1393 757 1540 794 nunc
1561 759 1657 816 pet·

11 798 170 859 bella
204 822 464 883 pacesque
492 808 692 865 Danici
724 812 859 884 juris
895 832 1035 870 terra
1055 855 1071 879 ‚
1109 837 1205 895 per
1234 838 1472 875 errorem
1498 822 1656 878 latius

9 882 310 943 ,extensum
343 907 550 947 nomen
586 908 808 970 putenm
836 916 944 974 ego
966 901 1098 976 quin
1120 919 1240 956 vera
1262 898 1324 958 fit
1346 904 1651 970 lornandiS,

31 968 118 1024 cui
150 987 213 1024 ex
237 970 591 1048 popularibus
625 973 728 1031 suis
749 976 803 1034 id
824 976 970 1036 nosse
999 987 1312 1057 promptius
1344 981 1447 1042 fuit
1467 1027 1484 1053 ‚
1529 983 1656 1043 scri-

26 1067 185 1128 ptura
200 1052 576 1121 nonvdubit03
619 1073 783 1137 atque
802 1060 927 1118 inde
946 1065 1256 1122 emollitum
1287 1069 1525 1127 Scandioe
1544 1090 1654 1125 no-

26 1153 175 1199 men,
196 1154 295 1211 pro
313 1156 424 1214 quo
443 1141 711 1197 Scantiam
729 1139 969 1202 scribunt
986 1146 1348 1207 additamenta
1367 1150 1430 1207 ad
1445 1152 1653 1210 Eduar-

11 1214 158 1273 dum
192 1217 597 1278 Confefforem.
639 1222 934 1303 Originem
971 1233 1218 1287 nominis
1254 1228 1408 1290 facile
1440 1257 1503 1292 ex
1534 1234 1650 1314 ipso

9 1299 291 1356 VIornande
324 1305 568 1381 colligas.
612 1307 738 1383 quia
755 1328 949 1366 omnes
967 1316 1085 1384 ejus
1105 1332 1255 1373 terrae
1291 1320 1481 1394 populi
1502 1321 1652 1375 exci-

27 1376 102 1436 sas
133 1399 294 1459 rupes
331 1386 444 1454 (ita
462 1388 610 1442 enim
625 1386 830 1447 habent
861 1391 1216 1475 Manuscripti
1235 1438 1254 1465 ,
1291 1419 1408 1454 non
1439 1399 1646 1473 exesas)

24 1481 125 1541 pro
147 1461 366 1520 castellis
381 1464 654 1525 habebant
670 1511 687 1538 ‚
705 1492 875 1551 eaque
893 1473 999 1552 ipsa
1019 1482 1364 1538 munimenta
1378 1483 1645 1541 Scantzen

8 1541 225 1601 dixere.
265 1564 391 1603 nam
424 1553 480 1606 δε
502 1570 666 1629 quem
700 1552 891 1633 egressi
926 1577 990 1614 ex
1010 1563 1177 1636 patria
1196 1557 1287 1617 sua
1307 1563 1513 1620 Gotthi
1532 1568 1644 1643 pri-

19 1646 174 1683 mum
192 1626 429 1687 insedere
448 1632 634 1689 locum
669 1639 757 1706 (ea
774 1656 955 1695 autem
976 1638 1052 1696 est
1067 1645 1123 1698 ni
1140 1638 1298 1700 fallor
1321 1644 1644 1716 Gotlandia‚

16 1706 184 1766 insula
202 1709 381 1789 &ipsa
400 1713 611 1772 Suedici
630 1719 763 1775 olim
779 1723 951 1795 juris)
985 1744 1111 1783 eum
1133 1723 1201 1781 ab
1215 1725 1405 1785 eadem
1429 1732 1645 1788 immu-

15 1793 227 1850 nitione
261 1793 722 1857 Gothiscandzam
758 1803 1047 1874 dixerunt,
1087 1826 1149 1866 ut
1179 1829 1360 1889 aperte
1389 1824 1461 1869 'ex
1483 1832 1644 1870 vetu-

17 1872 235 1933 stiffima
251 1873 392 1936 fama
428 1901 699 1941 memorat
722 1885 868 1945 idem
896 1891 1209 1949 lornandes.
1253 1898 1309 1950 ὃς
1341 1892 1478 1952 hanc
1496 1913 1637 1974 puto

19 1976 136 2013 eam
157 1955 254 2015 esse
273 1959 503 2020 Insulam
526 2004 544 2030 ‚
565 1986 729 2039 quam
751 1970 1049 2029 Bremenfis
1070 1978 1142 2030 ait
1160 1974 1422 2034 altissimis
1438 1977 1637 2057 scopu-

7 2039 75 2096 'lis
91 2037 250 2097 instar
266 2045 454 2123 oppidi
488 2044 587 2105 effe
611 2054 901 2109 munitam.
937 2076 1004 2112 ex
1040 2058 1262 2115 Scandia
1279 2076 1461 2118 autem
1481 2061 1636 2119 addi-

11 2137 72 2178 to
94 2142 161 2180 au
191 2125 465 2189 vocabulo
498 2132 651 2210 quod
685 2152 880 2192 terram
917 2135 1181 2217 significat
1228 2147 1318 2216 (ut
1337 2141 1637 2204 ostendunt
1663 2160 1682 2182 ⁵

10 2203 213 2264 Morau
230 2247 248 2275 ,
271 2212 438 2268 Batau
460 2253 476 2279 ‚
496 2213 689 2273 Naffau
707 2257 723 2283 ‚
745 2219 918 2276 Velau
935 2260 954 2286 ,
989 2222 1196 2302 aliaque
1218 2222 1432 2283 infinita
1451 2231 1632 2284 nomi-

8 2291 115 2359 na)
143 2285 350 2348 fastum
387 2292 477 2351 est·
497 2298 858 2360 Scandinaviae
890 2304 1252 2374 vocabulum,
1296 2308 1361 2366 ad
1394 2311 1628 2369 modum

8 2373 247 2430 nominis
271 2377 499 2435 Bataviae
523 2376 904 2464 similiumque.
950 2390 1244 2465 quomodo
1267 2397 1321 2447 δε
1344 2392 1628 2451 Austravia

8 2451 185 2511 Plinio
205 2496 222 2523 ‚
255 2456 310 2514 id
328 2457 403 2516 est
426 2460 696 2522 Oosterau
717 2507 734 2534 ‚
768 2485 908 2525 terra
943 2470 1240 2530 Orientalis
1272 2496 1334 2532 ea
1364 2475 1438 2532 est
1458 2498 1623 2556 quam
1650 2487 1671 2510 ⁹

9 2555 148 2594 nunc
162 2534 445 2600 Estoniam
461 2543 692 2605 dicimus
711 2589 729 2617 ‚
747 2558 1198 2628 pronuntiatione
1215 2557 1280 2614 ad
1297 2560 1622 2624 Saxonicam

9 2621 229 2697 propius
261 2624 545 2685 accedente
575 2649 636 2688 ut
668 2645 799 2690 mox'
837 2633 1062 2700 dicetur.
1109 2660 1234 2696 nam
1255 2642 1481 2699 eandem
1518 2639 1621 2701 esst·
1671 2635 1963 2741 [agust-avila·-

10 2700 344 2764 Austraviam
362 2709 556 2780 Plinii,
593 2732 712 2793 quae
731 2736 876 2774 nunc
894 2758 911 2785 ‚
947 2738 1007 2787 ut
1025 2722 1132 2779 dixi
1151 2763 1168 2789 ‚
1188 2721 1410 2781 Estonia
1427 2765 1444 2792 ‚
1482 2727 1617 2782 olim

10 2780 446 2850 Estiorutnterra
473 2837 489 2859 ‚
539 2794 786 2857 dubitare
813 2821 916 2857 nos
948 2824 1066 2861 non
1100 2799 1302 2883 patitur
1335 2805 1614 2865 succinum

11 2862 347 2950 [glesumiPfi
362 2876 495 2933 olim
520 2872 815 2956 vocabant)
848 2886 999 2963 quod
1018 2889 1076 2944 in
1100 2887 1512 2969 Austravialegi
1532 2889 1618 2955 di*
1694 2896 1728 2966 'S'

0 2952 77 3035 :cit
97 2950 304 3034 {liuius
320 2995 339 3030 ,
374 2959 514 3039 apud
541 2960 720 3024 Estios
737 2968 964 3029 Tacitus
983 2974 1036 3027 &
1056 2970 1151 3053 ipsi
1171 2970 1302 3034 Estii
1322 2977 1375 3033 in
1396 2970 1628 3113 epistole}i

0 3067 1 3078 ³
910 3072 941 3108 a
986 3073 1016 3110 ..ἶ
1562 3074 1589 3111 3
