1888 3428
368 178 448 255 ‘90
727 239 730 241 ,
782 171 832 230 Ε
910 166 964 230 ι’
1025 189 1064 229 ο
1143 189 1182 227 G
1257 187 1303 227 1«
1363 189 1421 228 A.

366 258 471 317 fint
489 274 730 337 unquam
745 294 762 323 ‚
796 271 889 313 aut
907 252 1024 325 fieri
1056 251 1271 333 publica
1287 250 1604 332 impunitate
1623 250 1879 329 licueritlz¹

366 340 601 420 denique
621 359 688 396 ne
701 339 922 420 longius
935 335 1034 394 hac
1063 335 1130 394 de
1149 355 1204 392 re
1221 335 1495 416 ambigere
1512 352 1605 392 aut
1632 334 1883 395 investi-2

365 443 492 504 gare
509 417 710 479 neceffe
725 417 785 483 fit
799 461 816 488 ,
858 417 1000 499 ipsos
1015 418 1139 476 illos
1154 415 1352 477 Africae
1370 415 1657 477 vastatores
1675 414 1852 477 Afro-
1880 439 1882 442 ⁴

364 525 491 563 rum
521 503 735 583 populis
764 522 1164 581 comparemus,
1204 500 1502 560 Videamus
1525 500 1656 580 quid
1689 499 1878 560 simile*

364 585 394 646 ὲ
424 586 725 646 Wandalis
757 581 962 641 fafimm
997 582 1074 642 fit.
1119 590 1176 642 &
1205 590 1349 641 certe
1370 582 1590 640 'barbari
1621 583 1860 641 elatione

363 668 595 736 tumidi,
613 668 838 725 νὶἑὶοϊίει
854 663 1063 747 superbi
1083 707 1101 734 ‚
1141 663 1446 726 delitiarum
1464 686 1523 723 ac
1549 664 1858 724 divitiarum

346 749 642 811 ‘affluentia
666 747 900 807 dissoluti
930 771 945 805 t
992 752 1087 829 qui
1119 746 1370 830 profecSto
1391 789 1409 816 ,
1448 746 1652 805 etiamfi
1682 750 1862 806 conti-

365 831 662 891 nentiffimi
692 838 745 890 &
765 829 1030 890 castiffimi
1049 829 1256 911 semper
1278 828 1527 898 fuissent,
1563 832 1862 890 mutarita-

367 936 498 973 men
532 935 655 973 cum
686 931 834 972 tanta
873 935 1051 981 rerum
1086 912 1572 972 obsecundantium
1594 910 1861 971 felicitate

367 1015 665 1078 potuerunt
688 1019 702 1054 ε
729 994 946 1077 ingressi
976 994 1202 1066 scilicet,
1241 1014 1301 1054 ut
1333 997 1529 1054 divinis
1554 997 1717 1053 literis
1736 996 1863 1052 scri-

369 1098 526 1158 ptum
556 1077 630 1136 est
651 1121 666 1148 ‚
704 1096 898 1135 terram
929 1078 1066 1136 laete
1102 1085 1157 1140 δι’
1191 1079 1349 1136 melle
1380 1094 1695 1136 manantem
1715 1117 1731 1143 ,
1767 1074 1882 1137 far-⁸

369 1161 598 1219 cundam
615 1205 629 1226 ,
650 1157 1140 1239 opulentissimam,
1157 1163 1410 1219 omnium
1427 1160 1742 1218 deliciarum
1762 1177 1866 1223 co-r*

350 1245 470 1322 *piis
504 1242 658 1323 quafi’
683 1241 924 1299 ebriam:
959 1246 1016 1298 in
1050 1264 1155 1322 qua
1186 1247 1376 1322 utique
1415 1245 1640 1299 minime
1661 1245 1888 1299 mirum:

365 1323 541 1383 fuerat
558 1365 575 1391 ‚
596 1323 633 1380 s1
650 1320 951 1381 luxuriaffet
967 1345 1101 1403 gens
1118 1323 1339 1381 barbara
1353 1363 1371 1390 ,
1402 1322 1498 1379 ubi
1517 1321 1702 1393 similis
1717 1334 1864 1402 quo-2-

366 1405 669 1464 dammodo
686 1408 976 1462 luxurianti
996 1423 1106 1463 erat
1124 1402 1230 1485 ipsa
1245 1421 1448 1462 natura.
1481 1401 1741 1482 ingressos
1753 1404 1865 1465 haec

365 1488 485 1546 loca
510 1485 830 1548 Wandalos
850 1490 970 1565 quis
1002 1508 1116 1545 non
1134 1504 1290 1567 putet
1306 1527 1324 1555 ‚
1355 1489 1512 1543 omni
1528 1486 1578 1544 se
1601 1478 1884 1546 vitiorum*

365 1588 528 1647 atque
558 1571 933 1647 impuritatum
965 1588 1125 1626 coeno
1162 1566 1502 1636 immersisse,
1535 1587 1626 1626 aut
1646 1610 1664 1636 ,
1695 1587 1759 1626 ut
1781 1570 1874 1630 le-.

365 1648 574 1709 niffime
596 1650 767 1708 dicam
798 1691 815 1718 ,
842 1648 1024 1709 saltem
1055 1651 1142 1707 illa
1158 1647 1330 1707 feciffe
1356 1671 1476 1727 quae
1511 1650 1579 1708 ab
1606 1647 1756 1709 Afris
1767 1657 1862 1728 ju·-

367 1736 510 1814 giter
527 1730 666 1789 faffi'ca
685 1728 897 1789 fuerant
913 1771 930 1797 ‚
966 1735 1022 1788 in
1041 1752 1278 1811 quorum
1286 1738 1406 1808 jura
1426 1734 1761 1813 migrarant?
1805 1739 1877 1796 δε.

369 1833 511 1877 certe
530 1815 606 1871 ob
638 1834 696 1870 ea
724 1831 938 1871 tantum
972 1812 1419 1871 continentiffimi
1448 1835 1508 1871 ac
1541 1813 1878 1874 modestiffi-'

370 1902 442 1956 mi
464 1895 735 1971 judicandi
753 1915 933 1962 erant,
965 1917 1240 1975 quosnon
1268 1892 1471 1954 feciffet
1496 1902 1888 1978 corruptiores«

367 1978 474 2058 ipsa
493 1976 735 2036 felicitas·
781 1997 984 2058 quotus
1004 1981 1147 2049 enim
1168 1976 1390 2058 quisque
1421 1977 1742 2059 sapientium
1761 1980 1862 2049 ests
1884 2028 1886 2042 .

368 2083 535 2141 quem
557 2058 782 2117 secunda
813 2081 926 2118 non
959 2062 1173 2118 mutent
1194 2102 1209 2129 ‚
1258 2064 1343 2117 cui
1374 2082 1488 2118 non
1508 2060 1701 2119 crescat
1731 2083 1858 2120 cum
1883 2091 1887 2117 ι

368 2143 712 2223 prosperitate
747 2141 1041 2201 vitiofitaa?
1086 2164 1142 2199 ac
1175 2163 1270 2222 per
1305 2142 1411 2199 hoc
1442 2143 1886 2224 temperantiffim

325 2243 336 2255 ·
370 2247 493 2282 moa
509 2222 660 2281 fuisse
679 2222 999 2282 Wandalos
1019 2224 1091 2281 est
1112 2244 1318 2283 certum
1339 2265 1357 2294 ‚
1389 2223 1426 2282 fi
1448 2228 1629 2306 quales
1648 2229 1720 2285 illi
1736 2225 1888 2284 fue—³·

368 2326 495 2365 runt
515 2348 532 2374 ,
569 2310 660 2385 qui
679 2311 816 2386 capti
836 2327 893 2363 ac
908 2305 1172 2386 subjugati
1196 2306 1316 2365 sunt
1335 2352 1350 2373 ,
1383 2308 1515 2366 tales
1543 2309 1620 2366 illi
1644 2306 1886 2367 fuiffent;

368 2391 622 2465 νίἃοτες.
664 2392 828 2468 igitur
847 2392 901 2445 in
923 2408 1068 2447 tanta
1086 2388 1356 2449 affluentia
1381 2411 1561 2449 rerum
1592 2408 1752 2469 atque
1770 2394 1860 2448 lu·-

368 2475 519 2529 xuria,
538 2499 567 2538 2*
589 2472 766 2528 nullus
786 2492 979 2536 eorum
1000 2475 1178 2530 mollis
1197 2470 1419 2530 effeetus
1448 2472 1542 2530 est.
1587 2471 1858 2552 numquid
1882 2486 1885 2525 ὲ

368 2573 558 2631 parum
581 2552 823 2612 videtur?
865 2553 953 2612 sed
981 2553 1311 2612 familiariter
1339 2558 1501 2613 etiam
1520 2555 1628 2613 hoc
1645 2554 1859 2612 nobiles
1882 2590 1885 2607 »

366 2632 539 2693 fecere
560 2637 815 2693 Romani.
835 2633 922 2695 sed
940 2638 1070 2716 quid
1089 2638 1258 2694 adbuc
1274 2636 1412 2695 addo
1431 2644 1452 2697 ?
1483 2642 1540 2696 in
1560 2638 1660 2695 illis
1678 2637 1870 2716 nullus*

367 2718 454 2777 vel
487 2720 583 2795 qui
614 2718 997 2776 Romanorum
1017 2762 1035 2788 ‚
1069 2721 1176 2777 illic
1207 2720 1454 2777 mollium
1475 2761 1490 2782 ‚
1524 2721 1858 2799 pollueretur

367 2798 593 2856 incestu,
638 2818 776 2856 certe
797 2798 902 2858 hoc
919 2802 1057 2880 apud
1091 2803 1375 2860 Romanos
1388 2809 1498 2878 jam
1519 2802 1726 2882 pridem
1753 2801 1856 2858 tale

369 2879 731 2939 existimatum
768 2879 877 2949 est,
929 2902 988 2941 ut
1023 2888 1190 2941 virtus
1227 2886 1410 2961 potius
1445 2902 1720 2963 putaretur
1751 2880 1854 2939 effe

370 2984 533 3044 quam
556 2968 745 3027 vitium
769 2987 783 3022 ε
827 2966 974 3024 &illi
1004 2965 1053 3025 se
1073 2968 1242 3048 magis
1267 2965 1470 3027 viribus
1489 2965 1738 3047 praeditos
1755 2960 1855 3022 effe

1685 3045 1882 3124 crede„

1789 3233 1888 3277 ‘l

1828 3280 1888 3328 xl

1886 3380 1888 3428 Ι
