1931 3428
312 157 432 243 824
650 169 757 227 DE·
799 169 1079 229 GEs’rrs
1120 170 1619 234 LANeossAm4

728 323 779 379 C
862 343 897 379 A
977 343 1032 380 P.
1151 327 1476 388 XXXIV.

606 458 679 504 De
695 460 906 506 Zottome
918 453 1078 525 primo
1097 461 1475 513 Beneventorum
1495 457 1635 515 duce.

311 586 517 713 FVit
550 601 728 641 autem
750 589 952 663 primus
984 587 1472 668 Langobardorum
1512 595 1619 652 dux
1656 597 1710 652 in
1745 599 1920 668 Bene-7

415 684 584 724 vento
608 670 837 724 'nomine
859 675 1025 727 Zotto
1046 711 1062 736 ,
1097 677 1189 751 qui
1220 677 1276 730 in
1295 697 1353 731 ea
1371 680 1696 758 principatus
1715 676 1788 736 est
1825 700 1931 759 per÷

312 751 569 808 curricula
585 751 777 830 viginti
797 773 1085 810 annorum.

767 904 818 960 C
898 926 934 962 A
1013 924 1067 962 Ρ.
1177 911 1460 969 XXXV.

390 1028 641 1106 Qomodo
660 1030 866 1085 Anthari
895 1042 995 1088 Rex
1014 1035 1190 1108 legatos
1205 1036 1272 1090 ad
1289 1047 1654 1097 Guntramnnm
1681 1038 1829 1115 mfit.
1907 1035 1911 1040 ⁶

776 1113 839 1174 ἔγ
863 1113 918 1168 de
934 1116 1030 1191 ejus
1052 1118 1264 1172 mirabili
1283 1119 1471 1195 vifione.
1663 1134 1671 1137 '⁷

300 1249 591 1388 INterea
625 1246 856 1305 Authari
891 1269 980 1306 rex
1002 1253 1330 1329 legationem
1365 1254 1538 1315 verbis
1572 1259 1809 1337 pacificis
1850 1263 1927 1321 ad·

391 1330 805 1387 Guntramnum
827 1352 1010 1410 regem
1045 1336 1373 1394 Francorum
1396 1379 1411 1399 ,
1442 1359 1697 1418 patruum
1722 1341 1916 1403 scilicet

302 1409 642 1469 Childeberti
661 1414 830 1491 regiS,
855 1414 1132 1474 direxerat.
1171 1417 1509 1500 aquolegati
1530 1425 1691 1481 iidem
1710 1430 1922 1499 jocun-

297 1493 366 1550 de
385 1490 644 1571 suscepti,
673 1493 757 1551 sed
774 1495 838 1553 ad
860 1495 1268 1558 Childebertum
1290 1543 1306 1569 ‚
1341 1508 1433 1581 qui
1466 1510 1512 1562 ei
1534 1527 1706 1585 nepos
1724 1529 1789 1565 ex
1809 1506 1927 1566 fra-1-

298 1591 381 1631 tre
401 1595 541 1642 erat,
576 1578 761 1633 direffi
781 1577 900 1635 sunt
919 1620 933 1639 ‚
975 1598 1142 1661 utp'er
1162 1590 1277 1659 ejus
1298 1604 1491 1644 nutum
1525 1589 1623 1667 pax
1642 1611 1764 1646 cum
1780 1612 1909 1670 gen-

294 1674 352 1713 te
370 1657 862 1737 Langobardorum
884 1661 1204 1721 firmaretur.
1244 1669 1371 1724 Erat
1386 1688 1566 1727 autem
1601 1673 1911 1730 Guntram'-

293 1759 400 1797 nus
418 1739 512 1796 iste
530 1781 546 1805 ,
569 1741 633 1797 de
652 1763 764 1820 quo
787 1743 1020 1803 diximus
1036 1788 1051 1813 ‚
1078 1769 1165 1804 rex
1188 1747 1439 1825 pacificus
1456 1792 1474 1816 ‚
1496 1760 1549 1810 δε
1571 1760 1724 1811 omni
1747 1753 1926 1812 boni-·

292 1838 405 1878 tate
420 1821 759 1902 conspicuus.
806 1828 980 1903 Cujus
997 1851 1164 1886 unum
1185 1828 1413 1893 fatffum,
1438 1832 1554 1891 satis
1576 1837 1905 1907 admirabile,

288 1902 429 1971 libet
447 1926 548 1962 nos
566 1904 691 1962 huic
712 1907 903 1966 nostrae
926 1910 1151 1969 historiae
1171 1913 1401 1971 breviter
1421 1916 1669 1986 inserere,
1688 1917 1911 1997 praeser'ss

287 1987 393 2041 tim
415 2008 542 2043 cum
577 1988 683 2044 hoc
714 1991 1042 2048 Francorum
1079 1993 1293 2051 historia
1330 2002 1644 2057 noverimus
1674 2005 1907 2067 minime

286 2070 577 2125 contineri.
621 2074 668 2124 Is
688 2064 809 2127 cum
831 2091 1083 2129 venatum
1111 2082 1348 2154 quodam
1370 2096 1612 2157 tempore
1633 2085 1688 2137 in
1719 2082 1904 2141 silvam

285 2147 426 2217 isset,
444 2155 498 2207 &
514 2191 531 2217 ,
552 2169 611 2208 ut
626 2149 755 2209 solet
774 2153 920 2223 fieri,
941 2154 1035 2212 hac
1050 2157 1275 2237 illacque
1295 2159 1711 2225 discurrentibus
1729 2163 1902 2235 sociis,

283 2230 396 2311 ipse
415 2252 539 2289 curn
568 2255 680 2289 uno
703 2233 1007 2293 fidelissimo
1028 2257 1235 2296 tanturn
1257 2241 1351 2298 suo
1387 2243 1735 2308 remansisset,
1773 2271 1900 2327 gra-

283 2311 502 2378 vissimo
523 2313 717 2372 somno
750 2316 1015 2396 depressus
1033 2360 1050 2387 ,
1079 2342 1239 2401 caput
1256 2327 1309 2379 in
1329 2326 1559 2404 genibus
1580 2328 1812 2404 ejusdem
1834 2329 1898 2392 fi,-

283 2394 416 2452 delis
435 2394 513 2453 sui
531 2399 791 2455 reclinans
814 2440 829 2460 ,
859 2399 1213 2462 obdormivit.
1264 2408 1351 2463 De
1386 2414 1536 2484 cujus
1556 2432 1648 2468 ore
1665 2433 1894 2489 parvum

281 2480 513 2546 animal,
534 2483 589 2536 in
606 2480 834 2537 modum
859 2485 1061 2562 reptilis
1081 2484 1342 2564 egressum
1362 2532 1375 2552 ,
1415 2490 1635 2549 tenuem
1657 2497 1892 2554 rivulum
1918 2550 1927 2554 ,

276 2578 506 2637 propter
525 2556 817 2619 discurrens
839 2604 855 2630 ,
891 2583 950 2620 ut
984 2567 1198 2625 transire
1221 2570 1388 2646 poffet
1407 2613 1422 2638 ‚
1454 2571 1684 2654 satagere
1705 2581 1889 2655 coepit.
1916 2572 1921 2575 ’

280 2641 448 2697 Tunc
466 2642 630 2700 isdem
649 2647 704 2700 in
723 2651 873 2720 cujus
891 2652 1104 2725 gremio
1125 2649 1425 2727 quiescebat
1439 2695 1453 2719 ‚
1485 2653 1722 2732 spatham
1741 2657 1919 2717 suam}

275 2725 471 2801 vagina
492 2744 759 2782 exemtam
783 2768 800 2793 ,
828 2725 979 2804 super
1010 2732 1242 2789 eundern
1282 2737 1512 2793 rivulum
1546 2737 1756 2817 posuit,
1797 2740 1887 2799 su-
1921 2785 1926 2790 ι

275 2824 368 2884 per
402 2826 566 2882 quam
601 2808 731 2864 illud
768 2812 987 2886 reptile,
1027 2812 1092 2869 de
1125 2834 1238 2891 quo
1274 2816 1542 2886 diximm,
1578 2821 1642 2878 ad
1673 2840 1882 2900 partem

272 2882 824 2945 :aliamtransmeavit⁰
872 2893 1044 2967 Qod
1080 2914 1202 2951 cum
1239 2918 1351 2953 non
1389 2901 1552 2979 longe
1584 2905 1778 2961 exinde
1823 2909 1881 2962 in
1914 2939 1915 2942 ¹

270 2968 545 3050 quoddam
575 2967 1066 3032 foramenmontis
1102 2980 1391 3060 ingressum
1425 2979 1632 3051 fuiffet‚
1672 2992 1725 3042 &
1756 2987 1877 3062 post

1635 3068 1876 3148 aliquan-
