1888 3428
284 156 419 213 DE
499 115 1300 220 R'22.Gsw1c1s.3
1518 158 1655 237 535.

440 288 499 353 C
604 312 651 354 A
751 309 807 352 Ρ..
951 307 1193 351 xv11.

43 431 259 512 fastida,
282 429 576 508 Gepidarum
591 425 1007 504 rex,‘0strogothae
1026 427 1294 483 Gothorum
1310 428 1412 503 regi
1430 428 1604 498 bellum

2 560 7 564 -
65 583 67 585 ,
130 516 319 593 infi’rt,
360 515 506 573 Gothi
525 516 726 571 vietores
743 511 976 570 evadunt.
1024 519 1148 564 Item
1165 511 1221 563 de
1237 515 1523 587 cognatione

392 600 528 655 inter
531 596 587 673 se
603 596 873 660 Gothorum
890 594 955 665 <²5-
973 593 1295 669 Gepidarum.

16 739 135 865 Α
151 734 327 809 Bhinc
358 758 491 815 ergo
526 777 546 804 ,
594 752 656 794 ut
692 731 1007 800 dicebamus
1026 772 1041 794 2
1078 729 1198 812 post
1237 733 1463 812 longam
1500 733 1645 793 obsi-

42 820 43 823 ’
153 818 377 877 dionem
399 835 622 896 accepto
649 821 872 897 praemio
894 816 1095 874 ditatus
1117 814 1263 877 Geta
1280 856 1299 883 ,
1337 813 1544 873 receffit
1579 820 1645 878 ad

12 904 278 979 patriam:
312 923 477 982 quern
506 901 848 979 Gepidar-um
868 921 1094 957 cernens
1113 901 1264 956 natio
1298 895 1483 956 subito
1519 900 1645 976 ubi-

11 1002 120 1063 que
140 988 444 1041 vincentem
465 1026 481 1051 ‚
500 982 794 1064 praedisque
813 982 1045 1041 ditatum
1063 1027 1078 1049 ‚
1100 983 1301 1040 invidia
1315 980 1511 1039 duetus
1530 1023 1546 1050 ‚
1566 1005 1648 1042 ar-

11 1085 100 1122 ma
119 1069 174 1123 in
196 1086 441 1145 parentes
456 1084 664 1124 movet.
716 1066 1033 1132 Quomodo
1054 1064 1183 1124 vero
1201 1065 1359 1122 Getae
1381 1064 1645 1143 Gepidae-

9 1170 118 1227 que
140 1147 237 1209 [int
256 1168 501 1227 parentes
535 1149 570 1207 [i
607 1154 799 1229 quaeris
823 1192 840 1216 ,
877 1152 1058 1227 paucis
1088 1148 1384 1206 absolvam.
1429 1148 1641 1206 Memi-

9 1228 138 1288 niffe
157 1232 322 1289 debes
340 1274 358 1301 ,
392 1248 479 1290 me
496 1233 657 1291 initio
692 1232 758 1289 de
794 1234 1025 1289 Scanziae
1063 1229 1240 1289 insulae
1259 1233 1473 1310 gremio
1509 1231 1643 1288 Go-

7 1311 137 1370 thos
156 1312 337 1372 dixisse
356 1310 586 1393 egressos
604 1319 729 1372 cum
750 1312 941 1379 Berich
958 1310 1053 1371 suo
1069 1334 1217 1394 rege,
1233 1312 1406 1369 tribus
1425 1310 1651 1376 tantum-

11 1396 243 1453 navibus
277 1399 466 1455 vthos
504 1397 568 1455 ad
603 1399 868 1454 citerioris
906 1397 1118 1453 Oceani
1158 1399 1366 1474 ripam3
1407 1417 1641 1474 quarum

9 1475 175 1536 trium
197 1500 302 1536 una
320 1485 472 1539 navis
492 1522 509 1550 ,
541 1498 602 1536 ut
619 1478 803 1536 assolet
822 1520 837 1546 ‚
855 1478 1058 1535 tardius
1073 1479 1227 1535 vetita
1246 1519 1262 1545 ‚
1283 1498 1489 1534 nomen
1507 1500 1648 1559 gen-

12 1564 55 1627 ti
73 1558 244 1618 fertur
262 1561 472 1620 dedisse.
520 1583 645 1619 nam
675 1564 861 1639 lingua
879 1582 1072 1617 eorum
1109 1564 1261 1638 pigra
1287 1562 1544 1639 Gepanta
1561 1561 1652 1625 di-⁴

12 1646 171 1701 citur.
212 1646 362 1701 Hinc
377 1642 585 1700 facturn
607 1642 681 1700 est
695 1681 711 1707 ‚
733 1662 793 1699 ut
811 1646 1064 1721 paulatim
1084 1648 1138 1697 &
1157 1643 1412 1720 corrupte
1429 1664 1643 1702 nomen

13 1729 89 1786 eis
109 1748 173 1782 ex
190 1729 435 1783 convitio
457 1724 779 1784 nasceretur.
823 1725 1052 1803 Gepidae
1076 1745 1312 1803 namque
1332 1723 1440 1781 sine
1459 1724 1638 1784 dubio

12 1830 77 1866 ex
98 1809 424 1866 Gothorum
441 1806 683 1889 prosapia
698 1807 905 1864 ducunt
924 1809 1197 1885 originem
1222 1828 1236 1865 z
1265 1805 1354 1863 sed
1372 1809 1497 1885 quia
1517 1848 1533 1872 ,
1577 1827 1640 1866 ut

14 1892 123 1950 dixi
145 1932 159 1953 ‚
194 1893 451 1970 Gepanta
472 1895 689 1970 pigrum
710 1888 912 1968 aliquid
932 1889 1257 1966 tardumque
1294 1888 1466 1970 fignat
1488 1931 1505 1957 ,
1537 1905 1644 1968 pro'

13 1976 256 2055 gratuito
272 1977 523 2032 convicio
539 1973 882 2051 Gepidarum
898 1993 1106 2029 nomen
1122 1989 1374 2029 exortum
1393 1970 1645 2053 est.quod

17 2056 309 2135 necipsum
338 2059 500 2114 credo
540 2054 892 2113 falfiffimum.
941 2059 1080 2112 Sunt
1109 2059 1254 2112 enim
1277 2055 1528 2113 tardioris
1553 2061 1644 2113 in-

16 2143 197 2219 genii,
227 2143 503 2219 graviores
521 2159 821 2217 corporum
860 2138 1162 2194 velocitate.
1207 2140 1286 2193 Hi
1307 2158 1440 2218 ergo
1462 2139 1644 2217 Gepi-

17 2221 96 2279 dae
115 2223 241 2279 taffti
262 2221 496 2289 invidia,
533 2221 743 2278 dudum
778 2217 949 2298 spreta
981 2223 1292 2299 provincia,
1328 2241 1642 2278 commane-

16 2302 150 2367 bant
168 2309 221 2361 in
242 2302 411 2361 insula
426 2301 614 2363 Visclae
636 2306 807 2361 amnis
823 2303 972 2362 vadis
988 2304 1329 2368 circumacta,
1348 2325 1514 2383 quam
1539 2321 1640 2382 pro'

20 2391 197 2466 patrio
216 2385 464 2444 sermone
483 2385 735 2445 dicebant
757 2385 1046 2465 Gepid0s5
1075 2387 1240 2443 Nunc
1261 2407 1378 2442 eam
1398 2428 1414 2453 ‚
1453 2405 1512 2443 ut
1530 2384 1643 2446 fer-

22 2487 146 2538 tur,
177 2470 402 2528 insulam
429 2489 562 2550 gens
599 2468 874 2526 Vividaria
904 2471 1126 2529 incolit,
1159 2466 1282 2548 ipsis
1309 2469 1372 2526 ad
1393 2469 1643 2526 meli'ores

21 2570 187 2618 terras
207 2553 529 2610 meantibus.
580 2556 694 2619 Qui
728 2551 985 2613 Vividarii
1005 2573 1068 2608 ex
1089 2550 1305 2609 diverfis
1328 2550 1642 2608 nationibus

23 2633 124 2693 acfi
160 2640 215 2693 in
250 2657 424 2693 unum
460 2634 660 2714 asylum
697 2634 908 2692 collecti
943 2633 1064 2704 sunt
1086 2675 1101 2700 ‚
1138 2639 1194 2691 δε
1227 2652 1446 2712 gentem
1468 2630 1644 2699 feciffe

25 2716 336 2775 noscuntur.
383 2719 533 2797 Ergo
559 2722 660 2791 (ut
678 2717 1031 2790 dicebamus)
1069 2716 1409 2796 Gepidarum
1431 2736 1520 2772 rex
1545 2718 1646 2771 Fa·-

24 2797 159 2856 stida
179 2842 196 2868 ‚
229 2804 321 2880 qui
340 2805 500 2859 etiam
519 2821 741 2880 gentem
772 2804 1008 2863 excitans
1025 2842 1042 2869 ‚
1075 2802 1277 2878 patrios
1294 2796 1428 2855 fines
1459 2818 1551 2877 per
1570 2818 1647 2854 ar-

28 2902 117 2939 ma
137 2882 374 2946 dilatavit
401 2893 422 2952 ,’
471 2886 893 2965 Burgundiones
927 2882 1065 2963 pene
1103 2881 1268 2961 usque
1310 2881 1373 2939 ad
1408 2884 1647 2936 interne-

27 2968 246 3032 cionem
265 2966 496 3035 delevit,
531 2969 761 3053 aliasque-
791 2969 1075 3026 nonnullas
1106 2982 1297 3044 gentes
1317 2961 1648 3098 perdgmgit.

15 3072 19 3079 ¹
1487 3059 1544 3098 ot
1588 3061 1651 3103 os
