1888 3428
6 237 9 251 Ι
444 187 491 244 Ε
572 205 606 242 L
686 205 722 242 o
805 205 842 240 G
925 204 947 240 1
1027 206 1081 241 A·
1137 246 1142 253 ,
1412 203 1516 260 115

6 259 380 329 Christianam
414 271 600 327 volens
629 285 946 323 convertere
983 263 1150 322 fidem
1171 305 1187 330 ‚
1225 284 1426 342 magno
1445 268 1525 321 la-

6 351 236 411 boravit
271 350 486 416 studio,
535 368 596 407 ut
643 350 907 427 templum
962 347 1243 405 [dolorum
1286 346 1522 413 Vbsola‚

6 436 172 514 quod
191 439 244 492 in
266 435 448 491 medio
470 435 712 491 Sueoniae
734 429 890 487 fitum
913 427 1006 495 est,
1028 429 1404 487 destrueretur.
1427 449 1526 483 cu-

5 523 105 592 jus
139 520 502 574 intentionem
535 517 723 595 pagani
745 533 1085 580 metuente5‚
1126 514 1376 590 placitum
1399 531 1524 566 cum

4 600 176 680 Rege
198 598 624 665 constituerunt,
647 614 742 661 ut,
764 594 800 652 s1
819 593 923 673 ipse
945 594 1284 652 Christianus
1301 589 1400 649 effe
1419 593 1525 649 vel-

21 684 130 749 let,
165 685 428 762 optimam
468 679 670 737 Suediae
707 682 990 758 regionem
1031 698 1196 755 quam
1230 677 1389 733 vellet
1424 675 1522 739 suo

4 767 132 833 jure
151 781 385 829 teneret,
429 770 485 822 in
521 784 629 842 qua
662 758 929 818 ecclesiam
966 767 1019 817 &
1061 758 1522 816 Christianitatem

20 844 346 902 constituens
379 887 396 913 ‚
452 847 656 902 nemini
688 844 753 901 de
792 848 996 923 populo
1033 847 1142 900 vim
1178 839 1462 899 recedendi
1496 836 1524 894 Ξῑ

21 930 222 986 cultura
256 929 507 986 Deorum
543 926 797 990 inferret,
837 926 931 984 nifi
951 929 1044 1005 qui
1066 926 1256 1005 sponte
1275 926 1339 982 ad
1360 921 1530 979 Chri-

21 1011 163 1070 stum
181 1013 340 1070 vellet
358 1013 621 1069 converti.
665 1008 975 1083 hujusmodi
1009 1030 1098 1066 rex
1141 1012 1338 1088 placito
1374 1007 1526 1085 gavi-

2 1093 298 1162 Γυς,”ηιο>ζ
328 1099 383 1151 in
422 1093 760 1150 Occidentali
803 1093 1041 1150 Gotthia
1061 1112 1176 1170 quae
1198 1095 1371 1149 Danis
1389 1108 1521 1167 pro·-

2 1172 161 1234 >kima
180 1175 254 1233 est
290 1177 374 1234 vel
407 1172 819 1244 Nordman11is‚
851 1173 1121 1233 ecclefiarn
1160 1179 1288 1233 Deo
1313 1174 1524 1232 sedem-

0 1261 124 1337 [wque
158 1256 404 1316 fundavit
437 1256 812 1336 episcopalem.
854 1257 963 1315 haec
983 1256 1055 1314 est
1074 1263 1255 1317 civitas
1277 1261 1523 1318 Scarane,

20 1344 272 1407 maxima,
294 1344 349 1397 in
369 1361 476 1418 qua
493 1357 707 1418 petente
727 1339 1173 1398 Christianiffimo
1194 1363 1318 1422 rege
1336 1340 1522 1420 Olaph

2 1426 225 1502 -primus
249 1422 314 1479 ab
333 1426 598 1480 anvano
617 1420 1040 1502 Archiepiscopo
1058 1422 1319 1503 Thurgot
1339 1423 1410 1481 est
1426 1444 1522 1480 or-

0 1588 164 1663 ·{suam
199 1607 363 1665 agens
398 1626 414 1646 ,
464 1585 601 1642 duos
637 1585 1233 1644 nobiles'Gotthorum
1282 1589 1521 1667 populos

2 1668 239 1742 Christo
260 1666 356 1725 suo
376 1667 607 1723 lucratus
625 1666 700 1722 est
717 1667 917 1724 labore.
949 1688 1041 1746 per
1059 1670 1210 1724 illum
1234 1691 1366 1749 ergo
1385 1668 1524 1748 epis-

0 1761 218 1831 [copum
237 1770 327 1807 rex
365 1747 1269 1828 Olaphingentia'metropolitano
1302 1755 1522 1812 VnWa-

0 1835 92 1912 mo‘
111 1834 301 1892 direxit
320 1852 564 1888 munera.
608 1850 856 1910 praeterea
886 1832 1187 1891 duosidem
1222 1850 1312 1892 rex
1345 1831 1521 1892 fertur

20 1914 254 1974 habuiffe
281 1912 422 1971 filios
447 1953 464 1980 ‚
497 1935 639 1994 quos
657 1913 850 1970 ambos
878 1936 983 1971 una
1001 1936 1126 1972 curn
1163 1938 1332 1974 uxore
1354 1916 1441 1974 sua
1460 1939 1519 1975 ac

3 2000 227 2078 populo
249 1996 503 2076 baptizari
525 1999 791 2075 praecepit.
836 2018 1074 2075 quorum
1107 2000 1235 2056 alter
1259 2042 1275 2068 ‚
1309 2003 1403 2080 qui
1424 2021 1520 2057 na-

3 2099 106 2141 tus
122 2079 194 2138 est
213 2079 240 2137 ὲ
258 2079 595 2144 concubina,
627 2078 847 2136 Emund
882 2101 1087 2137 nomen
1124 2080 1315 2139 habuit
1336 2124 1351 2149 ,
1390 2084 1521 2141 alter

7 2162 247 2225 Anund,
267 2184 432 2242 quem
453 2183 543 2219 rex
562 2161 589 2218 ἆ
605 2164 845 2242 legitima
865 2168 1055 2242 genuit
1077 2186 1243 2222 uxore
1261 2209 1276 2230 ,
1311 2163 1404 2244 qui
1423 2187 1519 2222 co-

4 2264 324 2325 gnomento
348 2243 472 2302 fidei
493 2251 545 2301 δε
576 2247 758 2322 gratiae
778 2245 951 2302 diffus
974 2244 1315 2305 estlacobuS.
1357 2253 1519 2306 Iuve«

1 2330 101 2385 nis
119 2327 338 2407 quidem
356 2345 506 2386 aetate
522 2367 537 2393 ‚
561 2348 747 2383 verum
766 2325 1018 2405 sapientia
1038 2336 1089 2387 &
1109 2334 1304 2409 pietate
1323 2351 1517 2387 omnes

1 2409 269 2488 praecesfit
296 2450 310 2471 ‚
352 2412 446 2489 qui
479 2406 700 2466 fuerunt
746 2427 1072 2468 anteeum:
1120 2434 1218 2469 nec
1254 2413 1518 2491 quispiam

2 2511 203 2572 regum
221 2489 324 2550 fuit
345 2495 551 2571 populo
571 2495 852 2549 Sueonum
869 2510 978 2551 tam
999 2514 1249 2575 acceptus
1268 2495 1402 2553 ficut
1432 2499 1519 2553 A·

0 2574 252 2632 ἰὶῐιυῐιεὶιιε.
1327 2606 1330 2607 ’

95 2734 140 2776 ³⁶
160 2736 339 2816 Olaph
357 2758 484 2796 vero
504 2759 596 2796 rex
616 2737 948 2797 beatissimus
979 2759 1155 2799 totam
1188 2741 1336 2823 spem
1364 2741 1513 2800 ›fidu-

8 2818 262 2898 'ciamque
280 2818 426 2878 suam
445 2825 500 2880 in
520 2825 770 2880 Domino
796 2844 1007 2902 ponens
1029 2865 1046 2892 ,
1069 2824 1256 2883 denuo
1279 2826 1342 2883 ad
1365 2848 1513 2882 com-

0 2901 332 2979 gprimendos
361 2903 672 2962 idololatras
704 2904 912 2963 bellum
932 2906 1197 2966 instaurat.
1245 2912 1428 2987 itaque
1449 2908 1515 2963 ab

9 2981 201 3066 olaph
220 2987 496 3048 Sueonum
518 3008 643 3067 rege
661 3031 677 3058 ‚
698 2994 850 3127 cujtils
868 2986 1101 3049 habebat
1121 2989 1284 3049 filiam
1303 3033 1322 3062 ,
1342 2997 1395 3048 δε
1415 3011 1520 3065 po-

12 3088 13 3091 *
36 3069 51 3073 ’
238 3069 250 3071 ⁴
355 3069 360 3071 ⁴
889 3090 918 3128 2
1304 3121 1308 3123 .
1382 3071 1521 3149 pulis

1 1505 236 1563 :dinatus
279 1502 575 1582 episcopus.
634 1505 726 1561 Ille
771 1525 899 1562 vero
940 1505 1150 1563 strenue
1186 1510 1521 1586 legationem
1594 1536 1597 1537 ⁷

1544 2775 1564 2795 2¹*
1592 2769 1770 2803 amorum

1542 2837 1599 2859 rex
1604 2851 1612 2857 .
