1888 3428
241 194 368 271 '224
593 191 982 248 PRocoPn
1041 181 1570 241 CAESAREENsm
1863 183 1888 249 ’,ξ-ε

239 281 404 335 cient.
447 270 698 332 Advertit
732 290 793 326 ea
813 289 895 325 res
910 265 1159 324 Gotthos
1183 304 1203 332 ‚
1239 268 1294 320 &
1322 261 1486 321 secuti
1517 281 1633 341 quo
1653 247 1888 332 clamor}

239 357 504 424 vocabat,
527 375 657 411 mox
675 348 1040 431 despeetantes
1056 351 1115 405 in
1133 365 1324 405 cavum
1341 386 1360 413 ,
1390 361 1588 425 rogant
1615 344 1736 422 quis
1751 330 1888 411 ἱ116,.ἶἓ

240 460 413 521 quave
448 438 514 496 de
544 437 693 494 causa
723 437 1086 514 quiritaretur.
1130 451 1193 488 ex
1214 428 1503 506 compaffm
1521 424 1636 488 filet
1651 375 1888 495 Roma-l

238 543 364 581 nus.
403 522 533 578 alter
567 516 840 577 Gotthico
875 511 1123 573 sermone
1154 513 1213 568 in
1241 506 1583 589 profundum
1602 506 1733 564 illud
1746 512 1859 582 jam
1885 514 1888 519 '

242 604 415 663 modo
451 606 523 660 ait
558 602 607 660 se
646 596 879 658 incidisse
897 638 916 665 ‚
946 615 1145 676 rogans
1161 594 1535 652 demitteretur
1554 589 1619 647 ad
1644 587 1694 646 se
1712 586 1861 645 funis

239 710 336 768 per
371 707 535 766 quem
569 685 699 740 eniti
734 681 922 761 poffet.
963 682 1152 756 Atque
1170 678 1243 734 illi
1262 672 1496 732 demissis
1516 670 1758 753 pluribus
1773 673 1861 727 in-

241 791 322 829 ter
341 767 391 826 se
412 770 562 825 nexis
579 764 805 823 restibus
824 760 1106 820 Gotthum
1141 756 1401 816 attrahere
1418 753 1718 835 sperabant·
1762 772 1862 809 an-

239 855 437 931 tecepit
452 849 620 907 finem
637 846 851 905 restium
870 847 1159 902 Romanus
1179 883 1195 910 ‚
1211 839 1512 918 attrahique
1528 837 1859 916 properavit,

241 936 427 994 dicens
458 931 766 990 calamitatis
798 929 1040 1007 participi
1071 967 1090 993 ,
1134 922 1172 981 fi
1205 916 1352 1003 prior
1381 921 1488 1001 ipse
1523 917 1862 983 ascenderet,

245 1036 529 1095 nunquam
558 1015 699 1071 illius
729 1015 1081 1067 immemores
1098 1004 1216 1064 fore
1232 1006 1520 1084 populares
1540 1044 1557 1070 ‚
1591 1019 1645 1058 at
1662 998 1699 1057 fi
1719 995 1861 1067 rese-

246 1098 371 1159 diffe
404 1101 460 1154 in
492 1118 625 1154 cavo
653 1090 867 1150 hostem
887 1087 1258 1148 intellexissent
1279 1126 1294 1152 ,
1326 1107 1509 1144 curam
1528 1081 1879 1160 suiabjeffitu·'

244 1204 352 1239 ros.
397 1201 521 1236 cum
559 1177 642 1234 his
668 1176 825 1233 dietis
857 1174 1118 1231 evibravit
1143 1169 1246 1229 sese
1273 1196 1283 1226 :
1321 1188 1557 1248 cumque
1582 1186 1707 1223 eum
1726 1171 1864 1219 con-

243 1259 525 1343 spexiffent
554 1266 608 1317 &
644 1278 758 1315 rem
777 1275 1004 1312 omnem
1026 1249 1319 1310 didiciffent
1336 1290 1353 1317 ,
1390 1269 1558 1329 prope
1577 1243 1862 1324 stupefacti

245 1346 506 1403 miraculo
528 1383 545 1407 ‚
573 1359 707 1398 mox
723 1344 776 1395 ὃ(
795 1340 1017 1394 alterum
1038 1334 1304 1391 adduxere
1326 1372 1342 1397 ,
1378 1333 1473 1410 qui
1493 1330 1644 1410 paffa
1662 1326 1864 1386 fidem-

246 1449 353 1509 que
372 1444 569 1484 mutuo
588 1422 767 1481 datam
786 1437 979 1476 narrat.
1020 1418 1091 1474 Et
1110 1420 1164 1472 'is
1199 1415 1422 1495 quidem
1448 1413 1573 1470 suos
1591 1412 1866 1469 commili-

245 1528 329 1568 tes
363 1508 574 1568 secutus
605 1504 771 1571 abiit,
804 1503 1035 1559 alterum
1072 1498 1180 1556 fine
1215 1511 1358 1555 noxa
1388 1500 1444 1554 in
1481 1493 1673 1553 urbem
1691 1493 1865 1551 redire

248 1592 504 1651 fiverunt.
559 1592 707 1665 Saepe
743 1592 799 1643 δε
833 1582 1014 1663 postea
1047 1577 1260 1660 equites
1292 1601 1406 1637 non
1447 1579 1606 1636 multi
1636 1581 1776 1634 inter
1811 1574 1864 1632 se

248 1677 427 1732 coiere
447 1714 464 1740 ‚
488 1674 788 1751 plerunque
808 1688 876 1723 eo
894 1669 1040 1723 exitu
1060 1681 1120 1730 ut
1138 1667 1193 1719 in
1213 1661 1535 1741 singularem
1553 1659 1864 1718 dimicatio-

247 1778 378 1816 nem
409 1775 490 1811 res
522 1750 784 1810 defineret
804 1789 821 1815 ‚
849 1749 1056 1805 vi&ore
1096 1743 1301 1821 semper
1329 1744 1607 1799 Roman0.
1664 1741 1735 1798 Et
1751 1739 1864 1796 haec

246 1837 472 1919 quidem
499 1835 586 1892 illa
620 1836 676 1889 in
708 1848 873 1911 parte.
917 1833 973 1885 in
991 1830 1191 1905 campis
1204 1827 1530 1884 Neronianis
1549 1844 1664 1880 non
1683 1824 1861 1879 rnulto

248 1920 372 2000 post
389 1933 692 1998 pugnatum
715 1955 731 1982 ‚
759 1910 999 1992 pulsique
1017 1908 1148 1988 saepe
1166 1911 1432 1967 Romanis
1450 1906 1477 1963 a
1495 1909 1688 1963 turmis
1708 1905 1862 1961 Got-

249 2002 327 2060 thi
347 2005 569 2080 equites,
609 2000 749 2053 inter
780 1996 911 2052 alios
943 1990 1355 2049 Chorsomantis
1379 1984 1865 2046 Belisariiesatelli-

250 2087 330 2142 tio
352 2123 368 2149 ‚
389 2101 560 2162 genus
578 2075 868 2157 Maffageta
887 2117 904 2144 ‚
935 2073 1269 2154 septuaginta
1283 2070 1522 2129 hostium
1542 2067 1864 2149 insequeba-

249 2185 341 2224 tur
360 2207 377 2232 ‚
395 2183 627 2242 cumque
648 2164 705 2216 in
724 2162 956 2217 multum
978 2160 1151 2234 campi
1171 2156 1461 2234 provectus
1479 2150 1601 2211 esset
1616 2194 1633 2220 ,
1663 2154 1863 2210 caeteris
1884 2151 1888 2201 l

249 2251 635 2307 Rornanorum
652 2261 796 2298 retro
819 2239 869 2298 se
892 2238 1188 2298 ferentibus
1206 2278 1222 2304 ‚
1239 2236 1379 2295 solus
1398 2233 1601 2315 insequi
1621 2233 1864 2314 perstitit.

250 2352 365 2410 quo
384 2326 584 2386 Gotthi
601 2325 910 2402 conspectQ
929 2320 1086 2380 versis
1097 2325 1250 2399 equis
1263 2323 1318 2376 in
1337 2321 1490 2376 illum
1506 2318 1728 2376 vadunt.
1754 2308 1868 2381 illej'

253 2416 477 2470 minime
496 2407 730 2465 desertor
747 2404 825 2463 sui
844 2446 860 2473 ‚
889 2403 1177 2461 interfeffito
1207 2406 1509 2479 primorum
1531 2421 1643 2458 uno
1662 2402 1718 2456 in
1739 2398 1864 2455 reli-

252 2516 396 2574 quos
422 2490 660 2550 irruebat
682 2512 695 2545 :
735 2490 792 2544 ni
825 2484 1062 2544 converfi
1093 2489 1148 2541 in
1172 2504 1375 2563 partem
1395 2485 1547 2539 aliam
1569 2477 1863 2561 proripuis-

212 2611 215 2615 -
252 2578 368 2635 sent
398 2573 518 2632 sese.
562 2570 674 2630 Vbi
703 2568 863 2627 castra
898 2587 1010 2625 tam
1045 2588 1215 2647 prope
1248 2566 1510 2622 advenere
1543 2583 1603 2620 ut
1638 2561 1859 2642 spefitari

222 2689 223 2692 ¹
250 2658 377 2717 inde
406 2655 456 2714 se
488 2653 763 2712 crederent
791 2692 808 2719 ‚
838 2651 1014 2730 pudor
1043 2649 1206 2706 subiit
1225 2689 1242 2715 ,
1270 2644 1585 2724 rursumque
1617 2641 1862 2702 adversus

252 2761 377 2798 eum
416 2737 557 2797 unde
585 2733 839 2815 fugerant
872 2733 1093 2790 rediere.
1137 2730 1320 2786 Rediit
1338 2734 1390 2786 δέ
1416 2750 1535 2808 quae
1553 2724 1726 2784 fuerat
1741 2723 1864 2782 for-

249 2842 399 2890 tuna,
419 2822 631 2899 alioque
651 2816 716 2875 de
736 2812 1065 2896 primoribus
1082 2810 1264 2869 amifl'o
1281 2853 1299 2879 ,
1333 2810 1540 2869 rursum
1559 2807 1748 2890 fugam
1770 2829 1861 2880 cefff

249 2926 395 2983 pere:
417 2923 557 2982 quos
575 2897 735 2958 castra
756 2896 918 2975 usque
940 2895 1206 2953 insecutus
1226 2891 1659 2962 ChorsomantiS,
1679 2908 1862 2949 rever-

214 3028 219 3030 ss
249 2990 381 3046 titur
419 2985 791 3046 incomitatus⁸
829 2981 964 3042 Non
994 2981 1228 3041 multum
1255 2973 1558 3057 interceffit,
1579 2973 1864 3054 temporis,

1732 3073 1861 3115 cum
