1888 3428
231 150 618 208 H1.s·roR1AE
657 148 1068 206 VANDALIC
1089 166 1139 201 AE
1180 149 1323 203 LIB.
1367 151 1447 206 11.
1540 168 1651 219 109

42 252 208 311 gnam
227 232 501 290 instruere.
536 252 675 311 quos
696 224 788 286 ubi
808 246 952 284 extra
975 227 1166 283 urbem
1188 229 1440 287 eduxerat
1463 272 1479 297 ‚
1512 229 1655 290 haud

39 318 257 393 ignarus
273 335 463 371 eorum
483 335 598 392 quae
631 316 827 368 Stotzae
855 309 1196 388 agitabantur
1216 351 1229 374 ,
1264 309 1330 366 fic
1358 315 1656 370 conciona-

39 393 255 453 bundus
272 397 583 473 alloquitur.
625 392 778 452 Nihil
796 390 893 448 effe
908 391 1057 470 quod
1075 391 1138 448 de
1158 397 1488 469 Imperatore
1512 416 1653 471 que-

38 481 249 545 ramini,
273 494 364 535 aut
386 482 496 552 ejus
514 481 568 533 in
590 497 686 533 vos
703 472 843 531 facia
861 473 1110 530 accusetis
1130 518 1143 537 ‚
1161 473 1298 531 scitis
1318 474 1410 554 ipsi
1433 477 1654 543 milite3‚

37 579 138 616 nec
167 581 479 638 quenquam
517 557 977 615 contraditPfflrum
1018 555 1245 613 arbitror
1276 578 1290 612 ε
1327 559 1416 613 me
1447 557 1521 615 est
1557 560 1651 638 qui

37 662 139 698 vos
170 663 350 720 peram
383 642 637 698 habentes
674 645 729 695 &
761 642 1000 696 tunicam
1035 661 1097 695 ex
1121 642 1329 718 agrisin
1355 639 1545 696 urbem
1566 663 1654 698 ren

34 726 178 802 giam
201 725 490 802 perdut‘Ptos
518 725 643 780 tales
679 720 876 782 effecit,
898 742 955 777 ut
978 742 1056 778 res
1076 723 1463 779 Romanorum
1483 727 1537 779 in
1556 745 1652 782 ve·-

33 805 150 861 stris
171 804 269 862 fint
290 806 556 862 manibus.
600 810 705 861 Pro
724 803 828 860 hoc
857 806 1055 860 merito
1076 805 1295 882 indigne
1318 804 1488 881 ipsum
1511 828 1651 863 con-

35 886 424 967 tumelioseque
444 885 685 944 habitum
709 927 723 951 ,
759 907 856 942 nec
877 887 930 943 id
949 890 1226 964 ignoratis⁶
1276 888 1352 942 Ea
1374 889 1652 947 commiffa

33 972 145 1047 quo
168 991 265 1026 vos
284 971 476 1028 melius
496 968 862 1026 meminissetis
883 968 1021 1047 ,ipse
1042 970 1374 1026 condonavit
1392 1010 1407 1033 ,
1437 992 1535 1049 pro
1557 975 1650 1031 tali

31 1052 317 1119 clementia
349 1074 463 1109 non
504 1053 657 1108 aliam
688 1054 914 1130 gratiam
935 1055 1154 1130 exigens
1180 1093 1196 1118 ,
1235 1074 1396 1130 quam
1419 1057 1652 1112 anteafti

29 1134 294 1212 pudorem
313 1176 328 1191 .
382 1137 512 1190 Hoc
547 1133 802 1214 magistro
838 1134 1003 1191 fidem
1033 1156 1132 1191 vos
1167 1134 1350 1190 denuo
1385 1134 1648 1194 addiscere

28 1236 124 1292 par
142 1215 215 1273 est
233 1257 251 1284 ‚
288 1223 342 1273 δε
378 1219 613 1294 priorem
649 1217 953 1275 vecordiam
988 1216 1150 1272 bonis
1184 1213 1338 1273 factis
1365 1218 1644 1277 redimere.

30 1316 240 1354 matura
258 1301 403 1354 enim
422 1319 664 1354 errorum
688 1300 1005 1374 poenitentia
1029 1299 1196 1375 placat
1217 1299 1364 1354 Iaesos
1384 1339 1398 1359 ‚
1436 1307 1486 1356 ἃ
1512 1323 1648 1378 prae-

27 1376 212 1437 stitum
247 1383 304 1436 in
335 1397 581 1458 tempore
602 1376 846 1436 officium
865 1380 1215 1459 deletingrati
1234 1385 1397 1437 animi
1432 1402 1644 1441 notam.

27 1460 88 1519 Id
107 1482 206 1540 pro
225 1481 374 1519 certo
393 1462 650 1519 habetote
670 1503 687 1529 ‚
706 1461 744 1519 fi
762 1484 907 1519 nunc
927 1483 1023 1519 vos
1042 1466 1388 1542 Imperatoris
1407 1485 1648 1524 amantes

25 1542 356 1622 praestabitiS,
377 1545 509 1601 nihil
529 1543 836 1601 mansurum
856 1542 1088 1601 offensae.
1120 1547 1270 1601 Solet
1292 1550 1439 1601 enim
1461 1551 1646 1606 omnis

24 1626 165 1682 aetio
182 1627 247 1683 ab
266 1630 412 1682 exitu
431 1623 841 1684 aestimationem
862 1646 1176 1703 nomenque
1195 1630 1448 1701 accipere.
1470 1630 1646 1705 Qod

25 1728 302 1787 perperam
342 1709 520 1765 affum
558 1707 631 1763 est
650 1749 667 1775 ,
697 1708 750 1764 id
783 1708 939 1763 nullo
958 1727 1208 1786 tempore
1228 1706 1491 1765 infestum
1513 1711 1643 1768 fiat:

22 1787 112 1847 sed
130 1788 535 1868 compensatum
566 1788 719 1846 faffis
752 1789 1055 1860 eorundem
1086 1789 1377 1847 hominum
1400 1795 1644 1851 meliori-

24 1871 128 1929 bus
150 1894 239 1951 per
256 1872 540 1930 honestum
575 1871 842 1936 silentium
869 1873 936 1930 ad
967 1872 1310 1930 oblivionem
1333 1875 1522 1932 deduci
1551 1874 1642 1933 so-

23 1949 128 2011 let.
188 1956 361 2024 Quod
396 1955 432 2011 fi
467 1977 612 2012 nunc
648 1960 703 2012 in
733 1954 836 2011 hos
876 1955 1154 2012 sceleratos
1187 1955 1418 2035 segniter
1460 1961 1639 2037 agitiS‚

23 2036 219 2094 etiamsi
238 2042 291 2094 in
312 2035 587 2117 posterum
610 2040 840 2094 maxima
857 2037 997 2095 bella
1019 2060 1081 2094 ex
1101 2036 1192 2094 usu
1213 2042 1492 2118 gloriaque
1515 2041 1639 2099 Ro-

22 2123 165 2177 mani
188 2124 422 2176 nominis
442 2118 783 2177 confeceritis
810 2161 827 2186 ‚
861 2142 973 2177 non
995 2143 1144 2200 aeque
1177 2143 1300 2200 erga
1336 2126 1640 2199 Imperato==

19 2221 133 2258 rem
158 2200 394 2259 officium
415 2200 638 2280 expieffe
659 2200 992 2259 videbimini.
1037 2208 1248 2282 optima
1269 2208 1520 2282 purgatio
1544 2207 1638 2270 est,

21 2286 78 2340 in
96 2306 200 2363 qua
214 2288 506 2364 peccaveris
524 2288 740 2342 materia
759 2325 774 2351 ‚
811 2287 865 2341 in
886 2286 1072 2343 eadem
1096 2288 1336 2364 praeclara
1353 2283 1492 2344 fafta
1509 2289 1652 2357 ede--⁴

19 2385 95 2423 re.
135 2367 206 2423 Et
240 2367 348 2424 haec
369 2366 591 2447 quidem
623 2373 1014 2446 Imperatorem
1046 2370 1199 2446 quod
1220 2372 1409 2425 attinet
1432 2412 1448 2435 ,
1484 2376 1639 2451 cogi-

20 2447 180 2505 tanda
211 2450 368 2506 vobis
404 2452 672 2527 relinquo.
719 2451 840 2529 Ego
882 2473 1008 2508 vero
1047 2473 1078 2506 n
1090 2452 1192 2507 ulia
1224 2457 1277 2506 in
1306 2472 1401 2507 vos
1422 2456 1635 2529 injuria,

21 2549 204 2588 contra
224 2537 375 2589 omni
395 2532 778 2590 benevolentia
801 2531 936 2599 usuS,
960 2555 1105 2591 nunc
1127 2536 1181 2589 in
1198 2533 1303 2589 hoc
1326 2534 1482 2590 vobis
1498 2558 1638 2594 con-

13 2613 236 2688 junfflms
272 2616 507 2693 periculo
528 2655 545 2682 ,
574 2637 744 2671 unum
782 2636 1004 2695 rogatos
1040 2617 1189 2674 volo.
1230 2617 1417 2673 Nemo
1439 2621 1639 2678 invitus

18 2691 302 2752 nobiscum
323 2699 530 2754 militet.
579 2700 630 2754 Si
650 2701 735 2754 cui
757 2697 849 2755 ista
870 2702 1038 2779 magis
1055 2698 1203 2756 cordi
1221 2698 1341 2756 sunt
1359 2741 1374 2764 ‚
1408 2700 1637 2761 transeat

17 2796 142 2833 cum
163 2780 319 2835 armis
336 2782 390 2836 in
407 2767 646 2837 hostsum
666 2779 846 2847 castra,
864 2781 967 2839 hoc
992 2803 1161 2838 unum
1182 2782 1346 2838 nobis
1364 2782 1633 2860 praestans,

14 2878 84 2914 ne
108 2859 241 2916 clam
262 2901 278 2928 ,
312 2859 398 2919 se‘d
418 2881 596 2940 aperte
614 2868 666 2919 in
685 2884 787 2919 nos
810 2863 868 2920 fit
885 2866 1127 2939 injurius,
1170 2867 1302 2922 Ideo
1337 2886 1451 2921 non
1495 2869 1635 2923 Car-

13 2938 231 3024 thagine
244 2983 263 3014 ,
287 2941 372 3005 sed
391 2947 446 3007 in
462 2944 628 3008 hostis
647 2944 938 3033 conspechi
957 2946 1116 3018 verba
1137 2947 1202 3012 ad
1217 2969 1316 3011 vos
1335 2945 1508 3007 facere
1529 2968 1633 3088 xlm·-

1557 3049 1631 3094 ui,
