1888 3428
256 193 372 251 314
570 178 955 232 PRocoPu
995 173 1546 232 CAESAREENSIS

246 275 499 335 quaerere.
543 256 673 314 Haec
697 256 919 335 quidem
940 253 1153 333 pulchre
1180 253 1382 310 dixerat
1416 252 1729 310 Artabazes.
1770 259 1854 314 At

246 340 422 396 caeteri
439 337 600 395 duces
616 377 633 405 ‚
665 336 935 395 sententiis
949 334 1179 392 distracti
1200 376 1217 402 ,
1252 335 1386 392 nihil
1401 336 1554 414 quod
1578 358 1641 392 ex
1663 332 1756 395 usu
1774 336 1854 394 es-

245 421 321 478 set
340 417 606 477 faciebant
624 460 641 487 ,
671 419 757 477 sed
789 420 883 476 ubi
903 438 1052 475 erant
1069 418 1327 475 haerentes
1346 459 1363 486 ‚
1397 418 1591 498 agendi
1607 437 1859 495 tempora

244 501 588 581 patiebantur
617 502 786 566 elabi,
835 500 1083 558 donecin
1118 503 1429 580 propinquo
1452 505 1562 576 jam
1593 504 1858 558 exercitus

248 584 598 642 Gotthorum
617 627 633 652 ,
663 584 862 662 quibus
879 583 1088 640 Padum
1108 581 1401 661 transgredi
1423 583 1728 662 parantibus
1745 582 1864 640 haec,

245 666 589 726 hortamenta
609 667 853 724 adhibuit
881 666 1116 724 Totilas.
1159 666 1419 744 Pleraque
1442 666 1646 745 praelia.
1676 686 1880 743 popu-⁴

245 750 379 808 lares
397 790 417 815 ,
452 754 524 807 ita
556 750 677 808 sunt
695 767 1001 829 comparata
1022 789 1038 810 ‚
1078 768 1136 806 ut
1164 768 1315 827 aequa
1344 747 1429 826 spe
1448 753 1659 804 animos
1680 749 1859 804 utrin-

247 853 357 912 que
386 831 660 889 subeunda
681 833 745 890 ad
779 833 1010 911 pericula
1027 835 1277 890 excitent.
1321 834 1442 889 Nos
1460 853 1574 888 non
1602 832 1711 909 pari
1729 850 1856 886 cum

246 913 495 972 hostibus
530 954 547 981 ‚
592 913 678 972 sed
713 916 891 972 multo
927 908 1179 973 inferiore
1213 911 1472 980 fortuna,
1520 918 1577 970 in
1615 933 1879 992 pugnam.

246 995 386 1053 hanc
401 1001 751 1076 accingimur.
781 999 855 1053 illi
879 1039 896 1065 ,
915 996 952 1054 si
969 996 1115 1055 forte
1137 1003 1452 1064 vincentur,
1469 996 1621 1055 brevi
1635 993 1858 1072 temposs

246 1099 306 1136 re
324 1078 607 1149 instaurare
625 1083 678 1135 in
701 1100 803 1136 nos
822 1079 1027 1137 bellum
1057 1097 1332 1157 poterunt.
1376 1083 1577 1159 quippe
1598 1083 1651 1134 iu
1672 1078 1860 1134 muni-

245 1164 317 1218 tis
332 1163 489 1220 Italiae
507 1165 640 1218 locis
662 1164 896 1218 multum
926 1164 1029 1219 illis
1047 1166 1314 1240 reliquum
1334 1164 1519 1219 militis
1536 1203 1551 1227 ,
1591 1168 1643 1218 δε
1680 1163 1807 1218 novi
1829 1158 1857 1218 εὶ

245 1246 511 1321 Byzantio
541 1248 804 1300 exercitus
820 1243 935 1323 spes
965 1243 1106 1301 haud
1125 1249 1309 1325 longe.
1353 1244 1536 1301 Nobis
1572 1242 1608 1301 si
1627 1242 1759 1323 quid
1778 1239 1858 1297 se-

247 1345 344 1382 cus
361 1328 597 1383 evenerit
617 1366 633 1392 ‚
678 1331 731 1382 &
753 1324 1104 1383 Gotthorurn
1123 1348 1328 1383 nomen
1348 1333 1402 1383 ἅτ
1420 1324 1534 1405 spes
1549 1327 1729 1382 omnis
1759 1344 1859 1380 oc-

248 1407 459 1466 cubuit.
498 1408 580 1464 Ex
599 1407 847 1465 ducentis
875 1409 1114 1465 millibus
1148 1409 1212 1464 ad
1244 1412 1542 1490 quingenta
1574 1410 1737 1465 millia
1773 1427 1856 1463 re-

247 1487 390 1547 dacii
409 1487 614 1547 sumus.
653 1493 788 1547 Haec
808 1495 1031 1548 monitis
1049 1493 1205 1550 vobis
1222 1533 1239 1560 ‚
1253 1493 1381 1550 illud
1402 1490 1556 1549 simul
1573 1494 1628 1547 in
1649 1509 1860 1547 merno—

246 1574 386 1629 riam
417 1573 668 1631 reducere
702 1572 845 1632 haud
875 1578 1243 1654 incongruens
1278 1595 1438 1642 reor,
1475 1575 1859 1651 cum-primurn

248 1652 349 1711 sub
383 1654 643 1712 Ildibaldo
675 1676 819 1712 arma
853 1657 1141 1735 arripuistis
1176 1658 1321 1719 mille
1360 1678 1473 1713 non
1496 1658 1724 1734 amplius
1760 1673 1865 1712 vos

249 1733 403 1793 fuiffe
438 1757 704 1793 numero:
740 1756 1003 1794 terrarum
1021 1738 1153 1795 nihil
1183 1755 1330 1794 extra
1360 1760 1533 1794 unum
1550 1740 1862 1813 Piceniop÷

251 1817 462 1897 pidum.
506 1817 795 1898 postquam
828 1823 1068 1899 praelium
1088 1841 1186 1899 pro
1222 1820 1380 1877 vobis
1398 1818 1500 1877 fuit
1533 1861 1550 1886 ‚
1588 1825 1641 1876 δέ
1665 1839 1858 1875 nurne-¹>

251 1921 377 1962 rum
408 1900 565 1958 vobis
592 1908 644 1960 &
663 1920 825 1958 terras
850 1899 1121 1960 accessisse.
1169 1905 1520 1981 Quapropter
1537 1942 1553 1967 ‚
1584 1900 1621 1956 sl
1640 1908 1695 1957 &
1716 1904 1860 1956 nunc

253 1983 353 2040 viri
368 1981 467 2046 effe
489 1984 678 2040 voletis
704 2024 718 2045 ,
742 1983 885 2042 bello
905 1987 958 2041 in
982 1987 1168 2042 melius
1186 1984 1391 2063 semper
1409 1984 1732 2062 procedente
1752 2022 1771 2049 ,
1787 1985 1861 2037 ita

256 2061 487 2127 confido
516 2104 533 2130 ‚
564 2064 786 2143 ‘tandem
819 2065 1030 2123 hostem
1059 2066 1469 2124 debellabimus·
1512 2064 1686 2122 solent
1714 2067 1888 2127 enim,-

255 2149 352 2226 qui
371 2148 601 2204 victores
620 2145 739 2205 sunt
761 2155 814 2207 δε
832 2147 1125 2207 hominum
1143 2156 1196 2207 &
1216 2169 1389 2206 rerum
1415 2153 1747 2205 incrementa
1775 2166 1864 2202 ac-

255 2232 451 2307 cipere.
494 2234 649 2287 omni
689 2252 820 2310 ergo
844 2234 895 2289 vi
931 2234 1174 2310 corporis
1209 2234 1482 2311 animique
1508 2251 1654 2292 nunc
1683 2234 1737 2286 in
1755 2227 1877 2284 ho·-

256 2308 393 2385 stem
411 2309 642 2392 quisque
661 2314 835 2371 vadite
852 2354 869 2382 ‚
900 2314 954 2372 id
985 2336 1086 2393 pro
1105 2317 1266 2371 certo'
1289 2312 1582 2381 habentes,
1624 2311 1660 2370 fi
1680 2331 1864 2391 pugna.

256 2393 370 2466 haec
388 2413 579 2451 contra
611 2396 748 2454 cadit
777 2441 792 2462 ,
834 2417 948 2453 non
969 2395 1066 2455 effe
1085 2397 1235 2475 quod
1256 2400 1310 2453 in·
1330 2395 1602 2474 posterum
1622 2395 1686 2453 de
1718 2393 1879 2452 bello..

257 2479 528 2556 cogitetis.
571 2477 684 2555 Ipsa
714 2499 940 2557 quoque
974 2477 1209 2536 hostium
1229 2477 1488 2553 injustitia
1513 2477 1669 2537 vobis
1696 2476 1884 2537 debet*

256 2559 587 2634 dimicaturis
605 2563 848 2618 animum
866 2562 1087 2619 addere:
1130 2564 1203 2617 ita
1216 2565 1360 2618 enim
1378 2558 1474 2617 sibi
1492 2559 1733 2618 subditos
1751 2576 1859 2616 tra·
1879 2584 1883 2592 ¹

255 2642 448 2711 (Stant,
481 2660 540 2698 ut
558 2645 670 2698 Itaii
694 2685 709 2709 ‚
746 2641 852 2699 fine
875 2645 974 2701 ulia
994 2643 1142 2701 causa
1163 2643 1359 2721 proditi
1380 2642 1723 2700 Gotthorum
1753 2643 1860 2697 im-

256 2725 393 2803 perii
413 2743 636 2803 quantas
663 2724 862 2782 debent
897 2726 1024 2783 dent
1059 2747 1265 2805 poenas.
1309 2726 1443 2783 adeo
1477 2725 1608 2782 nihil
1624 2723 1778 2782 restat
1796 2722 1885 2789 ad*

258 2806 397 2864 mala
411 2845 428 2873 ‚
449 2827 561 2884 quae
585 2807 650 2863 ab
671 2810 732 2863 iis
752 2808 985 2864 tolerant
1005 2830 1145 2888 quos
1163 2806 1255 2888 ipsi
1274 2811 1416 2866 ultro
1435 2805 1715 2887 suscepere.
1730 2803 1858 2884 quid
1886 2825 1888 2829 ⁴

260 2908 390 2945 vero
411 2891 700 2966 proclivius
725 2911 888 2969 quam
919 2892 1265 2952 illosvincere
1284 2894 1376 2970 qui
1413 2911 1505 2967 per
1522 2889 1610 2947 sua
1624 2886 1888 2960 facinora„

259 2973 456 3037 iratum
487 2970 583 3035 fibi
602 2969 843 3043 fecerunt
873 2974 1101 3038 Deum?
1146 2972 1579 3053 metusinfuper‚
1612 2968 1863 3107 quemgle·

1702 3070 1775 3110 no
1820 3068 1874 3113 is..
