1888 3428
415 180 1265 240 PROLEGOMENA.
1579 183 1656 255 67

49 281 210 346 cepto
232 262 381 341 quod
410 263 560 322 liberi
578 259 887 341 parentibus
910 255 1345 340 praeferebantur.
1385 256 1583 316 Iudicia
1601 279 1660 313 a-

51 348 163 427 pud
181 347 464 402 Romanos
481 348 537 402 in
556 341 877 401 immensum
895 342 1061 400 tr'aeca
1079 382 1096 408 ‚
1127 361 1224 399 nec
1242 361 1420 397 retum
1442 358 1657 397 tantum

50 429 138 488 sed
163 435 218 486 δε
237 432 357 486 vitae
374 424 814 507 gravidispendio
848 429 986 481 inter
1002 442 1111 481 tam
1143 425 1332 503 longas
1351 442 1562 486 cruces;
1598 442 1657 477 a·-

51 510 162 591 pud
197 509 649 589 Septentrionales
682 507 927 585 litigandi
968 509 1237 563 temeritas
1279 500 1656 583 sponsionibus

55 600 109 650 &
128 591 447 672 pignoribus
464 591 690 648 coercita
711 629 725 650 ‚
742 587 862 666 ipfis
879 587 1092 645 Iudiciis
1111 587 1243 645 nihil
1258 585 1571 664 expeditius.
1602 586 1659 640 in

51 671 176 731 faeti
196 673 486 753 quaestione
506 671 804 729 adducebat
830 673 978 728 actor
997 712 1014 737 ‚
1052 669 1348 727 adducebat
1365 686 1484 724 reus
1501 664 1658 721 testes

0 800 4 827 ;
40 753 196 812 suos·
239 776 338 833 pro
361 771 481 811 utro
503 751 629 810 effet
662 753 877 811 testium
899 757 1072 826 major
1103 755 1395 809 au6toritas
1416 791 1432 816 ‚
1469 747 1659 805 secun-

52 835 183 894 dum
215 857 342 893 eum
372 837 433 893 lis
468 836 709 893 dabatur.
756 839 811 892 in
845 856 900 892 re
931 834 1186 915 ambigua
1215 835 1279 891 ad
1314 829 1659 907 jurisjurandi

49 918 230 976 ibatur
249 920 600 998 religionem}
644 919 698 976 id
727 939 820 974 reo
839 913 1179 975 deferebatur
1197 958 1213 984 ‚
1245 917 1420 973 sedita
1439 913 1475 970 fi
1500 919 1659 969 com*-

51 1002 229 1079 plures
247 1004 391 1057 viros
412 999 687 1058 exhiberet
707 997 861 1058 famae
880 999 1119 1078 probatae
1140 1044 1153 1064 ,
1175 1003 1270 1078 qui
1289 1000 1337 1055 se
1356 995 1518 1074 ipfius
1537 1015 1662 1050 tan-

50 1103 212 1161 quam
236 1087 328 1140 viri
348 1082 482 1139 boni
508 1084 845 1160 jurijurando
878 1082 1088 1140 credere
1107 1083 1358 1139 dicerent.
1396 1082 1529 1153 juris
1548 1096 1658 1132 rara

51 1181 161 1222 erat
181 1163 489 1243 disputatio.
530 1163 568 1221 si
590 1162 836 1244 quakesset
854 1206 871 1232 ‚
901 1186 1017 1222 non
1055 1186 1118 1220 ex
1145 1161 1373 1220 infinitis
1391 1167 1659 1236 interpre-

50 1264 170 1303 tum
188 1247 334 1303 libris
364 1287 378 1307 ,
410 1242 496 1304 sed
530 1269 591 1303 ex
612 1250 777 1324 planis
808 1251 989 1325 legum
1009 1247 1164 1303 dietis
1192 1262 1283 1303 aut
1319 1266 1381 1301 ex
1415 1263 1571 1322 aequo
1601 1244 1656 1296 ἅτ

57 1326 210 1384 bono
242 1325 390 1385 facile
439 1328 724 1407 statimque
767 1327 1195 1404 dijudicabatur:
1238 1323 1567 1405 poffeffionis
1605 1323 1657 1378 vi

61 1408 285 1468 turbatae
315 1409 492 1467 subita
522 1407 834 1468 reformatio
855 1450 871 1476 ‚
917 1428 1081 1468 eunte
1110 1412 1166 1465 in
1196 1430 1310 1465 rem
1346 1405 1660 1484 praesentem

54 1495 179 1547 cum
201 1489 422 1547 testibus
447 1493 650 1566 judice.
692 1491 826 1564 Illud
848 1513 910 1548 ex
931 1495 1120 1549 intima
1140 1488 1387 1569 sapientia
1407 1489 1659 1566 petitum,

52 1569 203 1649 quod
233 1573 289 1626 in
320 1571 523 1628 delicstis
555 1571 667 1629 duo
686 1572 994 1651 specstabant
1030 1612 1046 1633 ,
1085 1571 1261 1629 laesum
1292 1577 1378 1644 jus
1396 1571 1659 1648 privati&

49 1647 217 1709 laesam
236 1650 541 1710 societatem
558 1653 828 1731 publicam
844 1675 962 1732 quae
981 1654 1165 1733 legum
1188 1653 1502 1709 auctoritate
1522 1670 1660 1707 con-

53 1732 426 1815 stringebatur.
456 1737 639 1814 itaque
668 1737 884 1794 malecae
917 1736 1035 1794 duae
1058 1733 1466 1814 pendebantur,
1505 1730 1659 1811 quod

52 1834 306 1874 notatum
321 1822 375 1874 &
401 1814 599 1874 Tacito
627 1860 644 1886 ,
662 1819 823 1876 altera
841 1823 889 1875 ei
908 1823 1002 1897 qui
1019 1818 1319 1875 vindicatur
1336 1858 1353 1884 ‚
1370 1816 1528 1872 altera
1545 1816 1660 1892 regi

56 1916 148 1955 aut
179 1901 397 1956 civitati.
437 1898 543 1957 hoc
559 1901 708 1976 freda
740 1901 934 1958 dicitur
954 1942 970 1967 ‚
1013 1904 1139 1979 quia
1176 1902 1287 1974 paci
1308 1897 1529 1978 publicae
1560 1895 1657 1974 qui

53 1983 302 2060 peccavit.
323 2002 414 2060 per
444 2004 562 2039 eam
589 1983 883 2040 restituitur
922 1983 1054 2048 illud
1080 1978 1535 2060 Wedrigeldium
1554 2020 1567 2040 ,
1601 1974 1657 2032 id

54 2059 132 2118 est
164 2062 314 2141 quod
349 2085 446 2140 pro
479 2066 678 2124 talione
711 2067 882 2123 datur.
926 2064 1109 2122 Probo
1147 2070 1199 2121 &
1226 2063 1332 2120 hoc
1365 2058 1657 2142 quod‘non

45 2145 174 2201 -vilis
190 2148 389 2202 civium
407 2144 618 2226 sanguis
644 2191 659 2213 ,
691 2168 789 2204 nec
812 2146 905 2204 nifi
925 2145 1226 2228 gravissima
1243 2148 1412 2223 capite
1428 2142 1657 2201 lueban-

53 2244 159 2292 tur,
174 2228 432 2307 'quodque
452 2231 832 2287 damnatorum
849 2229 993 2286 bona
1010 2228 1145 2288 salva
1164 2248 1314 2293 erant
1332 2227 1529 2283 liberis,
1550 2224 1654 2278 mi·-

56 2328 187 2365 nora
201 2306 318 2365 satis
337 2328 446 2367 erat
467 2314 664 2391 expiari
686 2316 908 2390 pecunia
923 2354 941 2380 ,
976 2310 1284 2369 auttradito
1302 2308 1454 2365 sonte
1473 2311 1529 2364 in
1548 2303 1655 2362 ser-

52 2392 282 2448 vitutem
307 2396 355 2449 ei
387 2395 442 2449 in
461 2415 627 2473 quem
648 2413 922 2472 peccatum
956 2391 1145 2452 fuerat.
1193 2392 1370 2460 Quod
1389 2395 1443 2446 in
1471 2388 1656 2446 crimi-

51 2492 186 2529 num
204 2472 365 2530 caufis
394 2481 711 2553 provocatio
747 2497 860 2533 non
881 2475 1104 2533 dabatur
1119 2475 1261 2533 haud
1281 2477 1447 2530 miror
1465 2514 1481 2540 ,
1527 2490 1653 2527 cum

51 2574 203 2633 pares
237 2555 303 2635 de
331 2557 547 2636 paribus
579 2557 787 2616 summa
816 2561 1076 2640 religione
1106 2579 1163 2616 ac
1186 2556 1541 2613 misericordia
1565 2556 1655 2626 ju-

52 2634 309 2694 dicarent.
352 2641 512 2698 Tales
542 2640 662 2698 sunt
685 2643 829 2720 leges
847 2639 1024 2720 quase
1061 2643 1279 2697 Scanzia
1312 2634 1539 2717 profecti
1564 2652 1653 2711 per
1740 2653 1747 2658 ·

54 2737 278 2775 omnem
296 2740 463 2802 prope
481 2723 780 2802 Europam,
799 2743 893 2802 per
912 2724 1081 2779 multa
1097 2727 1257 2780 etiam
1279 2717 1472 2777 Africae
1493 2715 1656 2774 Afiae0

57 2802 588 2878 que-circumtulere.
629 2803 885 2883 Displicet
915 2807 1190 2862 nonnullis
1222 2803 1374 2882 quod
1411 2799 1655 2879 quaedam

17 2957 33 2963 Ἰ
57 2878 327 2941 causarum
346 2886 598 2968 ambigua
614 2886 863 2969 fingulari
877 2906 1167 2944 certamine
1185 2883 1520 2964 disceptanda
1536 2898 1657 2957 pet·-
1738 2946 1740 2949 v

61 2966 366 3051 mittuntur.
415 2990 602 3055 yerum
620 2970 771 3054 quod
791 2971 965 3031 Solon
998 2970 1245 3037 dicebat,
1274 2989 1388 3026 non
1422 2967 1683 3101 optiimasp.

981 3073 1010 3110 e
1057 3073 1085 3109 2
1562 3064 1667 3102 im-
