1888 3428
261 115 416 188 648*
735 124 1385 192 IoRNANDEs
1710 201 1716 207 ,

257 213 342 252 ret
359 234 376 260 ,
399 201 624 277 jamque
643 201 742 260 alia
760 207 816 262 in
838 224 983 284 parte
1001 206 1175 267 socios
1198 217 1311 288 ejus
1330 217 1592 284 reclusos,
1616 221 1748 281 dum
1769 227 1869 300 mi⁴

162 270 176 274 ⁸
256 276 380 333 lites
399 277 550 336 ducis
578 282 810 360 suijuffu
848 288 1111 350 trucidare
1142 315 1504 370 conarentur,
1535 309 1590 361 δε
1614 327 1722 371 vox
1743 329 1836 364 mo
1860 355 1864 358 .

255 361 514 418 rientium
533 362 739 425 duriter
759 370 937 427 emissa
961 377 1071 447 jam
1111 374 1362 457 suspeetis
1390 385 1612 444 auribus
1648 391 1841 469 intona

255 459 371 509 ret3
407 443 535 502 ilico
555 467 770 528 apertos
793 450 933 532 ipsos
971 455 1129 514 dolos
1147 463 1847 550 cognoscensFridigernus

253 528 543 605 evaginato
558 532 741 611 gladio
765 539 820 594 in
839 542 1240 607 convivio‚non
1256 545 1366 605 fine
1385 570 1580 630 magna
1598 557 1847 613 temerita

251 622 309 671 te
331 610 723 697 velocitateque
744 624 1036 699 egreditur,
1052 624 1280 705 suosque
1299 627 1472 689 socios
1492 633 1558 692 ab
1573 638 1840 695 imminen
1871 714 1873 717 y

253 691 299 747 ti
318 711 502 753 morte
524 719 740 779 ereptos
762 705 826 762 ad
846 728 1035 765 necem
1055 709 1442 773 Romanorum
1465 715 1702 798 instigat.
1750 724 1875 789 Qui.

249 774 408 833 nafta
428 780 708 843 occasione
729 791 911 847 votiva
928 792 1207 873 elegerunt
1226 798 1324 853 viri
1344 795 1699 870 fortiffim‘i,in
1717 802 1875 881 bello¹

249 862 424 938 magis
441 859 602 940 quam
621 869 675 924 in
690 866 833 928 fame
853 871 1109 941 deficere3
1160 881 1215 933 &
1236 877 1358 936 ilico
1378 884 1433 937 in
1453 883 1656 941 ducum
1692 889 1871 965 Lupi-

250 942 361 996 cini
386 950 438 1000 &
464 948 694 1008 Maximi
711 974 983 1013 armantur
1002 955 1349 1018 occifionem.
1395 965 1483 1022 Illa
1501 988 1736 1048 namque
1756 971 1876 1030 dies·

251 1022 582 1087 Gothorum
601 1029 801 1092 famem
823 1079 839 1104 ‚
871 1041 1368 1122 Romanorumque
1382 1044 1719 1118 securitatem
1740 1054 1877 1113 ade-³

246 1108 353 1161 mit
376 1130 388 1161 ε
425 1130 819 1196 coeperuntque
857 1120 1033 1178 Gothi
1049 1128 1160 1196 jam
1183 1147 1298 1182 non
1321 1146 1380 1185 ut
1398 1129 1614 1191 advenae
1635 1141 1688 1193 δε
1713 1143 1887 1221 Ρετε-’ζέ

244 1192 421 1263 grim,
440 1189 527 1249 sed
547 1214 606 1252 ut
625 1200 766 1256 cives
786 1208 839 1258 δε
859 1202 1067 1260 domini
1088 1205 1466 1284 pofleffotibus
1481 1219 1758 1294 imperare,
1781 1223 1887 1294 to-}

241 1267 431 1347 tasque
455 1296 629 1354 partes
659 1279 1102 1357 septentrionales
1125 1288 1292 1369 usque
1329 1292 1393 1350 ad
1417 1297 1744 1358 Danubium
1765 1303 1863 1360 suo
1876 1296 1888 1385 l

237 1353 361 1425 jure
382 1375 582 1416 tenere.
603 1365 774 1433 Quod
796 1372 1136 1447 comperiens
1155 1375 1211 1430 in
1234 1379 1531 1436 Antiochia
1549 1384 1749 1441 Valens
1767 1389 1873 1442 im—'

239 1454 490 1511 perator,
523 1465 659 1502 mox
678 1468 886 1506 armato
907 1456 1140 1509 exercitu
1164 1497 1181 1522 ‚
1212 1458 1268 1512 in
1306 1456 1662 1523 Thraciarum
1687 1487 1865 1547 partes

240 1516 577 1595 digreditur;
617 1527 712 1584 ubi
748 1531 1109 1611 lachrymabili
1135 1537 1278 1595 bello
1312 1544 1600 1602 commiffo
1638 1545 1879 1609 vimen-²

239 1599 390 1658 tibus
419 1607 661 1672 Gothis,
700 1615 751 1668 in
784 1617 1024 1693 quodam
1046 1620 1245 1696 praedio
1268 1628 1427 1698 vjuxta
1465 1628 1887 1748 Ηαᾶτίαηορο-ΞΞ

236 1681 335 1737 lim
350 1683 555 1746 saucius
571 1694 676 1768 ipse
699 1693 971 1776 refugiens
990 1741 1004 1761 ‚
1039 1706 1424 1780 ignorantibus
1443 1733 1671 1792 quoque
1705 1711 1886 1798 quodi

234 1766 534 1842 imperator
562 1776 618 1830 in
650 1794 760 1833 tam
783 1782 867 1838 vili
891 1782 1056 1839 casula
1076 1785 1408 1851 delitesceret
1428 1795 1635 1852 Gothis
1652 1837 1669 1863 ,
1707 1801 1885 1880 igne-

235 1867 348 1925 que
375 1856 467 1925 (ut
496 1853 715 1927 affolet)
752 1857 997 1922 saevieute
1016 1867 1080 1922 ab
1116 1871 1340 1928 inimico
1376 1874 1655 1954 supposito
1674 1920 1690 1946 ,
1727 1903 1854 1940 cum
1881 1888 1885 1948 ζ

234 1935 401 2009 regali
432 1956 635 2016 pompa
654 1961 920 2000 crematus
940 1946 1047 2013 est,
1080 1948 1221 2007 haud
1240 1952 1383 2012 secus
1403 1959 1563 2035 quam
1585 1960 1668 2016 dei
1689 1982 1856 2039 pror-
1883 2007 1885 2039 ;

232 2007 539 2089 susjudicio
565 2064 579 2083 ‚
621 2040 679 2078 ut
697 2022 764 2078 ab
799 2025 918 2103 ipsis
941 2032 1065 2108 igne
1087 2034 1522 2108 combureretur,
1544 2084 1560 2108 ‚
1586 2046 1850 2126 quosipse

232 2113 418 2152 veram
438 2095 602 2157 fidem
641 2123 892 2182 petentes
927 2111 980 2166 in
1017 2111 1293 2188 perfidiam
1331 2120 1667 2186 declinasset,
1711 2134 1766 2185 &
1802 2133 1853 2186 i-

156 2193 158 2195 ’
229 2196 399 2254 gnem
433 2180 700 2242 charitatis
732 2189 796 2246 ad
830 2189 1089 2269 gehennae
1126 2199 1310 2274 ignem
1347 2203 1659 2264 detorsisset.
1706 2212 1846 2279 Quo
1879 2240 1886 2329 ἦ

231 2274 482 2338 tempore
513 2265 836 2348 Vesegothae
872 2273 1129 2333 Thracias
1163 2283 1501 2365 Daciamque
1549 2292 1845 2367 Ripensem

228 2338 354 2419 post
376 2346 508 2400 tanti
523 2349 752 2426 gloriam
783 2355 1007 2433 trophaei
1027 2401 1045 2428 ‚
1082 2378 1342 2444 tanquam
1363 2367 1478 2428 solo
1498 2374 1719 2454 genitali
1740 2398 1846 2463 po-
1876 2376 1885 2456 εἰ

230 2425 339 2493 titi,
365 2445 648 2510 coeperunt
665 2435 924 2496 incolere0
1880 2461 1885 2483 ⁴

1878 2335 1885 2358 l

1880 2361 1885 2370 w

1880 2484 1885 2559 ἐ
