1888 3428
204 139 658 197 GoTTHmAE
698 135 1087 194 H1sT0n1AE
1128 136 1403 200 L1B.IV.
1497 160 1614 223 431

42 223 122 279 ice
147 220 380 302 percussa
399 224 562 278 vitam
581 221 724 276 illico
745 221 792 275 ei
811 217 1042 276 ademit:
1069 221 1329 299 uniusque
1349 227 1445 280 viri
1467 246 1622 283 mor-

31 304 328 369 einclinata
357 305 520 380 praelii
552 299 773 359 fortuna
806 301 1086 358 viCtoriam
1119 301 1182 358 ad
1219 304 1506 362 Romanos
1524 308 1624 365 de-

30 387 161 444 ulit..
183 387 252 442 Et
274 388 318 442 is
337 385 557 463 quidem
575 404 719 464 equo
751 380 992 459 delapsus
1022 398 1116 438 ore
1136 387 1190 440 in
1210 402 1405 441 terram
1425 408 1625 464 procu-

48 471 156 535 uit‚
187 467 397 524 barbari
415 464 585 524 effuso
623 461 773 523 cursu
810 462 972 520 castra
1005 465 1335 544 repetebant.
1381 469 1623 526 Romani

52 554 241 628 azique
279 553 442 628 tergis
487 549 808 617 *inhaerentes
846 547 1074 604 multam
1121 546 1351 605 edebant
1387 551 1582 608 caedem
1604 590 1622 617 ,

45 652 120 687 on
141 631 248 689 fine
267 629 354 709 spe
376 673 392 698 ,
414 629 557 710 poffe
576 626 738 686 castra
754 627 991 686 hostium
1014 631 1223 709 impetu
1245 635 1374 707 rapi.
1419 633 1520 689 Sed
1535 637 1625 690 A·

26 735 157 770 anus
190 714 412 792 quidam
445 714 684 790 corporis
718 710 919 768 viribus
952 708 1138 778 ferox,
1166 707 1411 791 prorsum
1450 736 1507 771 ac
1542 736 1624 772 re-

28 794 234 865 torsum
251 797 468 870 jaculari
485 794 792 863 eximiUS‚in
812 791 924 871 ipso
943 792 1232 851 castrorum
1252 798 1482 852 introitu
1502 817 1626 875 per-

37 877 233 959 ngusto
251 875 523 942 constitit,
553 881 608 932 ἅτ
644 879 941 954 irrumpere
976 885 1220 954 parantes
1257 876 1400 956 spem
1434 898 1626 956 praeter

6 960 256 1018 'nhibuit.
297 962 465 1017 Hunc
482 959 751 1016 Iohannes
766 957 1003 1017 Thomae
1019 957 1161 1016 filius
1177 999 1191 1020 ‚
1210 980 1349 1016 unus
1369 967 1623 1019 omnium

44 1045 255 1100 roxime
290 1039 444 1098 ausus
480 1041 763 1108 accedere,
796 1040 1084 1098 hastaei&u
1110 1040 1626 1120 derepenteinterfi-

35 1127 92 1182 it.
135 1125 214 1181 Ea
237 1121 384 1181 causa
403 1121 507 1181 fuit
526 1144 619 1180 cur
642 1123 882 1180 Romani
913 1126 1150 1203 Lazique
1188 1123 1349 1182 castra
1382 1125 1624 1185 hostium

66 1225 276 1284 perent-
307 1205 668 1263 Barbarorum
688 1206 763 1263 ibi
782 1208 1101 1278 interierunt
1122 1206 1354 1284 plurimi.
1379 1229 1494 1285 pars
1519 1231 1626 1287 qua

45 1288 230 1366 uisque
252 1305 503 1367 poterant
523 1291 605 1346 via
637 1293 692 1344 in
725 1291 946 1365 patriam
978 1286 1314 1367 refugerunt.
1359 1292 1525 1347 Hunc
1556 1290 1626 1348 fi·-

5 1391 132 1428 nem
150 1369 339 1428 habuit
367 1368 461 1427 ista
480 1368 753 1427 Persarum
789 1374 845 1426 in
874 1368 1197 1428 Colchidem
1230 1373 1478 1449 irruptio·
1522 1374 1629 1430 Al-

6 1471 89 1510 ter
106 1451 384 1512 Persarum
404 1455 666 1510 exercitus
687 1496 702 1518 ‚
742 1450 1027 1532 postquam
1052 1457 1222 1510 Petrae
1249 1451 1497 1512 custodes
1531 1457 1628 1513 ali-

6 1554 361 1601 mentorum,
401 1541 456 1593 &
490 1557 607 1614 quae
641 1528 740 1592 alia
769 1534 832 1593 ad
854 1538 1017 1594 vitam
1034 1532 1156 1592 sunt
1176 1532 1485 1605 necessaria,
1523 1559 1625 1615 pro

0 1616 121 1695 ¹visu
143 1616 446 1675 firmaverat
465 1658 481 1684 ,
497 1614 688 1675 cursim
709 1615 856 1674 abiit.
897 1613 1101 1674 Interea
1121 1614 1244 1673 alibi
1259 1637 1372 1674 non
1390 1618 1633 1696 quiesce-

0 1699 183 1758 ibatur.
225 1702 369 1758 Nam
389 1698 756 1777 Dagisthaeum
776 1739 793 1767 ,
824 1696 1109 1777 postquam
1127 1701 1451 1776 Byzantium
1470 1703 1514 1758 is
1534 1722 1630 1759 ve—

10 1799 192 1848 nerat,
225 1783 367 1861 apud
385 1787 774 1861 Imperatorem
809 1784 934 1837 Lazi
954 1779 1281 1860 proditionis
1316 1801 1629 1863 navataeque

6 1862 174 1923 Perfis
202 1885 378 1943 operae
414 1861 697 1921 infamant.
739 1865 995 1942 Namque
1028 1862 1315 1921 induffiimm
1350 1864 1417 1921 ab
1454 1865 1629 1923 hosti-

7 1945 109 2004 bus
141 1947 351 2019 ajebant
372 1968 496 2005 eum
519 1958 587 2004 ne
616 1951 780 2003 Petrae
813 1943 1073 2004 labefafta
1092 1949 1295 2004 moenia
1327 1948 1626 2006 invaderet.

10 2033 214 2087 interea
233 2030 419 2087 datum
441 2047 657 2107 tempus
674 2025 813 2084 hosti
846 2027 1114 2108 congestis
1130 2027 1283 2087 saccis
1304 2050 1458 2087 arena
1477 2050 1631 2089 com-

12 2113 168 2192 pletis
185 2153 202 2180 ‚
221 2117 484 2170 Saxorum
507 2115 621 2169 vice
641 2150 658 2176 ‚
696 2108 878 2168 farcire
900 2113 1168 2169 moenium
1189 2115 1367 2168 ruinas
1390 2111 1494 2170 five
1513 2134 1630 2171 c0r=

11 2213 200 2273 ruptus
219 2198 447 2274 pecunia
464 2235 480 2262 ,
515 2192 619 2250 five
639 2190 802 2250 officii
820 2196 1099 2273 negligens
1119 2192 1457 2275 Dagisthaeus
1475 2196 1631 2274 quod

13 2274 321 2334 faciendum
341 2295 451 2333 erat
473 2273 744 2333 distulisset
767 2295 937 2345 ‚certe
954 2274 1190 2333 emiffam
1212 2277 1239 2333 ἐ
1261 2277 1513 2334 manibus
1532 2299 1633 2336 oc·

11 2357 277 2417 cafionem
299 2401 316 2427 ,
358 2380 520 2438 quarn
541 2378 819 2436 nunquam
858 2355 1041 2437 postea
1071 2356 1260 2438 quiss'et
1292 2360 1631 2439 reprendere.

14 2439 190 2520 Ipsum
227 2445 392 2522 igitur
425 2447 726 2519 Imperator
755 2443 810 2497 in
837 2461 1039 2498 carcere
1072 2441 1241 2499 claudi
1267 2442 1433 2516 juffit.
1475 2444 1631 2499 Tum

14 2522 196 2582 Besam
224 2566 240 2591 ,
270 2526 364 2604 qui
382 2523 446 2580 ab
468 2526 610 2581 Italia
631 2543 813 2579 recens
843 2542 1056 2580 venerat
1074 2564 1090 2590 ‚
1126 2523 1318 2582 ducem
1356 2527 1633 2581 ,Armeniis

15 2605 334 2685 impositum
364 2609 418 2662 in
437 2608 683 2663 Lazicam
704 2605 872 2662 mittit
891 2645 908 2672 ,
954 2605 1208 2664 universis
1241 2605 1317 2663 ibi
1347 2608 1635 2664 Romano-

0 2707 139 2763 „rum
158 2691 327 2767 copiis
342 2693 764 2767 imperaturum„
796 2708 908 2768 quo
924 2691 1030 2763 jam
1048 2693 1102 2746 &
1122 2689 1369 2747 Venulus
1383 2710 1508 2748 cum
1528 2691 1636 2747 mi-

0 2771 2 2777 ’
20 2769 115 2827 lite
133 2789 346 2829 venerat
367 2811 383 2837 ‚
414 2773 570 2830 Buzae
589 2768 757 2827 frater
771 2810 787 2835 ,
821 2769 1224 2849 Donachusque
1245 2777 1299 2828 &
1321 2792 1383 2829 ex
1403 2771 1634 2829 Thracia

19 2851 190 2910 Babas
205 2860 257 2911 δε
276 2854 515 2911 Herulus
530 2871 693 2934 gente
714 2853 995 2933 ViigaguS.
1037 2858 1115 2910 At
1137 2857 1379 2914 Lazicam
1398 2896 1414 2921 ‚
1451 2851 1634 2909 Persa-

25 2953 147 2994 rum
175 2932 349 3013 juffu,
387 2936 639 2996 Nabedes
687 2940 845 2994 armis
886 2934 1145 2999 invadens
1190 2956 1364 3014 operae
1396 2938 1652 3015 pretium*

1517 3035 1633 3071 non
