1888 3428
187 187 612 244 GOTTHICAE
668 184 1074 241 HISTORIAE
1119 183 1254 239 Lm,
1276 185 1394 238 IV.
1497 199 1604 257 501

30 264 187 328 uibus
224 269 349 325 mali
385 267 583 347 aliquid
625 267 879 323 divinitus
910 261 1224 341 impendet,
1259 263 1324 319 ad
1358 261 1613 342 supplicia

14 372 77 408 ua
99 369 322 407 currunt
338 352 503 406 ultro,
546 349 639 406 Ad
657 348 765 406 haec
786 368 882 404 vos
899 366 997 424 pro
1019 341 1252 402 fundato
1275 345 1614 422 legibusim-

32 437 145 491 erio
168 433 403 489 Martem
425 430 719 509 capeffiti33
751 430 826 485 illi
847 449 942 484 -res
976 446 1145 482 novas
1166 426 1373 482 calcatis
1403 425 1614 504 legibus

54 518 328 572 oliuntur:
350 535 525 591 neque
546 534 673 573 vieto
691 529 834 590 parta
853 510 917 567 ad
930 508 1160 575 haeredes
1176 508 1315 564 ullos
1336 511 1614 563 transmit-

23 617 110 654 ere
129 617 264 654 curae
284 595 516 654 habent:
558 595 644 653 sed
672 595 822 674 gnari
845 590 933 649 sua
951 592 1139 648 omnia
1157 590 1333 647 secum
1355 592 1612 666 peritura,

19 699 53 735 n
74 677 220 736 diem
241 682 449 737 vivunt.
493 678 644 757 digni
675 677 770 753 qui
804 677 885 733 vel
915 673 1021 731 hoc
1055 670 1130 729 ob
1159 670 1334 750 ipsum
1358 688 1614 727 contem-

40 778 218 818 antur.
257 762 403 818 Nam
422 781 563 841 quos
581 780 694 816 non
712 759 815 823 lex,
840 778 953 813 non
971 761 1059 832 jus
1076 751 1295 813 sociavit
1317 794 1333 815 ‚
1351 751 1485 810 ficut
1505 754 1617 809 vir»

23 861 174 900 utem
192 841 414 923 fugiunt
432 883 450 910 ,
484 840 550 898 fic
566 862 661 898 eos
679 836 821 920 fugit
840 840 1067 896 victoria
1086 878 1102 903 ‚
1121 859 1239 894 non
1256 834 1408 894 solita
1425 833 1620 892 adver⁴

22 930 95 983 ari
115 923 422 983 virtutibus·
466 922 696 999 Talibus
716 921 891 978 verbis
923 918 1047 978 suos
1063 917 1256 976 Narses
1291 916 1616 976 accenderat.

57 1026 79 1065 t
97 1009 312 1065 Totilas
330 1048 346 1074 ‚
381 1004 506 1063 etim
543 1004 795 1062 Gotthos
813 1004 1016 1062 videret
1046 1006 1311 1059 attonitos
1328 998 1621 1079 conspechz

59 1093 244 1148 omani
262 1093 524 1147 exercitus
541 1128 556 1153 ,
582 1090 849 1145 concione
870 1087 1124 1144 advocata
1144 1126 1160 1153 ,
1192 1083 1259 1142 fic
1276 1086 1430 1163 loqui
1448 1085 1622 1161 caepit.

62 1171 308 1230 ovissima
327 1172 485 1229 v‘obis
514 1171 854 1229 hortamenta
889 1168 1226 1226 adhibiturus
1245 1189 1344 1226 vos
1371 1165 1455 1223 hic
1489 1184 1623 1226 con-

34 1258 108 1314 ivi
127 1258 343 1312 milites,
385 1257 531 1312 Nam
551 1252 585 1310 fi
607 1254 738 1333 quid
776 1256 880 1309 mei
904 1251 1088 1327 judicii
1108 1248 1182 1305 est
1203 1248 1320 1328 post
1352 1248 1458 1305 hoc
1490 1266 1626 1325 prae-

27 1341 140 1395 ium
156 1338 337 1394 nullus
358 1338 458 1394 erit
482 1339 706 1393 monitis
722 1338 872 1393 locus
893 1355 907 1388 ε
944 1354 1048 1390 una
1067 1332 1177 1389 dies
1191 1331 1256 1388 de
1277 1333 1420 1388 bello
1439 1329 1627 1387 decer-

50 1438 140 1477 et..
163 1421 310 1478 Nam
332 1425 384 1477 &
405 1440 506 1476 nos
540 1424 594 1475 &
615 1419 901 1475 Romanus
924 1421 1227 1494 Imperator
1255 1417 1327 1471 ita
1361 1411 1650 1470 debilitati,

8 1500 318 1581 viribusque
349 1500 585 1559 exhausti
620 1497 801 1557 sumus
823 1540 839 1566 ,
877 1498 1006 1557 dum
1041 1514 1197 1555 tanto
1223 1514 1468 1574 tempore
1497 1512 1626 1554 cum

29 1582 289 1642 aboribus
310 1626 325 1651 ,
358 1586 602 1662 periculis
624 1625 640 1653 ‚
668 1584 920 1640 aerumnis
952 1578 1362 1645 confliffitmur,
1395 1580 1475 1633 ita'
1502 1574 1629 1631 belli

7 1663 406 1726 neceffitatibus
438 1665 731 1723 tolerandis
765 1663 890 1720 facti
927 1665 1191 1741 impareS,
1231 1678 1290 1717 ut
1323 1658 1361 1716 fi
1386 1679 1488 1715 nos
1520 1657 1629 1713 hoc

9 1750 195 1830 praelio
218 1751 484 1807 vincimus
505 1789 522 1815 ,
558 1766 908 1804 commovere
928 1743 1048 1803 sein
1069 1741 1344 1824 posterum
1366 1761 1480 1798 non
1499 1740 1632 1797 vali-

12 1835 126 1891 turi
150 1829 249 1888 sint
279 1833 520 1890 Romani
545 1852 558 1886 :
587 1828 622 1885 fi
644 1848 832 1886 contra
849 1848 951 1885 nos
969 1826 1074 1885 hoc
1096 1829 1334 1906 praeliurn
1355 1823 1493 1881 cadit
1511 1863 1526 1889 ‚
1548 1842 1634 1878 re-

12 1914 230 1994 parandi
286 1914 406 1973 belli
447 1912 590 1971 nulla
637 1912 755 1991 spes
799 1910 959 1968 nobis
1003 1925 1237 1966 maneat.
1279 1912 1632 1984 Vtracunque

11 2017 147 2077 gens
163 1996 368 2054 cladem
387 1994 619 2063 senserit,
637 1993 838 2052 causam
860 1990 1078 2050 habebit
1092 1988 1417 2066 satisjustam
1436 2029 1452 2055 a
1469 2006 1636 2066 quam

0 2078 116 2137 ‘suae
135 2082 190 2137 in
209 2078 480 2157 posterum
498 2081 668 2157 quieti
688 2076 972 2134 obtendat.
1012 2075 1159 2131 Nam
1196 2071 1394 2151 quibus
1427 2091 1506 2128 res
1528 2064 1637 2147 pes-

0 2159 148 2218 ¹fime
170 2161 475 2218 ceciderunt
493 2202 507 2224 ‚
542 2160 606 2217 ad
624 2160 847 2217 eandem
869 2158 1036 2214 redii-e
1053 2158 1236 2215 aleam.
1257 2158 1453 2212 nolunt
1474 2175 1487 2209 :
1522 2157 1575 2216 &
1596 2147 1635 2207 fi

16 2264 127 2322 qua
161 2240 304 2300 forte
342 2241 618 2300 necessitas
654 2263 721 2299 eo
755 2241 965 2303 trudat,
1009 2236 1291 2319 refugiunt
1325 2236 1488 2297 animi
1519 2253 1639 2313 per-

16 2326 495 2385 territiinhaerente
517 2325 856 2381 adversorum
880 2325 1160 2381 memoria.
1205 2322 1309 2379 His
1338 2319 1477 2375 bene
1513 2334 1638 2394 per-

19 2411 192 2489 ceptis
227 2410 457 2469 milites,
492 2428 637 2463 nunc
668 2403 883 2463 fortiter
915 2403 1108 2472 facite,
1141 2399 1548 2461 nonreservata.
1577 2399 1636 2452 in

19 2491 164 2550 aliud
198 2510 415 2570 tempus
465 2493 773 2546 animorum
818 2491 1014 2547 virtute
1037 2509 1050 2542 t
1099 2485 1375 2543 duriffima
1407 2497 1636 2562 quaeqUC

23 2570 287 2654 perferte,
323 2593 438 2630 non
472 2571 744 2628 custodito
779 2574 834 2627 in
870 2568 1012 2626 aliud
1045 2570 1341 2647 per—iculum
1374 2580 1635 2642 corpore:

25 2659 178 2736 equis
196 2677 324 2715 vero
344 2651 605 2732 armisque
629 2675 695 2710 ne
730 2655 925 2730 parcite
947 2693 963 2719 ,
992 2672 1237 2730 quorum
1271 2647 1390 2707 usus
1419 2643 1639 2725 posthac

25 2737 187 2796 restat
220 2738 416 2800 nulluS.
461 2735 685 2793 Caeteris
722 2733 915 2791 nostris
949 2737 1109 2791 rebus
1143 2735 1336 2791 attritis
1362 2771 1376 2795 ,
1417 2726 1638 2785 fortuna

26 2818 165 2879 hanc
182 2819 344 2878 nobis
363 2818 784 2897 diemreliquam
805 2815 962 2873 fecit:
997 2837 1058 2873 ea
1091 2835 1317 2872 omnem
1349 2809 1457 2888 spei
1490 2810 1638 2866 sum-

29 2922 176 2962 mam
196 2906 250 2957 in
269 2900 318 2958 se
352 2901 619 2959 continet.
663 2920 827 2979 quare
862 2900 1054 2955 alacres
1080 2902 1152 2955 ite
1172 2905 1223 2956 δε
1246 2895 1310 2951 ad
1330 2890 1640 2956 audendum

2 3015 3 3018 ¹
23 3005 124 3047 vos
142 2985 482 3064 componite.
524 2983 670 3043 Nam
690 2982 890 3064 quibus
905 2981 932 3038 32
947 2978 1042 3036 filo
1063 3001 1145 3038 res
1162 2977 1418 3058 pendent,
1437 2975 1511 3030 eis
1536 2985 1636 3060 nec

919 3065 970 3120 Ii
1020 3083 1043 3140 3
1491 3066 1661 3125 mini:
