1888 3428
194 147 636 206 Govrmcff,
675 142 1076 202 Hm-omffi
1114 147 1415 206 L1m111„
1516 167 1634 225 319

25 230 212 288 citum.
258 230 494 286 Thracas
509 226 854 285 Herodianus
871 267 888 294 ,
909 228 1207 284 Armenios
1228 229 1446 308 regebat
1462 230 1638 291 Phaza

23 311 146 369 Iber
174 315 373 369 Peranii
394 309 553 367 fratre
570 311 787 389 genitus'
806 331 820 364 ε
843 307 1167 368 accedebant
1183 312 1525 371 Hunnorum
1546 318 1639 374 ali-

24 401 141 472 qui.
199 392 348 451 Cum
384 392 480 450 bac
508 390 656 453 clafl'e
690 387 969 468 profectus
1001 393 1265 470 Byzantio
1287 393 1636 455 ‘Maximinus

24 477 251 533 Graeciae
272 497 477 553 partem
495 516 510 536 ‚
545 496 663 553 quae
683 474 876 552 Epiros
894 474 1088 530 dicitur
1103 519 1118 538 ‚
1153 474 1387 532 advenit.
1406 474 1481 537 ibi
1502 498 1638 534 con-

24 577 102 615 tra
127 579 289 637 quam
309 560 559 636 oportuit
581 597 596 618 ,
634 576 813 612 rerum
832 573 1081 635 tempora
1099 560 1245 624 trivit
1261 561 1404 613 otio.
1435 562 1638 637 quippe

23 640 343 698 bellicorum
381 641 599 696 actuum
634 641 951 714 imperituS‚
995 645 1050 697 &
1080 647 1246 695 ex‘eo
1278 641 1499 697 timidus
1531 661 1641 699 erat

25 721 377 800 celsumque,
417 744 544 778 mox
567 727 619 778 δι
637 721 985 777 Demetrium
1007 761 1024 786 ,
1063 725 1155 799 qui
1184 722 1472 779 Maximini
1491 724 1642 803 lega-

23 824 112 862 tus
133 803 253 861 esset
272 845 289 870 ,
326 807 493 860 mittit
525 808 823 879 Imperator
842 845 858 869 ,
897 807 1113 882 quijam
1134 822 1257 861 ante
1277 804 1373 862 sub
1388 803 1637 863 Belisario

22 886 336 967 legionibus
357 884 647 961 praefuerat.
693 890 739 940 Is
760 889 813 941 in
834 888 1059 943 Siciliam
1079 889 1361 964 perve8ws
1376 928 1393 954 ,
1410 908 1533 944 cum
1553 892 1639 945 in-

23 965 294 1028 tellexiffet
330 969 630 1039 Cononem
667 973 722 1024 &
760 969 1159 1047 Neapolitanos
1189 967 1390 1027 difficili
1424 968 1637 1027 obsidio

22 1072 310 1129 rerumque
344 1054 596 1107 omnium
625 1053 810 1127 inopia
842 1055 1048 1128 premi,
1095 1072 1297 1132 magno
1335 1053 1638 1132 opitulandi

22 1135 428 1212 quamprimum
463 1131 584 1210 ipfis
619 1132 904 1190 tenebatur
930 1133 1225 1191 defiderio:
1257 1135 1343 1192 sed
1375 1139 1638 1213 imparem

21 1215 72 1273 se
89 1212 383 1295 agnoscens
412 1214 488 1270 ob
508 1216 740 1271 militum
766 1218 1089 1293 paucitatem
1109 1257 1126 1283 ,
1162 1216 1228 1274 ad
1245 1216 1416 1274 astum
1449 1217 1497 1275 se
1519 1239 1641 1275 ver-

24 1300 118 1354 tit:
166 1297 366 1353 coactis
385 1294 586 1353 omni&
618 1295 789 1353 Sicilia
808 1316 947 1377 quot
980 1315 1191 1377 poterat
1211 1299 1474 1367 navibus,
1509 1319 1636 1357 cum

23 1383 80 1437 in
101 1400 189 1436 eas
213 1376 487 1436 frumenta
516 1375 842 1457 imposuiffet
863 1387 916 1438 &
936 1396 1121 1438 caetera
1137 1379 1337 1459 quibus
1356 1384 1464 1439 vita
1493 1382 1639 1440 indi-

22 1479 118 1542 get
137 1502 154 1529 ,
187 1464 259 1518 ita
282 1464 538 1540 navigans
556 1458 780 1540 speciem
802 1460 1073 1540 praebebat
1100 1461 1330 1522 Gotthis
1344 1467 1526 1543 magni
1543 1486 1640 1523 ex-

25 1547 240 1611 ercitus.
274 1565 371 1601 nec
388 1546 453 1602 de
472 1547 731 1624 opinione
750 1543 987 1601 hostium
1005 1544 1118 1623 spes
1136 1567 1262 1603 eum
1282 1543 1486 1604 fefellit.
1508 1567 1634 1605 cum

25 1631 173 1683 enim
209 1625 414 1684 classem
454 1624 793 1683 numerosam
833 1630 1004 1694 Sicilia
1031 1625 1210 1685 abiisse
1239 1629 1636 1706 intelligerent,

23 1709 150 1767 inde
193 1716 247 1765 &
283 1709 348 1766 de
391 1710 623 1765 militum
666 1708 980 1787 ingentibus
1022 1713 1201 1787 ¹copiis
1236 1710 1637 1786 conjectabant„

23 1792 177 1870 quod
211 1789 248 1847 fi
282 1792 423 1847 recia
442 1790 614 1848 statim
643 1792 932 1870 Neapolim
950 1789 1254 1849 intendifl'et
1280 1793 1634 1863 DemetriuS,

25 1876 317 1951 perterritis
337 1915 353 1939 ,
377 1877 450 1929 ita
469 1872 648 1940 cred0,
668 1873 919 1940 GotthiS,
943 1873 1194 1932 obstante
1214 1878 1450 1943 nemine,
1471 1879 1635 1955 oppi-

24 1954 155 2012 d²um
176 1953 436 2012 servass'et.
478 1958 644 2014 Nunc
678 1957 895 2033 periculi
913 1953 1160 2037 fugiens,
1191 1959 1483 2035 Neapolim
1514 1979 1637 2016 ver-

24 2035 108 2094 sus
139 2038 366 2118 dirigere
400 2036 610 2096 cursum
646 2038 834 2096 abnuit
852 2080 869 2105 ,
896 2036 1053 2097 sedin
1076 2048 1265 2117 portus
1281 2041 1477 2098 Romae
1503 2061 1635 2120 pro-

23 2123 261 2198 pinquos
276 2122 522 2178 invectus
540 2120 700 2178 dabat
716 2141 960 2199 operam,
979 2124 1205 2179 militem
1227 2121 1303 2178 ibi
1325 2141 1382 2179 ut
1400 2121 1633 2180 conscri-

23 2201 197 2260 beret.
237 2207 317 2259 At
337 2205 552 2261 illorum
575 2203 825 2260 locorum
843 2202 1114 2272 homineS,
1140 2225 1254 2260 non
1272 2204 1398 2263 victi
1418 2223 1634 2263 tantum
1660 2245 1663 2247 Α

24 2281 55 2340 :l
75 2282 308 2342 barbaris
336 2285 423 2341 sed
461 2292 514 2343 &
548 2288 740 2342 animis
757 2283 907 2343 fracti
927 2327 942 2352 ,
984 2305 1044 2344 ut
1079 2289 1427 2344 Demetrium
1445 2307 1635 2345 contra

25 2368 268 2427 Totilam
288 2389 345 2425 ac
363 2367 615 2425 Gotthos
632 2365 981 2447 sequerentur
1004 2369 1196 2426 adduci
1216 2390 1330 2426 non
1349 2388 1597 2449 poterant
1616 2392 1634 2428 :

24 2449 206 2530 itaque
226 2472 350 2507 cum
370 2453 432 2507 iis
452 2449 575 2526 solis
592 2472 734 2529 quos
766 2453 1028 2530 Byzantio
1046 2452 1335 2509 adduxerat
1357 2494 1375 2520 ,
1412 2454 1636 2532 Neapo-

24 2532 117 2589 lim
140 2552 319 2611 petere
348 2527 663 2613 cogebatur.
709 2534 834 2591 Erat
850 2541 901 2590 δι’
922 2535 1053 2616 alter
1081 2535 1398 2592 Demetrius
1417 2535 1637 2614 Cepha-

25 2612 213 2670 lenum
234 2613 262 2671 ὲ
283 2635 447 2695 gente
467 2657 482 2677 ,
518 2634 681 2672 nauta
701 2617 829 2672 olim
850 2658 866 2682 ‚
888 2614 1150 2696 marisque
1168 2637 1401 2695 operum
1419 2622 1473 2674 ὃ(
1492 2619 1634 2697 peri·

27 2696 278 2754 culorum
297 2702 536 2776 apprime
552 2719 751 2777 gnarus
769 2738 787 2763 ,
822 2698 1179 2778 Belisarioque
1198 2703 1252 2755 in
1273 2697 1518 2756 Africam
1535 2704 1635 2756 Ita-

25 2777 263 2858 liamque
284 2783 641 2859 navigationis
659 2802 843 2838 comes
861 2823 876 2849 ,
892 2783 1014 2839 clari
1032 2783 1156 2840 inde
1173 2785 1442 2840 nominis:
1466 2803 1635 2862 quem

27 2860 262 2940 Neapoli
292 2861 645 2940 dispensandae
665 2867 903 2941 pecuniae
922 2861 1226 2944 praefecerat
1242 2870 1560 2944 Imperator.
1592 2868 1636 2919 is

20 2962 92 3004 'ex
113 2964 226 3027 quo
247 2942 454 3005 barbari
479 2948 604 3004 illuc
623 2947 687 3005 ad
706 2945 975 3007 obfidium
997 2965 1252 3009 venerant
1272 2991 1286 3013 ‚
1335 2967 1449 3005 non
1467 2942 1633 3004 defie-

1552 3041 1631 3082 rat
