1931 3428
320 182 654 236 Lemma
733 167 1246 230 TERT1vs.'
1494 168 1604 225 821

24 266 109 346 egi
128 259 411 323 advenisset
431 304 446 325 ,
478 255 854 315 Theudelinda
875 257 985 327 ejus
1003 250 1110 306 filia
1129 274 1251 308 cum
1280 246 1374 306 suo
1393 270 1613 331 germa-

40 369 75 405 ο
99 388 116 416 ,
161 346 384 403 nomine
421 338 721 398 Gundoald
740 380 755 406 ‚
791 336 854 393 ad
887 334 1086 392 Italiam
1124 331 1375 410 confugit
1395 374 1412 400 ,
1447 331 1610 410 seque

33 431 286 488 dventare
304 423 534 482 Authari
551 418 743 500 sponso
756 417 1049 475 nuntiavit.
1089 414 1198 469 Cui
1220 413 1392 468 statim
1412 417 1494 469 ille
1511 413 1614 470 ob-

34 515 138 569 iam
171 528 296 565 cum
331 527 534 585 magno
563 519 816 584 apparatu
839 540 854 565 ‚
901 499 1119 575 nuptias
1158 494 1520 550 celebraturus
1553 499 1612 551 in

32 611 192 671 ampo
213 588 385 646 Sardis
405 629 422 656 ,
443 592 534 666 qui
554 585 702 666 supra
720 587 996 642 Veronam
1018 576 1091 636 est
1106 621 1120 641 ‚
1143 596 1430 633 occurrens
1445 617 1462 642 ,
1482 596 1614 632 ean·-

37 696 121 733 em
139 671 343 729 cunetis
363 669 663 727 laetantibus
685 670 738 722 in
760 664 1075 742 conjugium
1108 657 1235 715 Idus
1268 660 1440 732 Majas
1461 677 1615 714 acce-

37 759 98 813 it.
141 756 267 811 Erat
288 771 466 809 autem
487 771 614 809 tunc
634 748 871 812 ibi,inter
889 762 1097 801 ceteros
1115 739 1611 820 Langobardorum

41 859 163 896 uces
178 878 194 905 ‚
216 826 978 915 AgilulfduxTaurinenfium
999 826 1247 882 civitatiS.
1294 824 1432 891 Quo
1453 825 1508 878 in
1527 822 1617 877 lo-

33 942 67 978 o
96 940 217 977 cum
238 916 552 996 perturbato
575 920 688 971 aere
707 914 917 990 lignum
940 908 1215 988 quoddam
1237 947 1252 971 ,
1285 905 1435 984 quod
1453 908 1508 961 in
1525 925 1614 960 re-

41 999 270 1078 iisseptis
289 997 448 1054 litum
482 1014 622 1061 erat,
654 1016 778 1051 cum
800 1013 1001 1072 magno
1034 993 1407 1046 tonitruorum
1429 983 1616 1066 frago-

29 1107 55 1142 e
76 1088 126 1143 vi
143 1081 387 1140 fulminis
405 1080 574 1136 iehan
593 1074 789 1138 fuiffet,
805 1072 1038 1132 habebat
1054 1091 1184 1129 tunc
1206 1067 1616 1150 Agilulfquen-

39 1187 124 1224 am
143 1164 208 1222 de
227 1161 329 1219 suis
360 1159 650 1239 aruspicem
675 1179 930 1238 puerum,
978 1158 1069 1235 qui
1090 1176 1184 1231 per
1204 1172 1372 1210 artem
1394 1151 1616 1208 Diabo-

16 1252 152 1309 icam
175 1288 192 1314 ‚
229 1243 362 1323 quid
398 1241 647 1300 futurum
686 1240 1075 1319 portenderent
1110 1238 1248 1293 icius
1281 1233 1614 1300 fulminum,

26 1327 358 1407 ntelligebat.
406 1330 497 1404 qui
521 1322 714 1382 secrete
734 1319 856 1378 esim
877 1317 1171 1399 Agilulfad
1192 1314 1437 1395 requisita
1455 1332 1619 1373 natu⁴

32 1435 72 1471 ae
106 1409 368 1472 residem,
402 1408 577 1465 eidem
612 1408 782 1463 dixit:
819 1406 1022 1460 Mulier
1058 1400 1150 1458 ista
1171 1419 1287 1479 quae
1310 1397 1481 1455 modo
1503 1399 1617 1477 regi

46 1493 192 1551 ostro
206 1488 418 1569 nupsit,
435 1507 528 1546 tua
547 1509 657 1547 non
679 1484 798 1566 post
821 1488 1054 1542 multum
1075 1501 1290 1560 tempus
1309 1486 1507 1556 conjux
1527 1479 1620 1537 fu-

34 1598 125 1634 ura
142 1575 237 1633 est.
283 1572 454 1639 Quod
475 1575 560 1629 ille
593 1572 813 1627 audiens
837 1610 852 1636 ‚
897 1585 1056 1644 caput
1086 1564 1135 1622 se
1155 1570 1268 1639 ejus
1302 1579 1619 1641 amputatu-

35 1681 125 1717 um
146 1698 164 1725 ,
198 1656 232 1714 si
251 1656 347 1712 hac
365 1656 429 1712 de
448 1676 504 1711 re
523 1654 749 1731 amplius
769 1651 967 1728 aliquid
985 1648 1181 1704 diceret
1201 1687 1215 1711 ‚
1251 1649 1620 1701 comminatus

39 1740 101 1798 st.
146 1741 257 1797 Cui
275 1740 360 1794 ille
385 1760 398 1793 ε
423 1737 543 1815 Ego
563 1734 803 1814 quidem,
830 1734 1040 1810 inquit,
1073 1728 1245 1786 occidi
1261 1725 1476 1806 “poffum
1494 1768 1510 1793 ‚
1531 1724 1622 1783 sed

31 1842 113 1880 ata
133 1837 413 1900 nequeunt
432 1817 741 1876 immutari:
775 1836 899 1871 narn
931 1832 1069 1870 certe
1090 1812 1152 1868 ad
1171 1810 1275 1866 hoc
1293 1807 1385 1865 ista
1406 1812 1461 1864 in
1482 1807 1620 1864 hanc

46 1908 229 1963 att-iam
251 1900 453 1958 femina
473 1905 621 1957 venit
639 1940 656 1966 ,
697 1917 756 1954 ut
784 1899 889 1954 tuis
912 1894 1103 1953 debeat
1131 1895 1332 1971 nuptiis
1358 1888 1622 1969 copulari.

17 1986 198 2055 Quod
217 1988 286 2042 ita
309 2004 532 2063 quoque
552 1979 672 2061 post
689 1977 895 2056 faustum
915 1976 1007 2034 est.
1022 1978 1150 2033 Hoc
1168 1993 1440 2051 tempore,
1458 1978 1630 2050 quam

7 2069 84 2128 ob
104 2064 308 2126 causam
327 2108 343 2132 ,
364 2069 629 2122 incertum
651 2105 668 2130 ‚
690 2060 854 2120 Ansul
871 2102 885 2127 ‚
910 2078 1176 2140 cognatus
1194 2060 1332 2137 regis
1355 2054 1584 2112 Authari
1600 2095 1619 2123 ‚

9 2151 152 2231 apud
168 2153 450 2207 Veronam
469 2145 543 2204 est
561 2142 895 2204 interfeehts.
1542 2164 1546 2165 ff

415 2299 470 2360 c
550 2321 588 2357 A
666 2316 720 2353 P.
844 2297 1211 2366 XXXII„

89 2428 335 2507 Qomodo
350 2430 531 2487 iterum
548 2436 839 2483 Francorum
854 2424 1087 2481 exercitm
1109 2423 1160 2479 in
1180 2410 1378 2478 ltaliam
1393 2419 1546 2480 venit.

195 2569 278 2624 Ac
297 2568 460 2624 etiam
474 2560 787 2642 tempestate
808 2562 1028 2641 Grippo
1049 2562 1256 2641 legatus
1289 2554 1634 2615 Childeberti

195 2652 334 2729 regis
350 2650 831 2711 Francorum‚cum
850 2643 877 2700 ὲ
897 2642 1381 2718 Constantinopoli
1398 2635 1632 2701 remeas·-

16 2732 94 2792 set
113 2774 128 2795 ‚
158 2739 212 2791 &
232 2731 406 2788 eidem
425 2732 539 2810 regi
567 2728 664 2786 suo
681 2769 698 2796 ‚
734 2726 1022 2807 quomodo
1041 2721 1348 2784 honorifice
1368 2721 1436 2780 ab
1457 2724 1634 2799 impe-

20 2832 199 2873 ratore
235 2813 503 2870 Mauricio
523 2809 789 2888 susceptus
815 2806 1026 2874 fuisset,
1061 2803 1348 2866 nuntiaffet
1368 2827 1385 2872 3
1420 2809 1475 2861 &
1505 2804 1634 2883 quia
1715 2866 1717 2868 ,

21 2898 240 2973 injurias
254 2937 270 2964 ,
292 2915 425 2974 quas
445 2891 585 2972 apud
601 2890 990 2970 Carthaginem
1013 2884 1279 2970 perpeffus
1296 2884 1471 2944 fuerat
1489 2924 1505 2950 ,
1525 2887 1633 2938 im·-

20 2996 237 3061 perator
285 2977 349 3036 ad
387 2976 730 3037 voluntatem
783 2971 1123 3113 emizdsse‘ti
1179 2972 1320 3050 regis
1356 2969 1534 3027 ultum
1570 2965 1636 3018 iri

149 3086 155 3089 <
892 3135 905 3138 V
1057 3076 1081 3133 3
1504 3064 1636 3125 pro-
