1888 3428
215 150 639 215 Gor-THICAE
676 152 1070 214 Hts'rosstffi
1108 156 1257 213 Lm.
1292 159 1442 215 111..
1531 179 1638 239 375

5 297 19 302 „
44 233 143 319 qui
172 256 368 297 omnes
400 240 457 295 in
474 238 577 296 illis
593 241 750 304 viriS‚
796 253 856 294 ut
874 240 1071 296 virtute
1098 237 1463 316 praestantibus
1478 282 1497 310 ‚
1523 243 1646 320 plu-

39 325 242 379 rimum
284 319 630 402 reposuerant
657 320 784 400 spei.
825 316 1027 398 quibus
1057 316 1246 399 fugere
1279 322 1426 379 licuit
1446 364 1464 391 ,
1492 327 1644 402 quis-

38 425 147 482 que
199 423 478 484 receptum
536 425 703 485 quern
759 419 1011 482 poterant
1058 407 1323 482 arripuere
1341 444 1356 459 .
1430 409 1645 463 Primus

41 486 358 544 Crotonem
393 483 553 544 effusa
591 483 722 566 fuga
755 483 978 564 pervasit
1010 481 1212 542 satelles
1243 483 1476 544 Belisarii
1513 490 1644 545 Bar-—

39 567 192 627 batio
232 568 524 626 comitibus
572 566 790 626 duobus
824 606 842 633 ,
903 572 960 624 &
1007 570 1228 624 narratis
1275 589 1395 646 quae
1441 588 1642 627 evene-

36 670 158 708 rant
188 692 205 714 ‚
248 651 448 710 addidit
476 649 685 708 credere
719 647 769 707 se
797 652 1019 725 jamjam
1050 648 1330 707 adfuturos
1365 649 1639 708 barbaros.

36 732 313 791 Belisarius
334 754 535 812 magno
571 732 761 790 dolore
797 748 1068 812 concepto
1103 753 1266 790 naves
1286 734 1426 790 iniit.
1470 734 1645 793 Paetis

34 816 165 873 velis
181 814 288 894 ipse
307 857 324 882 ‚
342 822 396 871 δι’,
415 814 565 895 quod
584 834 708 871 cum
741 834 808 871 eo
829 831 940 871 erat
959 815 1194 873 militurn
1213 855 1229 881 ‚
1261 834 1459 872 ventos
1475 813 1643 881 itz'fa-
1694 830 1697 831 ’

35 916 224 955 ventes
246 896 476 954 habuere
494 937 512 964 ,
555 913 616 952 ut
634 896 831 954 eodem
849 896 933 954 die
953 897 1248 954 Meffanam
1269 899 1454 955 Siciliae
1474 902 1642 975 attin-

31 997 223 1060 gerent
245 1002 260 1036 :
301 999 419 1059 quae
439 979 693 1036 Crotone
712 976 1045 1060 septingenta
1066 978 1211 1037 abest
1240 978 1403 1039 stadia
1429 1014 1457 1042 ‚³
1486 980 1643 1039 Rhe-

29 1063 184 1141 gium
205 1080 412 1118 contra.
455 1063 584 1118 Hoc
614 1059 729 1138 ipso
757 1079 1006 1142 ternpore
1036 1063 1353 1120 Sclavorum
1375 1066 1643 1122 exercitus

27 1143 352 1201 Danubium
373 1142 712 1225 transgressus
729 1147 931 1224 Illyrios
948 1166 1142 1202 omnes
1166 1146 1535 1225 Epidamnum
1558 1145 1643 1204 us?-

27 1246 136 1304 que
158 1225 376 1305 pessime
396 1224 658 1283 “adstabat
681 1270 694 1291 ,
732 1228 961 1306 puberes
978 1249 1174 1284 omnes
1192 1246 1282 1286 aut
1305 1227 1642 1289 interficien-

30 1308 105 1365 do
124 1326 214 1365 aut
241 1308 506 1383 trahendo
530 1312 771 1389 captivos
789 1350 806 1375 ‚
848 1330 932 1367 res
950 1328 1131 1367 autem
1165 1312 1405 1389 undique
1424 1329 1642 1390 raptan-

31 1389 123 1448 do,
157 1393 291 1469 quin
307 1397 360 1448 δε
380 1389 587 1449 castella
604 1431 622 1459 ,
656 1409 777 1470 quae
797 1389 1054 1450 hactenus
1070 1396 1209 1450 inter
1227 1391 1526 1451 firmiffima
1541 1393 1641 1451 ha-

24 1471 298 1531 bebantur
333 1491 584 1553 ceperant
615 1474 821 1531 vindice
854 1479 1108 1543 nemine,
1155 1496 1365 1555 proque
1393 1474 1640 1533 lubidine

23 1557 282 1614 rimantes
313 1559 501 1615 omnia
531 1555 882 1636 vagabantur.
940 1558 1243 1635 Illyriorum
1278 1558 1441 1615 duces
1474 1561 1642 1621 millia·

26 1635 208 1695 secum
227 1637 484 1695 habentes
499 1638 810 1717 quindecim
832 1641 1045 1696 eminus
1062 1639 1298 1699 hostium
1327 1639 1545 1719 vestigia
1564 1639 1640 1697 se-

24 1720 365 1800 quebantur,
411 1740 585 1800 prope
620 1741 735 1777 non
771 1719 878 1778 aus1
907 1720 1177 1778 accedere.
1217 1721 1423 1779 Eadem
1441 1721 1636 1801 hyeme

23 1821 173 1860 terrae
188 1799 544 1882 quassationes
560 1798 710 1859 fastae
725 1800 848 1860 sunt
865 1824 1052 1883 graves
1071 1810 1126 1861 &
1141 1802 1326 1882 asperae
1346 1844 1362 1869 ,
1396 1822 1514 1863 tum
1532 1808 1637 1884 By-

27 1886 222 1952 zantii,
258 1898 378 1941 tum
408 1886 520 1942 aliis
538 1888 594 1942 in
622 1886 757 1943 locis
775 1928 795 1954 ‚
833 1886 1005 1943 nocstu
1024 1908 1257 1955 omnes-f
1294 1908 1633 1968 magnusque

22 1965 338 2024 hominibus
352 1988 520 2047 pavor
538 1968 728 2026 accidit
747 1969 908 2026 obrui
923 1970 1292 2026 metuentibus
1316 1992 1330 2026 :
1358 1990 1535 2050 neque
1552 1968 1636 2028 ta-

18 2069 147 2106 men
167 2047 387 2129 insignis
407 2051 530 2107 mali
547 2051 840 2131 quicquam
857 2049 1098 2109 secutum
1119 2052 1211 2108 est.
1257 2052 1438 2109 Etiam
1475 2055 1634 2111 Nilus

21 2129 176 2211 supra
203 2133 512 2190 offodecim
533 2134 747 2192 cubitos
765 2130 1068 2191 excrescens
1088 2155 1313 2191 omnem
1332 2140 1630 2214 AEgyptum

21 2215 304 2275 inundavit
333 2218 748 2296 perrigavitque.
789 2219 1035 2274 Tantum
1063 2220 1118 2273 in
1146 2217 1369 2295 superna
1386 2217 1626 2275 Thebai-

22 2296 100 2354 dis
132 2315 277 2376 parte
307 2316 618 2376 temporum
640 2297 847 2359 vicibus
866 2300 1036 2357 modo
1055 2298 1381 2357 subsidentes
1400 2340 1418 2368 ,
1455 2300 1627 2357 modo

19 2379 327 2438 recedentes
351 2398 502 2459 aquae
521 2379 747 2459 spatium
769 2381 962 2440 dedere
980 2383 1228 2462 agricolis
1247 2383 1309 2439 ad
1330 2382 1628 2439 sementem

10 2467 78 2520 -&
112 2465 243 2520 alios
275 2465 410 2520 ruris
439 2461 680 2533 labores.v
712 2469 789 2519 At
821 2463 887 2520 ab
917 2462 1140 2522 inferius
1164 2464 1278 2521 sitis
1305 2467 1456 2522 terris
1475 2486 1625 2545 aquae

19 2541 306 2624 postquam
326 2541 638 2604 access'erant
654 2566 770 2603 non
789 2543 1058 2611 defluxere
1075 2587 1091 2614 ,
1117 2569 1174 2604 ac
1196 2545 1263 2604 sic
1287 2589 1305 2615 ‚
1334 2547 1485 2628 quod
1503 2565 1628 2604 ante

19 2649 300 2706 nunquam
319 2630 621 2708 contigerat
638 2670 655 2696 ,
689 2633 871 2686 omnis
891 2628 1201 2687 conserendi
1221 2651 1380 2710 agros
1399 2625 1631 2688 facultas.

16 2728 197 2789 erepta
216 2709 307 2767 est.
352 2714 540 2767 Paucis
556 2714 613 2768 in
635 2712 908 2768 lociscum
928 2730 1090 2789 terras
1108 2709 1366 2770 liberasset
1394 2710 1625 2780 flumen,

19 2792 201 2850 denuo
231 2813 318 2851 eas
351 2789 540 2851 invasit
559 2834 577 2862 ‚
618 2815 846 2874 quaeque
869 2794 1063 2853 medio
1082 2813 1330 2873 tempore
1348 2798 1404 2851 in
1422 2813 1623 2852 terram

17 2875 211 2949 injecsta
230 2893 378 2933 erant
400 2873 600 2932 semina
616 2917 632 2941 ,
668 2897 728 2933 ea
746 2878 937 2933 cuncta
971 2881 1231 2956 corrupit.
1275 2880 1457 2934 Tanta
1476 2876 1623 2943 clade

18 2955 241 3036 perculsi
271 2955 927 3038 hominesobstupebant
956 2980 972 3016 :
1017 2962 1375 3018 animantium
1404 2977 1627 3020 caetero-

847 3044 899 3099 A
919 3062 947 3097 a
988 3063 1029 3118 4
1507 3059 1630 3097 rum
