1931 3428
425 150 1123 243 CHRouteon.
1478 157 1594 226 735

343 312 396 384 E
422 342 469 384 R
497 341 544 383 A
582 311 1014 410 quingentcfima
1020 309 1235 402 prima.

90 486 194 549 Ost
231 480 570 546 Geffericum
600 485 867 542 Vnericus
900 474 1204 535 Gunderici
1244 470 1387 530 filius
1418 494 1610 554 regnat

32 622 34 625 ,
89 593 263 631 annos
283 568 485 648 septem
509 564 715 625 menses
733 564 1006 644 quinque,
1041 557 1246 630 habens
1267 559 1323 613 in
1344 562 1611 639 conjugio

46 656 356 713 alentiniani
378 650 737 730 filiam,quarn
759 663 907 725 pater
925 649 1041 720 ejus
1060 662 1123 698 ex
1140 639 1325 698 Roma
1347 660 1474 697 cum
1496 661 1616 698 ma-

17 759 68 796 re
97 741 364 817 captivam
385 736 677 794 adduxerat
699 751 715 797 3
752 731 922 807 qui&
950 722 1058 803 ipse
1082 726 1316 782 Arriano
1336 720 1615 786 suscitatus

18 841 175 878 urore
215 819 531 877 Catholicos
566 835 658 892 per
693 828 872 869 totam
915 805 1156 866 Africam
1194 807 1430 864 atrocior
1463 823 1616 885 patre

29 902 341 982 ersequitur.
383 896 640 958 Ecclesias
675 895 817 953 tollit
838 935 855 962 ‚
891 889 1194 949 sacerdotes
1229 889 1316 966 [δε
1346 889 1614 969 ειιηᾶοε]

11 989 117 1043 acri
152 985 356 1042 ordinis
392 983 612 1040 clericos
633 979 794 1036 exilio
820 978 1010 1032 mittit.
1054 970 1369 1029 Monachos
1388 992 1618 1051 quoque

25 1087 155 1148 tque
173 1070 590 1144 laicosquatuor
611 1066 818 1119 circiter
835 1059 1001 1115 millia
1018 1057 1185 1113 exiliis
1206 1052 1517 1112 durioribus
1531 1076 1620 1114 re-

11 1153 206 1232 egavit.
250 1149 518 1226 Martyres
549 1143 714 1210 fecit,
756 1137 1151 1200 confefforibus
1191 1138 1404 1216 linguas
1452 1134 1618 1194 absci-

31 1237 74 1290 it
91 1270 108 1297 ‚
140 1235 233 1311 qui
252 1234 451 1309 linguis
470 1225 699 1286 abscissis
727 1222 963 1305 perfefie
988 1220 1154 1300 usque
1174 1220 1239 1277 ad
1256 1218 1425 1275 finem
1442 1221 1617 1277 locuti

19 1333 132 1372 unt.
178 1316 344 1370 Tunc
363 1314 514 1385 laetus
531 1306 821 1388 Neptensis
840 1306 1070 1362 civitatis
1087 1299 1385 1380 Episcopus
1405 1340 1424 1368 ,
1463 1303 1621 1380 [glo-

25 1396 133 1455 iose
156 1398 410 1475 martyrio
430 1409 743 1450 coronatur.
758 1388 999 1469 quidum
1018 1382 1261 1459 Arriani]
1283 1387 1524 1464 contagii
1539 1383 1621 1440 la-

41 1501 68 1536 e
104 1480 265 1537 variis
304 1478 482 1556 poenis
516 1475 768 1531 maculari
799 1491 915 1529 non
938 1469 1154 1548 potuit,
1197 1466 1374 1526 vietor
1398 1482 1622 1547 repente

31 1562 173 1619 oelos
205 1558 468 1618 obtinuit.
507 1559 772 1616 Vnericus
807 1569 991 1610 autem
1025 1554 1165 1607 inter
1197 1547 1625 1607 innumerabiles

26 1664 216 1702 uarum
251 1644 597 1722 impietatum
631 1637 829 1717 strages
864 1654 996 1713 quas
1024 1635 1080 1688 in
1118 1629 1442 1687 catholicos
1475 1649 1625 1687 exer-

35 1742 202 1787 uerat‚
219 1727 414 1782 o&avo
433 1725 586 1802 regni
605 1736 839 1787 ann0,ut
860 1719 1052 1772 Arrius
1071 1731 1219 1791 pater
1236 1718 1372 1789 ejus,
1391 1714 1623 1771 interio-

29 1808 151 1867 ibus
171 1809 378 1867 cunctis
398 1803 577 1864 effufis
597 1800 962 1860 miserabiliter
979 1799 1145 1857 vitam
1166 1793 1356 1856 finivit.

260 1973 312 2039 E
338 1996 383 2036 R
410 1996 455 2036 A
493 1965 923 2062 quingentesima
944 1959 1382 2055 quartadecima.

14 2143 131 2269 V
145 2138 351 2196 Nerico
372 2133 604 2194 succedit
620 2131 1055 2192 Gunta-mundus
1074 2149 1306 2210 regnans
1322 2128 1475 2184 annis
1490 2124 1627 2184 duo*

148 2221 324 2278 decim
345 2260 362 2286 ‚
391 2215 685 2298 quistatim
704 2212 947 2273 Ecclefiae
970 2231 1155 2293 pacem
1175 2209 1499 2279 reformanS,
1517 2210 1629 2268 Ca*

11 2305 248 2365 tholicos
267 2301 334 2360 ab
352 2301 514 2358 exilio
536 2301 829 2360 revocavit.

253 2469 307 2534 E
330 2490 379 2532 R
402 2489 448 2531 A
485 2465 913 2557 quingentefima
932 2459 1383 2551 viccfimassxta.

21 2630 507 2764 CVntamundo
529 2648 753 2689 mortuo
788 2625 1223 2686 Tranfimundus
1252 2640 1440 2706 regnat
1477 2623 1637 2681 annis

91 2720 136 2764 J
149 2738 309 2776 xxvn.
333 2713 541 2772 menses
561 2730 817 2793 quatuor.
860 2710 960 2767 Iste
981 2714 1208 2768 Arriana
1223 2707 1423 2767 insania
1440 2708 1637 2784 plenus

23 2800 345 2858 Catholicos
374 2796 660 2854 insectatur
679 2839 694 2860 ,
732 2792 971 2852 ecclesias
989 2794 1184 2852 claudit
1203 2836 1218 2859 ‚
1260 2796 1316 2849 in
1335 2791 1640 2847 Sardiniam

23 2882 185 2941 exilio
203 2903 270 2939 ex
283 2883 441 2939 omni
459 2877 713 2947 Africana
726 2875 955 2935 Ecclesia
969 2896 1187 2934 centum
1206 2877 1404 2953 viginti
1420 2869 1643 2950 Episco-

23 2987 126 3047 pos
146 2967 338 3024 mittit.
389 2959 718 3042 Carthagine
735 2964 992 3020 moritur.
1038 2960 1217 3036 Cujus
1245 2973 1493 3034 tempore
1511 2950 1645 3007 Ful-

1502 3052 1642 3112 gent
