1931 3428
256 142 578 199 LIBER
658 138 1241 195 Saevnnvs.
1462 155 1579 215 795

18 221 231 286 dscensu
252 265 269 291 ,
283 241 402 303 quae
421 224 615 302 palatio
637 238 746 276 erat
763 218 1041 296 contigua,
1057 216 1322 294 sepultum
1343 216 1430 276 est,
1462 222 1589 279 Fuit

19 328 166 367 utem
184 304 379 364 statura
396 323 652 383 procerus
669 344 684 369 ,
703 307 756 360 &
776 300 837 358 ad
855 299 990 355 bella
1010 302 1312 377 peragenda
1330 320 1452 358 toto
1469 323 1590 360 cor-

20 407 114 448 ore
131 384 427 468 coaptatus.
465 388 649 462 Hujus
671 385 943 441 tumulum
973 377 1169 436 nostris
1196 384 1253 436 in
1280 383 1470 440 diebus
1488 386 1592 442 Gi-

6 472 239 531 elbertus
254 511 270 538 ‚
290 473 384 550 qui
403 470 511 528 dux
529 464 926 527 Veronenfium
945 460 1120 520 fuerat
1140 504 1156 529 ‚
1190 467 1451 541 aperiens,
1474 465 1593 542 spa-

11 556 135 612 ham
152 559 263 629 ejus
281 593 297 620 ‚
317 559 370 609 &
387 551 423 608 si
445 552 576 631 quid
595 554 650 607 in
668 566 864 606 ornatu
885 544 1045 625 ipfius
1075 550 1363 602 inventum
1395 542 1592 608 fuerat,

18 636 218 694 bstulit.
255 639 373 715 Q
389 635 465 691 ob
486 635 618 691 hanc
636 630 840 690 causam
859 632 1092 685 vanitate
1111 628 1261 686 solita
1280 628 1420 708 apud
1438 628 1595 687 indo-

44 740 107 777 os
122 718 396 786 homineS‚
416 716 625 774 Alboin
643 711 691 772 se
713 710 890 771 vidiffe
910 711 1190 787 ,jaffaban

411 857 469 920 C
522 880 570 920 A
638 876 694 917 P.
793 853 1111 920 XXIX.

248 998 511 1056 Helmecbis
528 1013 729 1072 regnare
746 996 901 1051 voluit
921 992 1036 1068 ,fid
1049 1012 1139 1048 non
1147 993 1338 1068 potuit.

71 1138 238 1196 Gitur
253 1134 560 1193 Helmichis
577 1135 819 1192 extin&0
836 1132 1045 1189 Alboin
1068 1173 1086 1200 ,
1132 1151 1364 1211 regnum
1386 1133 1498 1205 ejus
1515 1124 1604 1186 inas·

71 1220 261 1280 vadere
280 1236 507 1276 conatus
530 1217 603 1297 est
632 1239 645 1272 ε
691 1212 779 1272 sed
799 1219 1022 1271 minime
1043 1220 1226 1292 potuit
1257 1258 1272 1279 ,
1309 1216 1434 1291 quia
1456 1216 1605 1268 Lan-

31 1302 221 1362 obardi
239 1304 470 1361 nimium
490 1299 557 1357 de
581 1319 758 1356 morte
782 1300 921 1356 illius
940 1297 1187 1354 dolentes
1206 1337 1223 1363 ‚
1262 1316 1388 1352 eum
1410 1296 1607 1351 molie-

39 1404 195 1443 antur
229 1389 565 1464 extinguere.
624 1385 926 1461 Statimque
957 1378 1311 1437 Rosemunda
1340 1380 1608 1457 Longino

40 1465 259 1526 raefe6³oe
286 1470 560 1525 Ravennae
594 1465 869 1521 mandavit
887 1505 904 1530 ‚
938 1479 999 1519 ut
1018 1466 1173 1519 citius
1192 1482 1386 1517 navem
1403 1460 1610 1539 dirige>-

26 1569 100 1621 et,
120 1573 239 1630 quae
269 1572 362 1608 eos
381 1547 634 1627 suscipere
653 1548 840 1627 posset.
883 1549 1172 1625 Longinus
1192 1546 1281 1600 tali
1302 1546 1498 1600 nuntio
1517 1547 1611 1600 lae-

26 1631 329 1702 usest'edffls
345 1674 362 1701 ‚
380 1630 693 1692 festinanter
711 1650 904 1687 navem
928 1628 1121 1685 direxit
1140 1668 1156 1692 ‚
1201 1630 1255 1682 in
1278 1646 1444 1704 quam
1467 1624 1612 1680 Hel-

63 1716 192 1774 ichis
215 1758 233 1784 ,
269 1737 391 1773 cum
414 1713 885 1788 Rosemundajam
910 1708 998 1767 sua
1027 1716 1260 1789 conjuge
1280 1752 1294 1772 ,
1330 1708 1500 1763 nocffit
1519 1704 1614 1763 fu-

40 1803 211 1865 ientes
231 1797 446 1880 ingressi
463 1797 585 1855 sunt
602 1836 617 1862 ‚
631 1791 1035 1872 auferentesque
1052 1793 1231 1850 secum
1250 1789 1615 1847 Albsuindam

28 1886 140 1962 egis
172 1880 337 1938 filiam
361 1922 377 1949 ‚
418 1886 720 1937 &omnem
756 1876 1249 1956 Langobardorum
1282 1872 1613 1937 thesaurum,

39 1969 239 2024 elocius
290 1966 608 2021 Ravennam
666 1979 1046 2042 pervenerunt.
1123 1960 1289 2014 Tunc
1323 1958 1617 2035 Longinus

44 2045 290 2105 raefefius
322 2045 536 2105 suadere
565 2048 731 2124 coepit
760 2041 1123 2100 Rosemundae
1149 2081 1164 2107 ,
1224 2058 1285 2097 ut
1311 2037 1618 2097 Helmichis

8 2129 332 2190 'nterficeret
351 2171 367 2198 ,
406 2135 459 2185 δε
481 2133 595 2201 ejus
617 2126 664 2183 se
696 2130 899 2206 nuptiis
917 2126 1216 2203 copularet.
1259 2124 1356 2179 Illa
1374 2144 1395 2191 ς
1428 2141 1489 2178 ut
1507 2138 1618 2177 erat

7 2213 73 2270 ad
92 2234 320 2268 ornnem
342 2214 640 2290 nequitiam
659 2208 821 2267 facilis
835 2249 852 2275 ‚
890 2209 1021 2265 dum
1042 2225 1195 2286 optat
1210 2206 1619 2264 Ravennatium.

7 2295 235 2352 domina
259 2293 406 2363 fieri,
438 2294 503 2350 ad
526 2311 737 2350 tantum
769 2292 1187 2371 perpetrandum
1219 2287 1426 2346 facinus
1447 2284 1621 2343 affen-

7 2377 125 2435 sum
144 2378 290 2435 dedit
310 2416 327 2442 ‚
347 2396 508 2457 atque
521 2376 651 2433 dum
672 2373 979 2432 Helmichis
992 2372 1041 2431 se
1060 2374 1115 2430 in
1136 2373 1334 2430 balneo
1356 2371 1622 2435 ablueret,

10 2460 308 2540 egredienti
342 2465 389 2517 ei
417 2461 482 2518 de
514 2462 725 2519 lavacro
755 2460 949 2516 veneni
982 2459 1242 2536 poculum
1263 2498 1280 2525 ‚
1317 2454 1468 2535 quod
1489 2450 1623 2509 salu-

10 2547 78 2601 tis
95 2542 194 2599 effe
214 2540 567 2610 asseverabat,
597 2543 924 2622 propinavit.
965 2541 1055 2598 llle
1075 2541 1168 2596 ubi
1186 2537 1340 2597 sensit
1357 2536 1405 2594 se
1428 2536 1624 2592 mortis

11 2628 270 2705 poculum
286 2624 471 2683 bibisse
490 2667 508 2694 ,
542 2623 948 2682 Rosemundam
965 2664 982 2690 ‚
1017 2627 1307 2703 evaginato
1329 2619 1483 2699 super
1501 2638 1622 2674 earn

13 2707 193 2788 gladio
212 2749 228 2775 ‚
259 2709 411 2788 quod
428 2712 694 2788 reliquum
719 2726 828 2764 erat
847 2705 1052 2771 bibere,
1080 2710 1278 2785 co'e'git.
1322 2705 1517 2780 Sicque
1537 2700 1627 2757 dei

17 2794 420 2868 omnipotentis
458 2793 665 2867 judicio
716 2788 1092 2849 interfefflmres
1138 2785 1452 2869 iniquiffimi
1508 2803 1625 2840 uno

18 2891 308 2950 momento
331 2875 623 2957 perierunt.

1400 3030 1623 3088 CAP.
