1888 3428
367 160 1006 231 ELOEIA.
1368 181 1395 222 1

24 281 115 323 um
131 254 355 320 nomina
378 246 762 314 invocantibus
781 287 800 316 ‚
831 244 990 303 fimili
1010 239 1366 302 misericordia
1394 180 1484 302 313-
1571 235 1573 237 ¹

36 341 286 404 ulserunt.
336 342 393 396 in
427 335 646 415 reliquis
663 342 847 390 autem
860 369 876 397 ,
915 325 1009 384 etsi
1038 326 1213 406 praeda
1236 324 1488 384 hostibus

37 430 197 496 amit,
218 420 448 483 feriendi
460 419 731 497 *licentiam
747 416 915 493 pietas
931 405 1232 473 refrenavit.

667 536 729 588 C.
786 545 854 588 X.

82 628 192 689 Sub
223 601 328 685 hoc
355 646 479 706 rege
516 621 557 661 ἦ
583 616 783 677 Gotthi
803 620 989 696 legum
1017 612 1230 672 suarum
1254 610 1495 670 instituta
1524 621 1690 660 *Βατία

34 710 68 770 d
96 710 357 790 scripturae
375 709 555 766 seriem
578 703 916 781 redegerunt·
961 719 1087 755 nam
1123 714 1245 754 ante
1278 712 1494 754 tantum

66 793 252 852 oribus
272 797 325 849 &
346 785 732 847 consuetudine
754 780 1092 840 tenebantur.

560 915 674 969 ·<2
729 924 928 968 x11.

85 1007 206 1085 Q
245 1000 427 1059 *cum
447 998 569 1060 esset
587 999 864 1059 haereticus
881 1037 899 1064 ‚
938 1016 1126 1076 pacem
1142 1013 1325 1053 tamen
1361 1013 1498 1050 con—
1527 1000 1549 1023 ’³
1574 990 1755 1033 Wudiuf—

37 1087 152 1148 effit
171 1083 412 1144 ecclefiae.
449 1086 583 1141 adeo
607 1101 667 1139 ut
683 1082 953 1138 licentiam
975 1077 1274 1137 Catholicis
1289 1073 1502 1155 episco-

43 1175 87 1228 is
103 1164 250 1227 daret
267 1170 320 1224 in
344 1189 514 1225 unum
542 1165 683 1245 apud
700 1163 893 1221 urbem
914 1166 1117 1242 regiam
1137 1162 1426 1219 convenire
1446 1163 1501 1215 Sc

52 1270 346 1327 uaecunque
370 1250 433 1308 ad
452 1246 780 1327 disciplinam
818 1245 1042 1304 ecclefiae
1077 1242 1419 1324 pertinebant
1437 1242 1504 1299 li-

51 1355 134 1393 ere
153 1332 415 1389 ordinare.

425 1477 746 1544 Lffi.11n
800 1488 1086 1544 C.V11.

93 1614 244 1672 Cum
265 1610 292 1668 Ξι
311 1610 506 1669 saeculis
525 1606 873 1665 Gotthorum
905 1607 1170 1687 magnalia
1187 1625 1379 1666 omnes
1397 1625 1502 1687 po·
1533 1620 1639 1659 Verba
1656 1618 1737 1675 regate

53 1699 121 1757 uli
137 1736 154 1765 ,
172 1691 468 1772 omnesque
487 1692 757 1771 principes
781 1688 883 1747 sint
900 1692 1122 1769 experti.
1531 1677 1698 1728 Wambae·

606 1784 668 1835 C.
725 1796 771 1837 x
800 1793 825 1835 1
850 1796 919 1838 x.

91 1864 221 1931 Erat
237 1886 417 1928 autem
435 1868 670 1925 Iulianus
688 1868 768 1924 vir
786 1866 1007 1924 Nobilis
1022 1907 1038 1929 ‚
1070 1864 1137 1940 de
1155 1862 1325 1924 nobili
1352 1865 1507 1924 Cot-
1532 1934 1534 1936 y

38 1954 237 2015 horum
255 1950 494 2034 prosapia
518 1968 693 2007 ortus·

631 2044 696 2096 C.
752 2056 798 2098 X
824 2057 892 2098 X.

21 2126 176 2192 Gens
193 2130 275 2189 illa
296 2128 482 2186 vitffixix
504 2167 519 2190 ‚
550 2148 684 2207 gens
715 2128 802 2185 illa
819 2124 1021 2186 nobilis
1039 2167 1056 2190 ,
1086 2146 1222 2206 gens
1253 2124 1510 2185 Gottho-

22 2235 142 2273 rum
162 2254 179 2281 ,
197 2215 280 2271 cui
298 2209 347 2268 se
366 2209 621 2268 dederant
641 2207 767 2267 Afia
781 2216 836 2268 &
852 2211 1073 2289 Europa
1091 2214 1146 2266 &
1167 2213 1281 2285 ejus
1297 2206 1511 2292 fugaci-

22 2297 125 2356 bus
140 2294 394 2355 Vandalis
407 2291 554 2350 orbis
571 2291 782 2350 cesserat
802 2290 1113 2351 AfricanuS.

611 2388 677 2439 C.
731 2399 777 2441 X
799 2400 845 2442 X
872 2399 917 2441 Ῑ.

103 2469 249 2531 Proh
261 2469 420 2529 dolor
434 2469 521 2527 hic
541 2467 731 2528 finitur
743 2473 916 2552 gloria
947 2468 1229 2528 Gotthicae
1256 2467 1513 2546 Majesta-

29 2554 130 2622 εἰς,
162 2574 258 2612 aera
288 2572 527 2616 mecm.
557 2558 612 2609 δε
638 2574 755 2632 quae
779 2550 1019 2632 pluribus
1036 2551 1187 2611 bellis
1205 2573 1369 2632 regna
1387 2552 1515 2631 plu-

29 2635 163 2694 rima
179 2628 477 2693 incurvavit
495 2676 512 2702 ,
539 2655 652 2692 uno
675 2635 816 2712 bello
838 2635 1024 2693 vexilla
1040 2634 1141 2695 suae
1155 2636 1340 2716 gloriae
1358 2634 1517 2692 incli-

33 2720 196 2775 navit.
239 2720 332 2794 qui
350 2716 615 2797 Scythiam
632 2758 649 2785 ‚
682 2722 922 2776 Pontum
939 2759 955 2787 ‚
992 2717 1175 2775 Asiam
1194 2759 1212 2786 ,
1246 2715 1517 2776 Macedo-

32 2800 200 2867 niam,
219 2800 483 2858 Graeciam
503 2801 838 2879 &Illyricum
857 2803 1013 2861 variis
1029 2799 1261 2860 caedibus
1277 2798 1518 2859 vastave-

34 2896 163 2938 runt
177 2901 193 2937 e
209 2883 469 2940 &eorum
488 2884 734 2940 mulieres
751 2885 1087 2942 Orientalem
1107 2887 1316 2964 plagam
1332 2884 1520 2962 praeliis

8 3045 9 3051 ἵ
35 2958 373 3039 subjecerunt
387 2971 441 3025 δε
462 2965 671 3046 Cyrum
691 2987 951 3048 magnum
971 2958 1261 3029 dominum
1279 2966 1520 3042 Babylo-

1388 3065 1487 3103 niae
1500 3082 1517 3107 ‚
