1888 3428
221 143 636 204 H1s2-0R1ae
675 143 1164 204 VANnAmcAE
1205 144 1354 198 L'113.
1381 146 1461 199 11.
1548 141 1663 218 1‘17

48 227 243 294 mode,
262 227 355 287 ubi
375 247 473 284 nec
492 247 638 305 aquae
656 223 752 282 nisi
770 223 1062 301 pauxillum
1084 264 1100 291 ‚
1131 243 1229 280 nec
1250 226 1421 281 victus
1438 242 1546 282 erat
1563 244 1663 281 co·-

51 314 157 389 pia.
202 309 433 367 abeunte
465 327 714 388 tempore
741 304 861 364 satis
880 306 1058 362 multo
1077 346 1095 374 ‚
1127 326 1303 385 neque
1323 308 1663 384 erumpenti-

50 391 154 450 bus
187 391 423 448 barbaris
443 433 459 459 ‚
488 387 781 448 obsessores
817 409 931 445 non
964 391 1143 445 minus
1163 429 1180 454 ,
1218 386 1254 444 fi
1275 408 1392 444 non
1416 390 1662 468 &magis

50 471 288 541 obsesffi,
304 471 670 554 fatigabantur
690 514 707 540 ‚
725 476 954 528 maxime
971 488 1251 552 premente
1273 488 1436 550 potus
1454 471 1658 547 inopia,

42 552 86 615 ,fi
119 555 248 635 quid
280 554 525 613 humoris
556 573 829 634 repertum
861 553 917 611 id
950 552 1045 609 fibi
1078 551 1314 609 servante
1338 553 1664 617 Solomone,

48 657 146 694 nec
178 639 525 716 impartiente
551 639 683 695 alios
703 636 798 693 nisi
814 637 971 694 calice
992 656 1105 692 uno
1127 636 1180 690 in
1200 635 1360 693 diem.
1406 654 1546 711 quos
1567 632 1661 691 ubi

47 740 184 801 aegre
200 719 255 776 id
275 723 482 799 perpeti
502 718 634 778 vidit
653 760 671 785 ‚
704 739 914 775 moram
950 718 1268 795 abrumpere
1290 723 1344 775 &
1368 714 1554 773 assilire
1574 736 1663 772 ca-

47 799 273 870 stellum,
293 823 607 881 quanquam
623 798 836 860 difficile
854 800 1007 868 adiri,
1027 804 1250 878 cupiens
1269 841 1283 862 ‚
1304 798 1370 856 fic
1389 799 1513 856 suos
1530 798 1665 855 hor-

48 902 189 942 tatus
219 884 292 941 est
331 907 345 941 :
382 884 853 963 Quandoquidem
902 883 1130 940 Mauros
1160 886 1217 939 in
1249 880 1478 939 Aurafio
1509 901 1666 938 tene-

47 987 102 1024 re
137 962 367 1024 obsessos
402 967 565 1025 nobis
594 966 782 1024 datum
815 965 890 1023 est
908 966 1169 1023 divinitus
1206 1005 1222 1031 ,
1254 962 1397 1023 factu
1434 964 1663 1021 arduum

45 1050 327 1127 imprimiS,
346 1070 446 1108 nec
460 1046 612 1108 facile
633 1047 799 1109 fidem
817 1066 1158 1127 reperturum
1178 1044 1273 1104 nisi
1294 1045 1435 1127 apud
1453 1068 1550 1104 eos
1570 1047 1665 1125 qui

43 1151 128 1187 res
159 1130 364 1189 nostras
393 1133 566 1190 oculis
602 1130 972 1211 usurpaverint
991 1171 1008 1198 ‚
1043 1133 1170 1187 Deo
1188 1150 1339 1188 <nunc
1369 1151 1593 1208 quoque
1611 1125 1662 1184 se

47 1210 333 1276 offerente,
347 1236 462 1271 non
477 1214 737 1294 indignos
755 1235 855 1273 vos
876 1234 968 1291 per
987 1215 1243 1269 virtutem
1256 1212 1465 1269 debetis
1484 1210 1663 1268 osten*

46 1294 204 1368 dere„
231 1295 509 1354 Audentia
526 1314 739 1353 tantum
757 1294 909 1352 solita
926 1315 1066 1374 opus
1085 1336 1102 1362 ‚
1122 1292 1421 1375 sustinenda
1439 1295 1502 1351 ad
1520 1295 1664 1372 peri-

47 1377 167 1434 cula
186 1416 203 1441 ,
241 1394 301 1434 ut
336 1400 429 1457 per
460 1399 521 1435 ea
540 1381 786 1436 veniatur
801 1377 866 1435 ad
885 1398 965 1435 res
984 1375 1238 1436 secundas
1264 1417 1281 1443 ‚
1316 1374 1664 1433 honestarum

46 1460 327 1517 afflonum
344 1458 576 1540 frugem.
626 1458 988 1517 Occasionem
1009 1457 1404 1538 apprehendere
1422 1461 1662 1537 primum

46 1539 123 1599 est
141 1543 196 1598 in
222 1541 382 1599 rebus
400 1541 647 1599 humanis
673 1564 687 1598 z
718 1560 770 1598 at
789 1539 825 1597 fi
844 1545 967 1619 quis
984 1540 1205 1599 obviam
1226 1539 1504 1597 fortunam
1525 1539 1664 1597 elabi

44 1621 191 1682 deses
210 1621 377 1702 paffus
397 1622 478 1685 fit,
493 1622 715 1680 viciffim
736 1623 1020 1681 derelic‘itus
1037 1662 1053 1689 ‚
1082 1642 1196 1678 non
1217 1620 1380 1702 ipsam
1400 1620 1485 1678 sed
1507 1621 1556 1679 se
1574 1643 1665 1693 ac·-

45 1703 207 1764 cuset.
249 1708 459 1763 cernitis
493 1707 822 1763 Maurorum
842 1702 957 1784 spes
978 1706 1195 1762 ultimas
1214 1725 1272 1761 ac
1291 1701 1500 1762 miseras
1518 1745 1535 1772 ‚
1567 1707 1663 1783 qui

44 1789 211 1847 vitam
233 1808 370 1868 aegre
387 1786 620 1857 caste110‚
641 1790 727 1845 cui
745 1786 794 1845 se
813 1785 1141 1844 incluserunt
1161 1829 1178 1856 ,
1209 1805 1427 1844 tuentes
1451 1831 1464 1851 ,
1497 1790 1664 1845 etiam

45 1869 111 1928 ad
130 1872 295 1927 vitam
317 1868 604 1928 necessariis
621 1888 823 1928 carent.
854 1870 1080 1941 alterum
1112 1870 1178 1928 de
1210 1868 1427 1927 duobus
1447 1873 1663 1949 eligen-

45 1950 178 2011 dum
196 1951 352 2011 vobis
370 1952 443 2010 est
460 1994 478 2021 ‚
508 1971 600 2012 aut
619 1972 678 2012 ut
696 1952 990 2011 deditionis
1020 1971 1234 2032 tempus
1264 1956 1530 2032 patienter
1558 1973 1662 2031 op-

44 2036 320 2113 periamini
339 2077 356 2104 ‚
383 2055 474 2093 aut
510 2055 570 2093 ut
605 2039 912 2116 propinqua
946 2056 1070 2092 cum
1102 2035 1341 2115 periculo
1359 2056 1520 2114 quam
1543 2052 1663 2092 tuta

46 2135 170 2174 cum
192 2137 341 2175 mora
363 2120 570 2176 malitis.
617 2118 746 2198 quid
778 2116 813 2174 fi
849 2115 1104 2175 barbaros
1124 2121 1281 2174 armis
1301 2117 1524 2197 aggredi
1545 2138 1661 2174 non

44 2198 474 2280 magnificentius
504 2201 675 2258 modo
695 2241 710 2262 ‚
745 2196 832 2257 sed
851 2207 903 2257 &
922 2204 1091 2258 tutius
1111 2202 1350 2258 evincam
1383 2207 1405 2257 ?
1451 2206 1528 2257 Ita
1548 2199 1621 2256 est
1644 2221 1659 2255 z

44 2277 183 2339 fame
201 2279 367 2340 fraffca
384 2282 622 2341 hostium
641 2302 873 2362 corpora
894 2323 910 2349 ‚
939 2304 1036 2340 nec
1059 2304 1300 2364 pugnam
1317 2280 1501 2340 ausura
1519 2279 1662 2340 arbi-

44 2363 184 2421 tror.
224 2365 360 2423 Haec
377 2363 589 2445 infigite
607 2368 792 2422 animo
814 2383 875 2422 ut
890 2365 953 2423 ad
974 2386 1091 2445 quae
1114 2387 1211 2422 vos
1230 2364 1423 2422 hortor
1442 2383 1660 2445 promte

42 2444 421 2526 exsequamini.
480 2450 707 2505 Dixerat
742 2449 971 2504 Solomo
990 2489 1006 2516 ,
1044 2469 1101 2504 ac
1139 2447 1392 2527 vestigare
1413 2448 1670 2526 undique

43 2531 198 2605 caepit
216 2572 230 2594 ‚
251 2552 370 2610 quae
391 2533 602 2609 optima
620 2530 835 2588 daretur
859 2530 922 2588 ad
943 2530 1356 2608 irrumpendum
1375 2535 1455 2587 via
1471 2572 1486 2596 ,
1511 2530 1659 2586 mul-

43 2625 164 2666 tum
183 2629 468 2691 antequam
488 2612 868 2694 aggrederetur
886 2609 1138 2670 sollicitus
1156 2654 1173 2680 ‚
1196 2632 1281 2670 tot
1301 2617 1505 2670 circum
1525 2631 1660 2691 prae-

42 2693 232 2770 ruptis,
280 2695 388 2752 Sed
416 2699 636 2753 anxium
669 2691 889 2753 fortuna
922 2696 1155 2774 expediit
1176 2699 1270 2754 viae
1291 2694 1655 2753 monstratrix.

42 2776 107 2833 ln
143 2773 365 2852 pedestri
393 2778 582 2835 militia
607 2779 816 2834 numeri
835 2775 910 2836 sui
930 2777 1106 2857 Optio
1126 2778 1346 2856 quidam
1368 2797 1477 2835 erat
1495 2778 1656 2833 Gezo

45 2857 272 2915 nomine
289 2898 307 2926 ‚
337 2862 431 2938 qui
450 2880 543 2938 per
560 2859 751 2918 ludum
773 2880 837 2917 an
855 2857 988 2917 serio
1021 2902 1038 2928 ‚
1080 2881 1145 2916 an
1168 2861 1357 2917 divino
1377 2859 1658 2920 instinctu,

43 2932 186 2999 solus
202 2941 330 3006 eniti
347 2943 401 2998 in
417 2939 645 3004 sublime
663 2943 837 3022 caepit,
853 2944 1035 3022 paucis
1050 2942 1193 3002 haud
1210 2943 1378 3026 longe
1398 2939 1661 3000 militibus

1002 3026 1079 3107 HV
1111 3046 1139 3102 3
1412 3044 1416 3048 ¹
1455 3019 1663 3099 facium
