1888 3428
205 147 651 208 Go‘r’rmcffl
692 139 1104 207 H1sroi'1'ae
1142 144 1302 209 L‘1TB.
1331 159 1377 213 Ι.
1495 153 1608 242 ἰςς

7 232 66 292 in
85 232 248 312 regali
265 236 441 293 vivere
458 229 809 290 sollicitudine
826 269 846 295 ‚
882 232 1118 308 pericula
1139 252 1203 290 ex
1219 237 1465 313 periculis
1478 259 1617 318 pro-

7 312 334 373 seminante:
377 315 473 390 Tu
507 335 672 393 quam
690 333 857 391 ocyus
874 314 1052 373 virum
1070 316 1227 373 mitte
1246 357 1266 383 ‚
1301 321 1387 379 cui
1404 323 1615 384 Italiam

7 414 299 476 caeteraque
331 396 483 477 regni
499 396 630 455 tradi
648 399 844 475 cupias,
888 397 1011 454 talia
1031 395 1400 479 significabant
1417 402 1617 463 Theu-

7 479 114 537 dati
129 480 304 537 literae.
352 484 431 537 At
443 484 742 559 Imperator
754 479 955 536 mirum
973 481 1030 536 in
1049 479 1281 539 modum
1294 480 1375 540 his
1385 484 1614 556 laetatus,

7 563 77 618 ita
111 559 362 640 rescripfit
384 587 398 620 ε
440 562 766 620 Prudentem
784 578 837 617 te
858 557 1000 618 fama
1018 562 1325 621 audieram:
1361 586 1509 625 nunc
1526 588 1614 627 re·-

7 662 126 700 rum
147 643 488 702 documentis
521 646 682 701 talem
713 644 882 701 novi:
921 662 1047 702 cum
1066 643 1193 703 belli
1211 649 1416 707 exitum
1437 670 1616 729 oppe-

7 727 93 783 riri
113 723 363 793 noluisti,
398 723 552 805 quod
569 728 665 805 qui
693 721 866 783 fecere
886 727 1011 795 alii,
1044 725 1364 808 graviffimis
1390 728 1441 787 se
1461 733 1614 791 malis

6 809 408 886 implicuerunt.
447 809 534 864 Te
552 828 667 865 non
684 806 974 886 poenitebit
991 813 1195 868 amicos
1213 831 1314 868 nos
1329 833 1492 891 quam
1512 813 1615 872 ho-

6 887 103 947 stes
122 886 373 947 maluisse.
415 890 551 946 Non
569 910 630 947 ea
646 907 860 949 tantum
879 912 998 971 quae
1032 891 1271 972 postulas
1296 893 1573 954 obtinebis
1590 935 1611 965 2

6 967 89 1028 sed
118 977 173 1028 &
204 969 438 1029 honores
466 981 609 1051 quos
643 994 765 1030 mos
805 974 1097 1032 Romanus
1130 978 1285 1034 novit
1321 981 1613 1037 maximo&

6 1053 162 1110 Nunc
177 1051 529 1111 Athanafium
548 1060 884 1136 Petrumque
902 1054 1018 1114 misi
1032 1101 1047 1123 ‚
1070 1075 1130 1116 ut
1146 1061 1614 1120 conventionibus

6 1136 200 1192 mutuis
215 1156 299 1192 ‘res
316 1133 582 1194 firmetur.
628 1141 830 1195 Veniet
848 1160 979 1205 mox
1008 1139 1073 1198 acl
1091 1158 1145 1198 te
1174 1140 1484 1210 BelisariUS,
1516 1146 1612 1223 qui

6 1235 269 1275 conventa
302 1215 559 1296 perficiat.
601 1220 707 1276 His
722 1225 1021 1300 Imperator
1036 1218 1238 1300 scriptis
1255 1222 1612 1283 Athanasium

7 1296 217 1356 fratrem
238 1299 530 1358 Alexandri
550 1303 663 1376 ejus
688 1323 854 1382 quem
871 1302 936 1360 ad
964 1302 1335 1362 Atalarichum
1353 1302 1610 1367 functum

7 1383 270 1460 legatione
293 1381 417 1438 alibi
446 1385 776 1451 memoravi,
806 1389 1139 1465 Petrumque
1168 1405 1444 1445 oratorem
1471 1409 1612 1447 eun-

7 1462 125 1521 dem
145 1484 309 1543 quem
334 1481 455 1522 ante
471 1504 489 1532 ,
517 1467 684 1522 mittit
699 1506 718 1533 ‚
746 1468 1058 1546 praecipiens
1077 1469 1151 1525 eis
1164 1508 1182 1535 ,
1222 1485 1283 1526 ut
1301 1472 1488 1550 regalis
1504 1470 1612 1529 do·-

7 1566 124 1603 mus
145 1546 337 1624 praedia
354 1586 372 1614 ,
384 1548 695 1625 patrimonii
717 1569 832 1625 quae
851 1567 1113 1606 vocantur
1131 1589 1148 1616 ,
1166 1548 1466 1609 Theudato
1484 1573 1611 1631 per-

7 1630 255 1684 mittant:
292 1644 564 1685 conventa
580 1646 760 1685 autem
791 1631 1030 1686 &literis
1048 1633 1300 1688 muniant
1329 1638 1612 1711 &jureju-

7 1708 186 1766 rando.
228 1710 379 1766 Tum
397 1706 425 1764 ὲ
444 1710 617 1766 Sicilia
632 1709 899 1768 advocent
912 1709 1223 1769 Belisarium
1242 1728 1302 1769 ut
1325 1718 1527 1795 regiam
1548 1736 1612 1773 o-

7 1811 293 1871 mnemque
306 1791 512 1848 Italiam
531 1794 587 1847 in
616 1812 807 1850 manus
827 1796 1048 1871 accipiat
1066 1792 1462 1876 custodiatque.
1490 1800 1610 1856 'Be-

7 1873 172 1930 lisario
191 1890 370 1931 autem
390 1876 692 1953 imperavit,
708 1874 996 1933 advocatus
1015 1874 1123 1933 sine
1142 1897 1299 1934 mora
1318 1898 1386 1935 eo
1403 1878 1453 1936 se
1472 1899 1608 1937 con=

8 1951 177 2012 ferret.
218 1957 374 2013 Dum
404 1954 513 2015 haec
536 1959 648 2038 agit
676 1962 977 2034 Imperator
995 1998 1012 2025 ‚
1049 1963 1105 2018 &
1123 1961 1181 2016 in
1196 1962 1384 2017 itinere
1403 1961 1608 2020 Italiam

7 2035 176 2095 versus
195 2055 528 2117 occupantur
545 2040 727 2119 legati,
744 2039 947 2098 Gotthi
962 2059 1080 2098 tum
1099 2043 1212 2098 aliis
1229 2041 1607 2111 ducibus,tum

7 2123 276 2199 praecipuis
301 2117 549 2179 Alinario
566 2128 620 2179 &
641 2122 849 2203 Grippa
868 2163 888 2191 ‚
920 2144 1124 2204 magno
1145 2145 1270 2181 cum
1290 2128 1607 2184 exercituin

7 2202 325 2260 Dalmatiam
346 2224 556 2262 venere.
592 2204 688 2262 ubi
707 2208 924 2263 Salonas
941 2227 1111 2286 prope
1131 2223 1357 2266 ventum
1374 2207 1449 2266 est
1469 2249 1487 2278 ,
1504 2228 1606 2266 oc-

9 2286 229 2342 curritei
245 2286 536 2344 Mauritius
553 2286 754 2347 Mundi
772 2285 916 2345 filius
932 2309 1049 2346 non
1064 2290 1392 2359 cummultis
1403 2332 1421 2359 ,
1440 2294 1607 2371 quip=

9 2386 70 2444 pe
101 2387 214 2425 non
244 2367 308 2426 ad
336 2389 576 2448 pugnam
609 2368 696 2428 sed
730 2369 1074 2449 exploratum
1108 2371 1431 2452 progressus,
1472 2374 1605 2432 Acri

9 2444 146 2507 fac-’to
161 2452 340 2529 praelio
355 2492 373 2520 ‚
410 2450 761 2511 Gotthorum
780 2452 1094 2512 nobilissimi
1116 2475 1175 2512 ac
1210 2453 1483 2514 fortisfimi
1516 2475 1606 2514 ca-

10 2528 137 2589 dunt
152 2572 168 2599 ,
201 2533 439 2593 Romani
465 2539 726 2593 exercitus
760 2537 1163 2616 propemodum
1199 2558 1395 2595 omnes
1413 2544 1468 2596 &
1497 2537 1604 2601 du-

11 2612 124 2669 fior
144 2613 249 2692 ipse
271 2616 580 2677 MauritiuS.
627 2617 801 2688 Quod
821 2617 912 2676 ubi
930 2620 1191 2678 intellexit
1209 2620 1478 2690 MunduS‚
1497 2618 1605 2678 do-

11 2695 119 2757 lore
136 2715 193 2752 ac
213 2694 364 2757 simul
381 2704 454 2759 ira
467 2704 697 2781 percitus
713 2698 895 2758 subito
914 2703 970 2759 in
990 2701 1203 2761 hostem
1221 2706 1359 2783 rapit
1384 2705 1604 2761 incom-

11 2775 239 2854 positum
255 2801 468 2861 agmen.
509 2789 873 2864 Pugnatoque
889 2786 1084 2843 iterum
1104 2827 1121 2854 ,
1138 2786 1408 2844 Romanis
1423 2786 1603 2847 victo-

12 2862 81 2916 ria
98 2899 115 2927 ‚
144 2859 230 2919 sed
259 2882 375 2942 quae
395 2866 637 2925 Cadmea
656 2867 870 2933 dicitur,
888 2865 1089 2948 obtigit
1113 2891 1127 2925 ε
1167 2866 1431 2926 Hostium
1453 2870 1603 2925 enim

13 2939 265 3024 plerisque
283 2946 461 3008 occisis
487 2952 766 3031 egregium
784 2965 995 3028 partum
1014 2949 1091 3011 est
1109 2949 1287 3012 decus·
1330 2954 1410 3010 At
1425 2951 1600 3086 Mgn-

1538 3045 1600 3087 US
