1888 3428
221 189 623 250 HrsToRIAE
661 190 1143 250 VANDAHCAE
1182 187 1417 250 L1B.1.'
1565 206 1647 270 53·

33 267 266 342 dicitur,
300 293 530 352 eamque
565 276 706 331 viam
738 291 855 352 quae
885 273 942 328 in
975 269 1245 328 Numidas
1263 268 1388 330 fert.
1418 272 1642 343 Reverfi

35 353 104 413 ad
119 375 221 425 nos
235 359 412 433 prima
427 356 542 413 face
562 354 827 413 Iohannes
843 372 970 410 cum
989 349 1092 410 suis
1111 358 1165 410 &
1182 353 1642 435 Massagetae‚cum

34 456 132 504 ea,
169 457 287 516 quae
321 456 645 505 evenerant,
680 432 975 494 didicissent
1007 434 1454 515 docuissemque,
1489 436 1642 494 secu-

33 534 147 576 tam
181 520 407 577 nofiem
439 517 721 578 nobiscum
753 517 820 575 ad
853 519 1151 576 Decimum
1188 539 1363 598 egere.
1420 516 1644 576 Postera.

33 599 122 658 die
152 621 280 658 cum
310 602 374 659 ad
406 622 508 659 nos
539 601 816 680 &pedites
842 597 1102 659 veniffent
1139 605 1195 657 &
1224 597 1639 666 Belisariiuxor‚

37 681 426 762 Carthaginem
457 689 558 741 iter
600 681 932 740 instituimus
967 722 986 748 ,
1039 703 1279 763 cumque
1329 680 1643 763 crepusculo

32 784 256 844 propter·
275 762 620 830 venissemus,
650 764 727 821 ibi
747 765 968 823 nocstem
988 785 1107 821 eam
1140 766 1429 833 duximuS‚
1464 785 1645 844 quan-.-
1714 808 1718 810 ἡ

33 868 199 927 quam
216 845 503 929 ingressum
538 844 862 927 prohibente
893 850 1127 905 nemine.
1163 850 1326 906 Vltro
1346 851 1492 905 enim
1513 868 1646 928 por·-

34 946 115 986 tas
147 947 460 1008 aperuerant
493 927 944 1010 Carthaginenses
965 970 980 991 ‚
1014 927 1259 1010 facesque
1294 933 1520 1010 &ignes
1538 927 1648 988 dis-

32 1010 318 1091 posuerant
335 1014 406 1070 ita
422 1053 442 1079 ‚
481 1029 542 1069 ut
560 1011 687 1070 urbs
706 1030 823 1070 tota
843 1015 1130 1071 colluceret
1144 1054 1162 1081 ,
1179 1019 1234 1071 &
1249 1015 1345 1092 qui
1362 1012 1648 1070 Vandalo-

32 1093 154 1160 rum
186 1092 422 1152 cladibus
456 1093 756 1174 superstites
784 1113 936 1153 erant
968 1136 986 1163 ,
1041 1092 1303 1175 supplices
1324 1100 1396 1170 vin
1425 1096 1675 1175 templis

33 1172 401 1235 consederant.
438 1178 543 1235 Sed
561 1181 735 1237 vetuit
751 1176 1230 1237 intrarisselisarius
1253 1218 1270 1244 ‚
1300 1198 1370 1234 ne
1388 1198 1499 1235 nox
1517 1174 1648 1234 infi-

31 1257 145 1315 dias
162 1257 397 1317 hostium
416 1276 623 1339 tegeret
641 1301 659 1329 ,
692 1267 746 1318 &
766 1260 829 1318 ad
858 1263 1062 1339 rapinas
1079 1262 1351 1318 licentiam·
1370 1263 1528 1319 militi
1549 1259 1649 1317 da-

33 1357 136 1398 ret.
179 1341 396 1399 Eodem
416 1341 501 1398 die
521 1362 683 1399 naves
700 1343 854 1398 Euro
889 1339 989 1399 usae
1021 1339 1161 1399 facili
1187 1362 1380 1400 venere
1398 1342 1464 1400 ad
1491 1341 1645 1410 illud,

34 1421 189 1501 quod
206 1423 440 1480 diximus
459 1461 477 1489 ,
499 1427 632 1481 mari
650 1426 940 1481 imminens
954 1428 1166 1503 jugum.
1198 1425 1308 1481 Illis
1326 1421 1646 1504 conspeffls,

37 1502 522 1584 Carthaginenses,
551 1521 763 1563 remota
800 1523 986 1563 catena
1015 1504 1184 1563 ferrea
1218 1523 1412 1586 portus
1430 1547 1447 1574 ,
1477 1526 1647 1585 quem

34 1585 373 1644 Madracium
408 1605 639 1655 vocant,
683 1587 891 1644 aditum
929 1590 986 1643 in
1020 1586 1211 1644 urbem
1252 1585 1658 1666 patefecerunt.-

33 1666 126 1724 Est
144 1670 202 1728 in
235 1667 343 1746 ipsa
375 1670 521 1747 regia
536 1666 741 1724 obsitus
759 1665 996 1724 tenebris
1024 1669 1177 1726 locus
1195 1709 1212 1736 ,
1246 1673 1484 1726 Ancona
1506 1671 1649 1727 Car-

34 1746 370 1830 rhaginenses
388 1750 620 1816 vocant,
664 1754 751 1807 cui
770 1748 971 1805 includi
999 1770 1122 1806 mos
1158 1768 1269 1807 erat
1301 1754 1414 1831 regi
1432 1752 1648 1813 exosos-

34 1835 185 1901 Inter
197 1830 298 1890 hos
320 1833 480 1889 multi
503 1849 652 1890 erant
671 1849 997 1889 mercator-es
1012 1853 1079 1890 ex
1098 1833 1349 1890 Orientis
1366 1834 1608 1912 partibus
1629 1856 1646 1891 ε

35 1913 235 1994 quibus
252 1916 383 1973 mire
413 1910 652 1973 infensus
681 1931 798 1972 erat
815 1914 1064 1972 Gelirner
1082 1955 1100 1984 ,
1136 1915 1289 1995 quod
1307 1914 1373 1973 ab
1388 1919 1404 1972 i
1412 1915 1513 1995 pfis
1528 1921 1647 1973 Im·-

36 2016 336 2076 peratorem
366 1999 424 2054 in
455 1997 662 2056 bellum
694 1995 912 2054 accendi
939 1996 1160 2055 diceret,
1199 2004 1426 2079 Iamque
1445 2019 1645 2056 omnes
1718 2043 1723 2049 .

37 2083 177 2137 mori
195 2079 491 2138 debuerant
521 2102 587 2138 ex
607 2097 871 2160 praecepto
890 2079 1182 2138 Gelimeris
1201 2102 1268 2139 eo
1289 2078 1404 2161 ipso
1435 2081 1521 2140 die
1547 2081 1647 2140 da-

28 2176 100 2219 to
115 2180 227 2241 quo
242 2165 522 2220 Ammatas
537 2163 602 2221 ad
619 2166 934 2224 Decimum,
951 2165 1173 2221 interiit.
1201 2181 1310 2221 tam
1327 2185 1500 2244 prope
1527 2166 1650 2222 cxi-

35 2261 154 2302 tum
172 2264 254 2302 res
283 2265 479 2303 eorum
498 2263 777 2304 venerant.
811 2244 914 2302 Sed
931 2251 1046 2323 ejus
1063 2249 1283 2305 carceris
1300 2246 1481 2305 custos
1498 2287 1516 2314 ,
1553 2248 1646 2304 in-

35 2325 258 2386 telleffis
276 2348 395 2407 quae
423 2329 538 2385 ειᾶει
555 2328 620 2385 ad
636 2329 932 2384 Decimum
964 2334 1019 2385 &
1055 2325 1206 2385 claffe
1238 2331 1369 2387 citra
1388 2346 1644 2387 montem

36 2407 316 2488 conspeCka
332 2447 352 2476 ,
388 2409 530 2489 ipsos
547 2412 850 2490 interrogat
867 2453 882 2475 ‚
915 2414 1097 2469 omnis
1115 2410 1288 2469 adhuc·
1305 2412 1440 2469 boni
1462 2412 1646 2469 nuntii

37 2508 311 2570 expertes,
344 2493 586 2572 nihilque
618 2511 807 2572 praeter
835 2491 1071 2552 mortem
1106 2498 1449 2573 opperientes
1477 2537 1494 2562 ‚
1531 2515 1645 2574 qua

37 2591 216 2630 rerum
241 2575 446 2650 ja&ura
474 2575 692 2633 salutem
729 2575 988 2633 redime-re
1018 2580 1185 2654 parati
1207 2574 1390 2635 essent.
1434 2579 1538 2636 Illis
1557 2577 1646 2635 dis-

39 2654 323 2723 centibus3
359 2657 578 2715 daturos
607 2656 657 2716 se
685 2658 947 2739 quicquid
965 2662 1149 2726 vellet,
1180 2661 1351 2717 nullas
1366 2659 1432 2717 ab
1454 2662 1529 2717 eis
1544 2680 1644 2740 pe·-

40 2740 222 2794 cunias
240 2735 524 2817 postulavit
538 2782 555 2809 ,
588 2739 676 2798 sed
694 2743 1005 2816 juramento
1023 2762 1118 2799 eos
1135 2742 1373 2822 alligavit
1394 2782 1410 2804 ‚
1440 2740 1478 2798 fi
1512 2763 1644 2799 eva-

38 2817 231 2875 derent
246 2858 265 2885 ,
297 2821 457 2900 &ipsi
475 2823 697 2903 aliquod
724 2820 1014 2881 inferretur
1033 2827 1331 2902 periculum
1350 2864 1368 2891 ,
1403 2826 1645 2903 opitula-

41 2916 197 2957 turos
212 2902 733 2984 quousque'poffent.
751 2905 886 2963 Eam
905 2903 1070 2964 fidem
1092 2927 1216 2964 cum
1232 2904 1512 2975 dedissent,
1531 2925 1646 2984 quo

35 2981 166 3047 -loco
188 3004 273 3044 res
286 2981 449 3048 effent
461 3027 478 3061 ‚
497 2986 622 3070 ipsis
640 2986 924 3069 exposuit,
935 2985 1297 3070 submotaque
1310 2987 1513 3056 tabula,
1527 3004 1651 3063 quae

883 3070 942 3129 D
981 3092 1005 3150 3
1497 3069 1658 3130 maris
