1888 3428
461 201 1097 263 E20G1A.'
1380 228 1489 288 117

42 372 267 447 opatum
288 369 667 442 (Adalbertus)
686 369 751 427 ad
763 390 912 447 reges
928 370 1226 448 Aquilonis
1243 391 1341 448 pro
1360 377 1491 429 ami-

40 455 132 508 itia
146 452 353 532 legatos
383 450 536 510 mifit.
584 451 831 530 epistolas
865 473 1087 530 quoque
1120 457 1493 510 commonito-

34 533 107 589 ias
121 553 213 612 per
229 555 453 592 omnem
471 531 645 613 sparfit
676 536 909 591 Daniam
929 531 1032 592 five
1051 532 1491 593 Nordmanniam

40 635 68 671 c
86 615 333 674 Suediam
356 623 409 674 &
429 616 661 695 usquein
691 613 826 671 fines
844 633 995 675 terrae
1013 656 1029 681 ‚
1064 615 1409 675 exhortantes
1429 641 1490 675 e-

45 694 257 775 iscopos
290 704 343 754 &
373 698 706 776 presbyteros
728 738 744 764 ‚
777 699 948 754 inillis
968 697 1207 777 partibus
1226 699 1488 779 degentes

48 796 69 834 t
87 777 322 836 ecclesias
338 782 569 836 Domini
587 777 753 839 nostri
773 777 884 836 Iesu
923 780 1119 838 Christi
1145 779 1371 840 fideliter
1389 805 1487 840 cu-

50 859 298 926 odirent‚
327 878 489 939 atque
525 861 590 920 ad
620 861 1028 922 conversionem
1046 881 1383 944 paganorum
1402 869 1488 923 in-

25 941 191 1021 repidi
207 943 530 1001 accederent.

77 1103 305 1164 Iacobus
322 1106 493 1164 adhuc
511 1110 566 1166 in
585 1107 821 1167 Sueonia
838 1124 1068 1189 regnum
1084 1112 1279 1174 tenuit.
1325 1111 1416 1189 huj
1426 1132 1485 1170 us

32 1187 199 1244 uxilio
221 1192 382 1246 Suein
403 1196 458 1249 δι
476 1190 665 1270 Tulph
683 1191 834 1250 ducis
854 1191 1072 1251 effultus
1088 1194 1360 1274 Magnum
1386 1216 1486 1274 pe-

39 1270 137 1327 ulit
153 1267 182 1327 ἒι
195 1271 391 1337 Dania.

76 1436 241 1495 Suein
268 1433 721 1518 consanguineam
753 1435 898 1498 suam
917 1435 943 1496 ὲ
963 1438 1157 1518 Suedia
1174 1440 1326 1499 duxit
1346 1462 1487 1500 uxo-

30 1535 134 1574 em.

60 1670 336 1758 ,Cumque
369 1679 480 1739 haec
527 1684 599 1739 ita
641 1679 786 1762 gesta
815 1681 980 1741 essent
1009 1681 1490 1746 Christianisfinius

43 1765 280 1819 ueonu‘m
300 1783 390 1820 rex
407 1762 634 1821 Iacobus
667 1769 914 1846 migravit
929 1764 957 1822 ὲ
974 1765 1163 1823 saeculo
1179 1774 1231 1826 &
1251 1766 1492 1830 successit

28 1840 222 1901 ifrater
252 1849 366 1920 ejus
397 1846 619 1905 Emund
636 1847 846 1905 Gamul
869 1847 1147 1928 pessimus⁸
1185 1872 1310 1907 nam
1335 1852 1429 1909 iste
1455 1852 1485 1910 ὲ

22 1926 295 1983 oncubina
326 1927 520 2007 »Olaph
564 1948 717 1987 natus
749 1949 901 1998 erat,
933 1937 986 1989 &
1020 1952 1149 1988 cum
1181 1932 1483 2012 baptizatus

25 2005 116 2065 ffet
134 2049 152 2077 ‚
181 2029 297 2066 non
320 2011 557 2068 multum
575 2012 639 2069 de
662 2011 964 2070 Christiana·
978 2016 1240 2094 religione
1258 2020 1482 2080 curavit,

29 2088 283 2169 abuitque
303 2088 483 2149 secum
502 2094 778 2172 quendam
796 2096 1107 2173 episcopum
1129 2102 1353 2156 nomine
1373 2097 1485 2157 Os-

51 2172 158 2230 und
177 2171 487 2252 acephalum
506 2217 524 2244 ,
558 2198 723 2256 quem·
739 2178 944 2235 dudum
969 2174 1261 2259 Sigafridus
1290 2181 1484 2240 Nord-

49 2274 314 2312 annorum
364 2255 645 2337 episcopus
691 2262 894 2319 Bremae
929 2259 1121 2318 scholis
1165 2261 1481 2323 docendum

19 2337 387 2395 emmendavit
408 2362 421 2396 :
455 2361 643 2398 verum
660 2345 701 2398 is
718 2341 901 2421 postea
919 2341 1315 2410 beneficiorum
1333 2346 1482 2405 obli-

16 2437 76 2475 us
104 2419 340 2477 Romam
359 2442 457 2500 pro
478 2423 818 2481 ordinatione
848 2425 1058 2484 acceffit
1078 2467 1098 2494 ,
1127 2428 1359 2508 indeque
1392 2451 1482 2493 re-

30 2498 168 2558 ulsus
187 2523 278 2581 per
293 2504 465 2561 multa
480 2508 597 2563 loca
614 2510 915 2567 circumivit
934 2530 1211 2575 erroneus,
1227 2517 1279 2568 δέ
1299 2511 1367 2569 fic
1382 2512 1481 2570 de-

52 2602 144 2640 um
163 2588 358 2641 meruit
389 2585 418 2643 ἃ
448 2587 690 2667 quodam
717 2592 952 2648 Polaniae
980 2591 1214 2649 ordinari
1250 2593 1482 2652 Archie-

31 2661 226 2743 isc-opo,
269 2669 363 2746 qui
382 2673 599 2727 veniens
617 2674 671 2727 in
693 2671 945 2732 Suediam
960 2717 975 2739 ,
994 2675 1213 2749 jafiravit
1227 2673 1276 2733 se
1293 2674 1321 2734 &a
1338 2683 1480 2757 Papa

23 2743 354 2805 onsecratum
379 2750 444 2808 ad
472 2752 584 2808 illas
614 2772 792 2833 partes
824 2754 1329 2837 Archiepiscopum.
1375 2761 1482 2819 Sed

27 2847 117 2883 um
139 2828 578 2913 Arch-iepiscopus
607 2836 788 2893 noster
820 2837 1032 2918 legatos
1063 2837 1190 2903 suos
1208 2841 1272 2899 ad
1293 2863 1480 2922 regem

27 2911 237 2988 irigeret
253 2912 568 2974 Emundum
586 2957 603 2984 ‚
622 2915 946 2977 invenerunt
966 2921 1043 2978 ibi
1058 2922 1293 3000 eundem
1311 2945 1481 3004 gyro-

27 3010 190 3075 agum
208 2991 459 3054 Osmund
490 3019 708 3060 crucem
722 3000 1148 3140 affhiepiscopali
1167 3027 1321 3063 more
1353 3023 1478 3140 ειηῗε
1555 3046 1557 3049 .

838 3105 862 3162 3
1450 3106 1477 3142 <2

86 284 548 365 Metropolitanus
565 308 696 367 ergo
715 285 890 344 statim
907 303 968 343 ut
984 281 1243 367 ingressus
1262 283 1338 344 est
1355 294 1489 368 epis-
1517 291 1751 401 Ξοζῑχῖηἴῖζὲ
