1888 3428
1785 24 1787 26 -
1831 0 1888 86 1²³5!

1856 44 1861 61 ,-
1878 44 1881 49 r

1817 83 1822 86 .
1848 62 1888 130 Q!

375 202 472 259 ‘92
800 181 851 240 E
931 196 966 239 L'
1046 200 1082 239 o
1161 202 1197 239 o
1275 176 1301 239 i
1378 176 1436 238 Αἶ
1857 236 1865 253 ,

392 278 606 342 tantum
622 262 677 323 id
693 267 807 345 agit
822 281 884 324 ut
899 263 1082 322 bonus
1096 261 1190 333 fit,
1216 260 1302 323 sed
1320 260 1524 320 efficere
1541 260 1646 319 hoc
1662 259 1879 337 nititur}

392 364 455 406 ut
471 350 556 406 ali-i
577 349 701 406 mali
718 344 817 406 effe
837 345 1104 405 defistant.
1135 347 1336 426 grande
1354 343 1429 402 est
1444 332 1705 424 profecto*
1720 338 1883 423 quodi?

387 429 840 510 dicimus‚grande
854 450 912 486 ac
925 426 1336 507 supereminens.
1354 429 1495 495 Quis
1508 426 1879 510 credatWan{ss

391 510 540 569 dalos
569 516 624 569 in
660 510 964 570 civitatibus
991 512 1258 568 Romanis
1290 508 1384 566 ista
1410 506 1620 567 fecisse?
1663 511 1879 582 remota}v

389 597 593 672 quippe
611 592 685 651 est
704 593 769 651 ab
794 594 897 651 illis
929 595 1110 649 omnis
1127 595 1293 650 carnis
1321 594 1616 671 impuritas.
1659 608 1712 648 at
1728 589 1875 669 quo-³:

389 676 563 733 modo
581 681 829 734 remota?
861 695 974 732 non
997 673 1123 731 ficut
1141 677 1408 734 removeri
1427 674 1602 753 aliqua
1617 672 1644 730 a
1660 674 1881 732 Roma-J

387 760 472 814 nis
486 756 676 822 solent,
693 760 787 837 qui
802 755 1042 815 statuunt
1061 776 1176 815 non
1193 755 1621 823 adulterandum,
1641 761 1695 813 δε
1711 754 1874 834 primi

386 838 703 898 adulterant.
749 838 990 897 statuunt
1008 860 1122 896 non
1151 836 1442 896 furandum
1464 879 1481 906 ,
1518 844 1572 897 &
1591 835 1836 895 furantur
1854 848 1888 916 t„

385 924 632 1000 quamvis
646 943 778 998 pene
791 943 904 978 non
921 919 1115 1001 posfim
1130 920 1304 979 dicere
1318 921 1468 999 quod
1481 918 1746 977 furentur:
1760 929 1877 976 non'

386 1005 531 1060 enim
550 1002 669 1060 sunt
687 1025 803 1082 quae
822 1023 991 1083 agunt
1008 1001 1150 1061 furta
1167 1043 1184 1071 ‚
1198 1002 1286 1061 sed
1302 1005 1598 1060 latrocinia.
1642 1006 1797 1080 punit
1816 1022 1874 1058 e*-

385 1088 500 1140 nim
513 1085 677 1160 judex
695 1088 750 1141 in
765 1088 867 1143 alio
887 1087 1215 1164 peculatum,
1230 1106 1352 1142 cum
1365 1083 1427 1141 sit
1445 1081 1551 1163 ipse
1568 1081 1870 1162 peculator:

385 1169 544 1244 punit
566 1170 825 1243 rapinam,
842 1188 968 1224 curn
983 1167 1053 1224 ‘fit
1070 1166 1177 1246 ipse
1190 1186 1404 1245 raptor:
1434 1168 1591 1246 punit
1610 1164 1873 1233 ficarium,

383 1266 509 1303 curn
526 1246 586 1304 fit
602 1247 707 1324 ipse
724 1249 987 1329 gladiator
1005 1271 1020 1304 ε
1037 1252 1190 1326 punit
1205 1249 1510 1306 effraftores
1524 1245 1881 1317 claustrorum

387 1334 442 1383 &
455 1326 741 1397 ostiorum,
757 1326 1008 1408 cumipse
1026 1330 1089 1387 fit
1106 1329 1319 1388 eversor
1336 1330 1553 1386 urbium
1575 1331 1760 1406 :punit
1779 1348 1875 1385 ex-

385 1407 702 1486 spoliatores
731 1412 1059 1477 domorum,
1097 1409 1346 1490 cumipse
1374 1409 1437 1468 fit
1455 1408 1777 1488 exspoliator
1795 1413 1888 1467 ci-·

386 1494 616 1548 vitatum
637 1510 798 1570 atque
829 1496 1246 1573 provinciarum.
1280 1511 1443 1572 atque
1459 1492 1565 1550 hoc
1584 1495 1790 1550 utinam
1808 1494 1874 1550 il..

385 1572 423 1628 li
444 1589 656 1644 tantum
674 1577 774 1652 qui‘
787 1578 842 1630 in
863 1573 1122 1654 potestate
1138 1574 1260 1632 sunt
1276 1575 1434 1654 politi
1448 1614 1466 1641 ,
1497 1580 1552 1630 δέ
1568 1573 1769 1652 quibus
1785 1580 1873 1649 jus

386 1655 1251 1718 exercendorum,latrociniorum
1290 1655 1468 1712 honos
1497 1654 1601 1735 ipse
1635 1658 1871 1737 largitur.

387 1734 524 1792 illud
556 1738 768 1815 gravius
801 1757 859 1793 ac
896 1741 1066 1817 magis
1098 1738 1466 1805 intolerabile,
1493 1737 1644 1815 quod
1677 1735 1876 1795 hoc-fa-

389 1820 540 1874 ciunt
558 1824 611 1874 &
643 1820 830 1896 privati
863 1817 1046 1877 iisdem
1075 1835 1197 1876 ante
1215 1819 1517 1876 honoribus
1532 1816 1721 1875 functi.
1752 1824 1880 1877 tan-f

333 1942 335 1944 -
388 1915 511 1955 tum
535 1902 611 1956 eis
627 1898 846 1980 adeptus
859 1900 1017 1962 semel
1035 1899 1213 1958 honos
1231 1899 1481 1959 beneficii
1498 1901 1586 1958 dat
1604 1942 1621 1969 ‚
1658 1919 1718 1958 ut
1734 1899 1885 1958 sem-ff

389 2001 487 2059 per
510 1979 742 2039 habeant
767 1986 855 2055 jus
875 1982 1243 2041 latrocinandi.
1276 1983 1412 2041 adeo
1442 1987 1603 2040 etiam
1635 2004 1758 2039 cum
1779 1984 1876 2041 de-

389 2060 622 2121 stiterint
652 2062 716 2120 ad
734 2062 1207 2123 administrandum
1226 2064 1544 2143 potestatem
1564 2064 1756 2122 habere
1771 2086 1876 2144 pu-

391 2142 588 2201 blicam
625 2185 642 2212 ,
689 2166 804 2202 non
829 2145 1075 2204 desinunt
1116 2165 1299 2204 tamen
1339 2147 1404 2204 ad
1443 2147 1871 2205 latrocinandum

394 2225 715 2304 potestatem
743 2225 936 2285 habere
966 2231 1222 2306 privatam
1247 2252 1261 2285 ε
1295 2250 1353 2286 ac
1375 2227 1442 2286 fic
1468 2230 1640 2286 levior
1669 2229 1744 2286 est
1773 2250 1874 2308 po-

392 2306 642 2366 testasilla
660 2329 821 2387 quam
840 2309 1134 2367 habuerant
1146 2318 1167 2386 j
1176 2310 1353 2368 udices
1367 2353 1384 2379 ‚
1399 2332 1564 2390 quam
1578 2310 1688 2368 haec
1706 2332 1870 2387 quam

389 2391 582 2465 privati
598 2389 818 2448 habent.
859 2394 913 2448 in
933 2393 1018 2449 illa
1035 2395 1178 2449 enim
1199 2391 1330 2471 saepe
1349 2396 1422 2451 eis
1441 2391 1771 2461 succeditur,
1813 2395 1869 2451 in

388 2470 486 2527 hac
520 2492 818 2551 nunquam.
876 2494 995 2531 ecce
1025 2474 1155 2552 quid
1193 2477 1400 2533 valeant
1430 2473 1621 2532 statuta
1653 2475 1871 2555 legum,

390 2572 510 2608 ecce
531 2555 664 2632 quid
701 2551 915 2632 proficit
948 2554 1198 2613 definitio
1234 2554 1609 2623 sanffionum,
1657 2558 1872 2636 quaeilli

386 2631 644 2711 spernunt
677 2637 941 2704 maxime,
972 2641 1066 2715 qui
1101 2637 1420 2696 ministrant.
1457 2637 1578 2695 sane
1598 2639 1662 2697 ad
1680 2659 1870 2716 paren-

386 2715 519 2773 dum
541 2715 768 2774 humiles
787 2717 1088 2798 abjefflque
1108 2740 1378 2800 coguntur
1408 2760 1424 2781 ‚
1466 2722 1870 2800 compelluntur

382 2796 533 2873 juffis
568 2797 947 2878 obtemperare
978 2802 1281 2879 pauperculi
1298 2842 1315 2869 ‚
1359 2808 1415 2859 &
1450 2802 1545 2859 nifi
1578 2800 1870 2881 obtempe-

359 2881 614 2937 raverint
634 2921 651 2946 ,
683 2884 999 2958 puniuntur.
1057 2882 1282 2940 eandem
1313 2887 1458 2940 enim
1491 2887 1755 2941 rationem
1771 2885 1878 2940 ha«

310 3030 323 3041 μ
388 2959 522 3022 bent
539 2963 594 3020 in
623 2960 718 3022 hac
751 2984 807 3021 re
825 2985 988 3044 quam
1018 2966 1073 3023 in
1094 2965 1327 3024 tributis.
1369 2964 1462 3024 soli
1475 2963 1625 3043 jusfis
1641 2964 1869 3047 publicis

1758 3044 1866 3103 ser-
1884 3100 1886 3102 ,
