1888 3428
168 145 1066 206 ‘Gor-rmcfflHm'TomAE
1117 149 1388 209 L1n.111.
1520 171 1625 229 323

27 248 239 286 nonem
259 251 388 288 vero
408 237 460 288 δε
483 234 718 310 quicum
736 250 803 287 eo
824 231 1018 286 milites
1037 250 1248 288 manere
1265 237 1468 290 nollent
1487 274 1502 300 ,
1541 234 1637 290 da-

27 314 99 368 tis
119 311 348 369 navibus
364 313 548 388 ‚jubet
568 333 900 392 quocunque
916 312 1113 369 vellent
1130 312 1405 389 proficisci.
1450 319 1636 394 Atque

25 393 141 458 illi,
174 392 549 472 siByzantium
582 400 719 453 irent
748 395 977 451 dedecus
997 397 1148 450 veriti
1173 435 1189 461 ‚
1224 397 1460 452 Romam
1485 400 1638 453 navi-

20 495 154 553 gare
189 480 594 556 quamprimum
625 475 889 534 avebant:
923 475 1009 533 sed
1030 474 1316 533 obnitente
1344 499 1507 533 vento
1532 477 1636 534 sol-

26 577 152 614 vere
171 557 429 638 prohibiti
450 598 466 622 ‚
485 563 540 616 in
562 577 708 616 metu
733 577 880 615 erant
901 579 966 614 ne
986 559 1212 615 victoria
1234 561 1404 616 elatus
1419 560 1638 615 Totilas

24 640 183 716 pac‘sta
219 659 593 698 contemneret
617 683 633 708 ,
680 642 845 719 idque
876 638 998 717 ipfis
1036 642 1170 697 male
1202 660 1451 698 verteret.
1484 641 1638 720 quod

24 719 313 800 postquam
345 722 497 779 senfit
528 723 742 779 Totilas
762 763 779 790 ,
811 742 1142 779 convocatos
1162 728 1327 780 erexit
1350 765 1367 791 ‚
1396 722 1640 780 firmata-

26 823 135 880 que
155 805 219 861 de
237 809 451 884 integro
471 802 577 861 fide
594 843 612 869 ,
652 804 808 860 bono
826 802 970 877 jusfit
988 810 1172 861 animo
1195 804 1294 862 effe
1312 848 1327 873 ,
1351 813 1404 862 δε
1428 805 1639 864 securos

27 888 285 943 exercitui
304 885 649 944 Gotthorum
673 884 995 954 immisceri,
1032 905 1193 966 atque
1209 888 1340 946 ‘inde
1366 887 1460 945 fibi
1480 909 1638 945 com-

24 987 207 1045 parare
243 965 551 1034 necessaria,
586 970 913 1046 illorumque
950 988 1009 1025 ut
1039 973 1340 1026 amicorum
1366 971 1560 1038 rebuS,
1598 968 1636 1026 fi

23 1069 134 1126 qua
153 1071 292 1128 opus
316 1048 461 1117 esset,
480 1049 574 1107 uti.
621 1053 767 1107 Cum
790 1052 1095 1109 adversante
1113 1051 1286 1110 adhuc
1308 1073 1476 1110 vento
1498 1055 1641 1132 mul-

23 1148 152 1187 tum
165 1136 331 1189 exiret
346 1137 608 1211 temporis
627 1173 643 1199 ,
681 1140 1222 1213 equosjumentaque
1238 1136 1481 1213 praebens
1495 1175 1512 1199 ,
1534 1135 1638 1191 do-

21 1231 180 1270 natos
200 1220 252 1270 &
276 1219 470 1271 viatico
493 1256 508 1281 ‚
545 1216 785 1271 Romam
808 1219 879 1271 ire
896 1215 1123 1272 terrestri
1141 1221 1330 1275 itinere
1353 1218 1634 1283 hortatur,

21 1299 187 1351 etiam
210 1295 441 1353 Gotthis
460 1340 473 1360 ‚
493 1301 584 1374 qui
607 1294 1092 1375 prosequerentur,
1127 1298 1335 1356 additis.
1378 1303 1530 1356 Tum
1554 1298 1638 1355 di·-

14 1381 158 1436 ,rutis
172 1378 430 1457 Neapolis
453 1379 715 1452 maenibus
734 1379 1032 1458 digreditur
1046 1419 1062 1444 ,
1095 1401 1162 1451 ne
1184 1382 1403 1458 quando
1422 1383 1640 1439 Roma·-

23 1465 82 1517 ni
100 1479 317 1537 recepto
340 1460 544 1540 oppido
566 1499 581 1521 ,
601 1459 679 1518 fisi
698 1463 1090 1530 munimentis,
1110 1461 1457 1530 Gott'norum
1478 1463 1638 1520 rebus

23 1541 149 1598 inde
182 1543 688 1600 incommodarent:
725 1539 924 1600 malens
944 1541 1050 1620 ipse
1070 1563 1256 1621 aperto
1277 1549 1454 1623 praelio
1474 1549 1640 1623 aequis

24 1627 81 1692 in
100 1628 230 1680 locis
250 1645 465 1681 cernere
483 1664 499 1692 ,
532 1646 692 1702 quam
713 1646 807 1703 per
825 1646 960 1681 artes
979 1631 1032 1681 &
1053 1626 1390 1685 calliditatem
1419 1629 1638 1705 bellare.

21 1704 125 1772 sed
151 1715 442 1763 contentus
469 1710 764 1762 maximam
802 1713 1058 1763 maenium
1095 1726 1299 1785 partem
1335 1706 1607 1767 detraxisse
1623 1750 1640 1773 ,

24 1787 274 1844 nonnihil
308 1794 361 1844 ὃς
381 1789 614 1867 reliquit.
656 1790 784 1845 Hoc
819 1787 915 1845 sub
934 1808 1150 1868 tempus
1180 1795 1398 1849 veniens
1426 1792 1488 1849 ad
1510 1813 1639 1848 eum

26 1892 91 1926 ex
125 1873 389 1926 Romanis
421 1869 737 1927 hominibus
759 1871 1018 1939 Calaber,
1054 1870 1328 1931 accusabat
1361 1876 1638 1954 quendam

22 1950 306 2025 satellitum
344 1957 456 2027 ejus
471 1994 488 2020 ,
526 1950 690 2009 filiam
733 1950 879 2010 suam
911 1957 1173 2033 virginem
1202 1956 1268 2012 ab
1298 1979 1364 2014 eo
1400 1962 1453 2014 vi
1483 1976 1641 2012 com-
1686 2033 1696 2036 Δ
1734 2020 1737 2021 ⁷

24 2032 246 2113 prelsam
268 2034 532 2092 deferens,
579 2038 758 2093 Reum
778 2057 890 2093 non
913 2057 1202 2116 negantem
1225 2036 1454 2107 facinuS,
1476 2042 1645 2116 puni-

24 2137 81 2174 re
103 2121 283 2195 magni
309 2118 528 2181 ducens,
550 2122 742 2175 carceri
762 2120 1004 2174 includit.
1050 2119 1258 2177 solliciti
1282 2142 1378 2200 pro
1400 2143 1467 2178 eo
1486 2121 1640 2177 Got-

26 2198 248 2255 thorum
271 2204 534 2279 primores
554 2241 570 2266 ,
605 2199 756 2276 quod
789 2204 866 2259 vir
886 2222 1002 2257 acer
1021 2199 1144 2259 effet
1168 2203 1424 2284 belloque
1454 2205 1594 2260 utilis
1614 2242 1633 2269 ‚

24 2279 158 2338 caetu
176 2279 323 2338 facto
342 2323 359 2349 ,
393 2282 485 2338 ubi
519 2282 583 2338 ad
610 2284 851 2338 Totilam
886 2283 1091 2340 admissi
1124 2304 1274 2352 erant
1293 2328 1310 2354 ‚
1346 2304 1504 2343 orant
1524 2289 1637 2342 cul*-

0 2386 147 2443 >pam
184 2363 397 2420 homini
429 2364 729 2420 condonet.
761 2367 846 2421 ille
879 2369 1161 2445 tranquille
1181 2408 1197 2434 ,
1251 2374 1378 2426 citra
1411 2389 1638 2424 omnem

26 2449 192 2504 animi
211 2465 427 2503 motum
447 2486 463 2513 ‚
481 2445 727 2502 sermone
755 2448 939 2503 audito
960 2489 976 2515 ,
994 2448 1266 2526 respondit
1283 2449 1427 2507 hunc
1445 2456 1498 2506 in
1518 2471 1638 2505 mo-

29 2530 182 2586 dum.
223 2529 357 2585 Non
378 2527 670 2586 inhumana
688 2527 883 2586 saevitia
917 2529 1171 2608 abreptus
1193 2572 1209 2598 ‚
1241 2535 1511 2591 neclaetus
1533 2553 1640 2609 po·-

27 2611 295 2690 pularium
317 2612 487 2674 malis,
502 2609 674 2669 sedne
696 2613 827 2689 quid
847 2611 1079 2669 Gotthis
1101 2615 1224 2669 mali
1249 2619 1476 2678 eveniat,
1497 2611 1638 2669 sum-

29 2712 118 2754 me
139 2695 321 2750 anxius
341 2734 355 2757 ,
373 2691 478 2750 haec
498 2694 562 2751 ad
582 2715 680 2753 vos
697 2735 712 2759 ‚
728 2696 1052 2752 commilites
1072 2736 1088 2762 ‚
1123 2696 1284 2754 verba
1300 2694 1459 2753 facio,
1510 2696 1638 2751 Ho-

31 2776 243 2831 minum
266 2796 382 2853 pars
399 2768 591 2856 m'agna
610 2818 627 2843 ‚
667 2797 843 2854 neque
863 2778 915 2833 id
936 2798 1021 2833 me
1041 2781 1165 2835 latet
1184 2819 1198 2843 ‚
1215 2799 1390 2835 rerum
1410 2775 1514 2856 ipsa
1530 2797 1639 2831 no-

33 2859 181 2913 mina
203 2875 524 2934 pervertunt.
557 2862 739 2937 legum
759 2865 1083 2927 contemtui,
1107 2864 1199 2938 qui
1217 2859 1438 2928 honesta
1456 2860 1641 2914 omnia

33 2945 339 3020 corrumpit
353 2939 590 3022 nihilque
609 2941 792 3001 sanum
812 2939 957 3005 finit,
978 2942 1306 3001 vocabulum
1325 2941 1518 2999 indunt
1541 2939 1643 3027 cle-

836 3025 889 3080 X
936 3043 962 3077 2
1242 3026 1245 3027 ⁷
1414 3037 1647 3078 mentiae.
