1888 3428
243 155 357 230 386
588 146 963 208 P‘Ro‘copu
1006 147 1530 217 CAESAREENSI{

234 236 293 290 in
310 230 524 289 summo
545 231 766 311 quidem
801 233 1038 310 periculo
1074 230 1298 287 oblitus·
1341 228 1664 286 Iustinianus
1679 233 1847 292 Arta-

235 313 361 371 bani
380 313 620 371 honores
650 311 907 370 abstuliffe
939 329 1234 370 contentus
1252 351 1269 376 ‚
1307 308 1449 369 haud
1469 313 1605 369 ultra
1635 312 1863 373 nocuit.‘

234 399 526 455 caeterosin
538 395 785 453 'custodia
798 394 986 452 habuit
997 394 1292 459 honorata,
1324 395 1496 450 necin
1517 414 1737 463 carcere,
1758 393 1850 455 sed

235 478 374 536 intra
390 480 662 558 palatium.
703 476 800 534 sub
818 477 934 534 ‘hoc
965 496 1182 554 ternpus
1200 494 1352 531 totus
1382 475 1636 532 occidens
1655 475 1850 536 barba-

145 562 149 564 *
233 582 422 618 rorum
459 558 632 618 faetus
677 558 798 616 est:
860 556 1853 636 Gotthicumque-bellum*Romanis

223 635 268 700 'n
279 664 408 723 uper
426 688 439 710 ‚
468 661 528 700 ut
544 661 664 700 ante
683 645 887 699 narravi
908 684 925 709 ‚
965 641 1263 699 victoribus
1283 660 1350 695 eo
1371 639 1587 697 devenit
1604 679 1621 705 ,
1655 660 1713 697 ut
1733 662 1849 699 non
1881 644 1883 646 ’

234 726 408 783 modo
442 729 694 804 pecunias
727 744 1063 802 corporaque
1097 726 1382 780 innumera
1417 722 1570 778 nullo
1589 717 1769 780 fructu
1791 727 1850 782 in
1884 755 1888 757 >

233 808 288 864 id
308 805 643 865 insumserint
667 849 684 875 ‚
725 805 813 864 sed
850 813 904 863 ἃ
934 807 1137 866 Italiam
1169 803 1472 870 amiserint,
1504 803 1847 882 &Illyricum

234 888 632 968 Thraciamque
654 909 800 968 paene
818 909 1043 945 omnem
1073 886 1341 945 viderinta
1364 884 1600 942 barbaris
1620 924 1637 951 ‚
1670 891 1766 967 qui
1785 888 1851 945 ad

232 992 330 1028 eos
347 993 519 1051 usque
551 968 688 1029 fines
719 987 1125 1048 penetraverant
1145 1011 1160 1037 ‚
1204 990 1303 1047 pro
1338 968 1562 1025 libidine
1594 971 1675 1025 uri
1706 974 1850 1048 rapi-

233 1074 363 1131 que.
404 1053 459 1111 id
480 1052 548 1110 fic
566 1053 788 1110 accidit:
832 1052 1035 1108 Gallias
1053 1072 1247 1109 ornnes
1266 1048 1342 1107 sui
1364 1071 1482 1129 quae
1504 1067 1655 1106 erant
1673 1054 1852 1130 impe-

230 1138 327 1202 rii,
357 1135 482 1192 belli
514 1134 676 1209 hujus
709 1135 866 1190 initio
903 1134 1195 1190 Germanis
1229 1129 1586 1189 concesserant
1612 1133 1847 1201 Gotthi,

231 1217 383 1295 quod
419 1215 638 1273 duobus
668 1214 718 1272 se
741 1213 986 1275 hostibus
1017 1235 1165 1292 pares
1196 1235 1311 1270 non
1344 1211 1706 1271 existimarent
1725 1257 1743 1283 ‚
1788 1234 1852 1274 ut

227 1305 341 1376 jam
361 1297 568 1356 dudum
589 1314 955 1355 memoratum
972 1294 1104 1352 mihi
1121 1294 1215 1353 est.
1256 1297 1454 1375 Neque
1480 1295 1721 1353 Romani
1742 1298 1851 1354 ob·-

230 1378 430 1437 stitere.
475 1383 609 1459 quin
627 1379 732 1437 hoc
757 1381 986 1458 amplius
1018 1376 1340 1436 Iustinianus
1360 1373 1735 1457 poss'effionem
1755 1377 1853 1437 fir-

231 1466 402 1520 mavit
425 1503 440 1523 ‚
475 1461 656 1519 uehis
694 1482 919 1541 quoque
939 1460 1177 1518 barbaris
1195 1463 1250 1517 in
1278 1458 1327 1517 se
1349 1462 1634 1518 concitatis
1663 1461 1851 1520 damni

231 1546 429 1624 aliquid
467 1548 748 1624 acciperet.
796 1567 920 1601 nam
956 1565 1023 1600 ne
1059 1541 1156 1621 ipsi
1186 1542 1407 1622 quidem
1439 1545 1625 1601 Franci
1662 1553 1849 1602 tutum

233 1626 654 1702 mansurumque
687 1632 772 1700 jus
791 1626 923 1693 fibi,
960 1624 1054 1682 nisi
1073 1646 1140 1683 ex
1165 1628 1512 1703 Imperatoris
1529 1628 1850 1685 auctoritate

231 1708 531 1786 sperabant.
571 1709 652 1764 Ex
672 1730 738 1764 eo
762 1709 1026 1765 Germani
1064 1729 1214 1786 reges
1242 1705 1530 1764 Maffiliam
1551 1708 1847 1766 Phocaeen-

233 1791 370 1849 fium
392 1790 664 1848 coloniam
684 1797 736 1849 Sc
769 1791 867 1846 alia
886 1796 998 1864 ejus
1017 1811 1121 1847 orae
1142 1793 1408 1846 maritima
1439 1790 1556 1846 loca
1585 1807 1808 1847 tenuere
1825 1831 1844 1858 ,

234 1877 481 1951 marique
502 1877 866 1950 imperarunt,
911 1878 963 1927 δε
999 1875 1052 1926 in
1086 1871 1229 1927 hunc
1264 1892 1433 1949 usque
1464 1870 1607 1928 diem
1628 1874 1848 1932 Arelate

233 1955 475 2034 spectant
512 1953 808 2012 Circenses.
854 1976 917 2009 ex
954 1953 1176 2011 Gallicis
1205 1951 1420 2030 insuper
1439 1955 1664 2011 metallis
1682 1959 1860 2011 num-²

234 2059 392 2110 mum
413 2037 616 2093 cudunt
637 2058 856 2093 aureum
874 2074 891 2099 ,
938 2056 1035 2091 nec
1055 2037 1139 2099 ei,
1160 2054 1218 2092 ut
1238 2057 1359 2091 mos
1379 2035 1502 2091 alibi
1523 2034 1595 2091 est
1617 2077 1633 2103 ‚
1667 2042 1846 2115 Impe-
1879 2098 1882 2102 Δ

236 2125 430 2177 tatoris
447 2120 686 2175 Romani
710 2160 726 2186 ,
758 2117 844 2174 sed
864 2115 1006 2173 suam
1028 2115 1322 2175 inscribunt
1353 2119 1644 2197 imaginem
1663 2162 1679 2183 ,
1718 2139 1846 2177 cum

234 2223 328 2259 rex
349 2199 457 2280 ipse
475 2200 747 2257 Persarum
783 2198 963 2256 solitus
998 2199 1059 2255 fit
1089 2217 1406 2277 argenteum
1440 2200 1659 2278 quidem
1680 2222 1848 2259 num-

191 2276 192 2280 *
232 2304 389 2340 mum
410 2283 505 2340 suo
528 2280 731 2362 fingere
751 2279 1036 2348 arbitram,
1079 2280 1166 2339 sed
1194 2303 1414 2339 aureum
1435 2280 1523 2338 sua
1543 2281 1745 2361 signare
1763 2281 1848 2340 ef·-

237 2364 368 2445 figie
388 2374 514 2422 *non
543 2369 673 2421 item
695 2405 710 2424 ‚
756 2385 933 2441 neque
967 2367 1137 2444 magis
1167 2384 1319 2443 reges
1353 2365 1472 2430 alii,
1510 2368 1669 2421 etiarn
1700 2364 1846 2443 apud

235 2444 377 2525 quos
395 2468 584 2505 aurum
624 2444 849 2503 nascitur
868 2486 884 2511 ‚
928 2449 1054 2526 quia
1083 2446 1146 2503 ad
1180 2450 1502 2503 commercia
1525 2444 1645 2503 usus
1669 2450 1846 2505 nullus

235 2527 455 2587 futurus
473 2527 533 2585 fit
549 2530 665 2585 talis
684 2532 925 2594 nummi,
962 2528 1025 2585 ad
1044 2530 1369 2585 commercia
1386 2530 1462 2583 uti
1494 2549 1727 2584 nummo
1746 2551 1846 2587 au-

235 2632 366 2678 re0‚
395 2610 597 2669 etiamfi
628 2632 752 2667 cum
784 2610 1017 2667 barbaris
1051 2612 1341 2690 negotium
1374 2607 1453 2666 fit.
1496 2607 1578 2668 Hi
1606 2612 1846 2669 Franco-
1887 2632 1888 2687 3

235 2714 360 2750 rum
376 2691 525 2750 fuere
553 2691 828 2749 succeffus.
870 2695 948 2748 At
965 2691 1249 2772 postquam
1270 2692 1474 2768 Totilae
1503 2698 1557 2750 &
1590 2691 1848 2750 Gottho-
1886 2712 1888 2766 g

235 2795 360 2831 rum
376 2776 788 2853 praepolluerunt
809 2795 951 2830 arma
971 2816 988 2842 ‚
1021 2777 1202 2832 Franci
1220 2777 1575 2832 Venetiarum
1594 2778 1845 2854 pleraque

236 2853 386 2915 facile
405 2855 620 2914 insuam
647 2857 911 2914 ditionem
932 2858 1289 2938 redegerunt,
1326 2878 1451 2914 cum
1486 2878 1585 2914 nec
1600 2858 1846 2915 Romani

240 2958 302 2996 ea
317 2940 435 3000 loca
452 2943 608 2999 tutari
625 2936 835 3020 possent
854 2978 869 3002 2
906 2959 1082 3019 neque
1102 2938 1306 3000 Gotthi
1324 2960 1535 3003 novum
1554 2938 1759 3001 bellum
1778 2938 1846 2998 ad

1691 3036 1850 3085 Vetus
