1888 3428
191 163 602 225 HISTORIA-z
642 167 1128 224 VANDALICAE
1183 167 1427 223 L113.11.
1534 181 1639 245 125

49 265 207 308 cutus
222 289 242 316 ‚
275 247 417 307 seire
435 247 569 305 dixit
590 245 977 326 Carthaginem
995 289 1011 310 ,
1045 266 1171 302 cum
1190 247 1343 301 bono
1364 288 1380 313 ‚
1401 265 1460 304 ut
1479 245 1650 326 spera-

47 349 128 389 ret
150 340 183 400 ‚'
217 334 559 410 Imperatoris
591 326 825 385 exercitu
855 326 1005 384 brevi
1034 327 1355 384 rediturum.
1408 328 1653 406 Ipsorum

45 410 164 470 fore
196 409 359 469 officii
391 416 447 469 in
485 412 538 469 id
557 413 720 476 eniti,
755 427 814 467 ut
842 411 1003 487 recipi
1024 410 1161 467 intra
1180 409 1371 466 urbem
1392 416 1655 469 exercitus

41 492 221 573 posfit.
263 494 338 550 illi
369 515 496 551 eum
519 495 687 549 noctu
707 487 933 555 funibus
964 496 1112 548 nexis
1139 492 1204 548 de
1243 491 1521 547 moenibus
1556 493 1655 548 de-
1686 555 1689 557 ,

43 572 249 632 misere.
291 578 406 654 Qui
428 576 491 633 ad
510 576 664 631 littus
683 593 741 630 ut
760 575 1025 652 pervenit,
1045 573 1287 631 lembum
1311 573 1654 653 piscatorium

40 654 116 714 ibi
133 659 360 736 reperit,
380 644 641 735 usumque
660 654 687 712 ὲ
703 654 940 713 dominis
958 675 1256 712 emereatus
1274 659 1492 736 navigat
1513 656 1654 712 Car-

39 737 334 819 thaginem.
382 740 468 796 Eo
502 738 821 818 pervechs‚
857 741 1177 817 copiamque
1220 740 1407 794 mustus
1437 737 1654 795 videndi

43 823 210 901 Sergii
228 821 259 889 ,’
278 825 514 899 cogitata
533 824 728 898 aperit,
752 825 1158 899 exercitumque
1181 819 1411 899 postulat
1424 818 1656 894 justum,

43 903 409 982 recuperandae
429 903 778 982 AdramyttO.
818 899 1037 960 Difficili
1061 903 1122 959 ad
1146 902 1250 958 hoc
1272 907 1478 981 Sergio,
1500 903 1655 982 quod

42 1006 157 1042 non
179 987 383 1042 multus
406 985 732 1064 Carthagine
755 982 906 1042 miles
927 981 1049 1041 esset
1068 1028 1083 1048 ,
1121 1006 1320 1062 paucos
1340 985 1521 1040 saltem
1544 985 1656 1041 dari

41 1064 138 1124 fibi
159 1089 350 1134 oranS,
388 1071 578 1148 accipit
598 1085 811 1124 tantum
837 1067 1156 1147 octuaginta
1177 1108 1193 1134 ‚
1230 1073 1282 1124 &
1304 1066 1449 1123 hunc
1480 1066 1653 1123 astum

40 1147 483 1207 comminiscitur.
539 1151 787 1208 Navibus
820 1147 1121 1228 scaphisque
1170 1151 1416 1229 plurimis
1457 1149 1656 1205 coactis

21 1245 231 1288 'nautas
267 1234 467 1288 multos
500 1237 553 1288 &
586 1229 854 1288 Afrorum
891 1233 1024 1287 alios
1056 1235 1291 1308 imponit
1313 1273 1327 1296 ,
1365 1252 1433 1287 eo
1454 1232 1654 1287 indutu

44 1333 159 1393 quo
191 1314 433 1371 Romani
465 1313 663 1370 milites
692 1318 770 1370 uti
802 1311 976 1370 solent
996 1354 1011 1380 ,
1047 1311 1275 1392 velisque
1293 1310 1447 1369 factis
1475 1311 1657 1391 Adry-

44 1412 282 1452 mettum
316 1392 493 1455 versus
525 1413 792 1474 quantum
828 1393 1001 1472 potest
1022 1413 1292 1473 properat.
1329 1398 1406 1451 Vt
1428 1399 1658 1472 propin-

42 1495 298 1555 quaverat
312 1517 331 1543 ‚
369 1480 540 1534 mittit
557 1478 692 1534 clam
712 1479 804 1556 qui
823 1476 1151 1555 primoribus
1171 1476 1320 1533 urbis
1351 1474 1656 1556 significent

42 1559 388 1616 Germanum
422 1564 763 1637 Imperatoris
796 1556 976 1616 sorore
1017 1577 1203 1617 natum
1239 1578 1425 1614 recens
1460 1554 1656 1616 venisse

46 1639 470 1721 Carthaginem:
519 1661 586 1696 eo
623 1653 840 1698 curante
874 1638 1071 1701 adeffe,
1113 1641 1208 1716 qui
1242 1638 1659 1715 Adrymettinos

42 1721 267 1791 liberet,
306 1726 600 1779 exercitum
634 1744 648 1778 ε
694 1720 881 1778 restare
904 1740 963 1778 ut
981 1719 1074 1798 ipsi
1095 1722 1263 1778 nocStu
1284 1739 1499 1801 portam
1523 1743 1658 1801 pan-

45 1803 260 1863 derent:
301 1803 468 1861 Haud
488 1802 633 1861 secus
667 1801 903 1861 factum:
942 1800 1240 1882 Paulusque
1279 1824 1403 1860 cum
1428 1800 1525 1859 suo
1558 1824 1659 1860 co·-

48 1890 241 1944 mitatu
256 1888 396 1944 ‘intra
416 1890 615 1943 moenia
635 1883 883 1943 admissus
900 1883 1084 1941 hostes
1103 1882 1304 1942 occidit
1321 1906 1515 1942 omnes
1531 1926 1547 1952 ‚
1579 1891 1660 1943 A„

51 1969 490 2049 drymet'tumque
519 1971 836 2048 Imperatori
868 1967 1108 2025 restituit.
1153 1969 1315 2024 Fama
1334 1968 1400 2025 de
1423 1968 1661 2025 Germa-

30 2071 122 2108 ›no
141 2051 213 2108 ibi
229 2072 350 2109 nata
369 2050 756 2130 Carthaginem
780 2047 944 2128 usque
970 2048 1212 2127 pervaslt.
1262 2049 1483 2130 Qbus
1502 2051 1660 2108 audi-

48 2138 116 2191 tis
135 2134 345 2202 Mauri,
365 2137 553 2191 Stotza
573 2176 590 2201 ‚
608 2135 810 2211 quique
829 2134 1073 2189 cumillis
1095 2151 1262 2199 erant,
1287 2134 1456 2210 pavidi
1476 2136 1657 2214 primo

48 2213 450 2283 Africaeultima
472 2214 600 2294 fuga
631 2212 905 2292 petebant.
947 2218 1027 2270 At
1050 2213 1143 2271 ubi
1161 2218 1237 2272 rei
1253 2217 1444 2272 veritas
1461 2211 1658 2293 patuit,

49 2298 309 2379 indignari
329 2298 479 2378 quod
499 2297 879 2374 Adramytteni
899 2338 914 2364 ‚
947 2318 1185 2377 quorum
1207 2300 1325 2354 vitae
1345 2296 1438 2377 ipsi
1467 2318 1662 2377 peper-

53 2379 265 2449 ciffent3
295 2379 433 2439 hanc
453 2379 572 2457 ipfis
598 2376 937 2437 reddidissent
958 2384 1144 2437 vicem.
1190 2380 1273 2436 Ex
1303 2401 1370 2437 eo
1389 2421 1406 2448 ,
1445 2401 1662 2460 quaqua

51 2465 347 2532 irruerant,
382 2461 603 2543 peffime
638 2461 861 2538 tractare
890 2458 1059 2520 Afros
1083 2503 1098 2529 ,
1138 2464 1338 2519 nullius
1375 2466 1541 2519 aetatis
1568 2479 1662 2520 aut

51 2543 200 2603 sexus
214 2543 574 2604 misericordia
597 2567 610 2601 :
650 2546 912 2623 planeque
927 2547 982 2601 in
1004 2543 1350 2603 solitudinem
1369 2545 1569 2601 redacti
1591 2565 1660 2601 eo

55 2640 299 2706 tempore
328 2628 447 2686 sunt
480 2629 591 2708 agri
614 2667 630 2695 ‚
670 2622 937 2683 Afrorum
959 2629 1071 2684 aliis
1091 2630 1148 2684 in
1168 2626 1328 2689 urbes
1347 2667 1381 2694 ,,
1403 2629 1514 2683 aliis
1534 2628 1664 2684 lon-

53 2710 174 2789 gius
191 2711 413 2768 Siciliam
433 2709 598 2790 usque
618 2706 932 2789 caeterasque
950 2708 1139 2768 insulas
1157 2708 1511 2790 fugientibus.
1546 2712 1663 2767 exi-

58 2793 155 2848 mii
171 2793 485 2871 Byzantium
506 2788 735 2872 profecti
754 2812 948 2849 omnes
964 2834 982 2860 ‚
1003 2796 1058 2849 in
1081 2791 1279 2871 quibus
1300 2798 1353 2849 δι
1372 2794 1567 2849 Paulus
1587 2794 1664 2848 A-

54 2872 307 2953 drymetti
322 2878 641 2954 Imperatori
663 2873 879 2933 redditae
899 2873 1061 2932 decus
1080 2874 1256 2932 secum
1276 2871 1469 2931 ferens,
1491 2874 1573 2928 Ex
1593 2891 1661 2928 eo

53 2952 333 3044 ulciscente
348 2958 771 3024 nemine2Mauri
790 2959 964 3018 multo
977 2978 1141 3039 quam
1156 2974 1278 3019 ante
1292 2956 1664 3090 securiuiage-

1547 3048 1659 3103 ant,
