1888 3428
429 206 478 261 E
555 223 591 261 L
673 220 710 260 o
791 224 830 259 G
913 220 936 257 1
1014 223 1072 260 A.
1394 206 1472 267 '10

26 288 247 372 fingunt
262 287 473 368 ingenti
502 287 718 364 Priapo·
760 285 1097 343 Wodanem
1116 305 1246 344 vero
1264 227 1516 367 sculpun5t

25 372 291 432 armatum
312 411 331 439 ,
379 367 511 427 ficut
541 366 709 425 nostri
751 366 990 423 Martem
1036 366 1270 448 sculpere
1322 369 1515 432 solent.

25 457 187 514 Thor
200 471 379 511 autem
400 471 525 509 cum
543 447 750 528 seeptro
785 454 971 505 Iovem
1004 449 1216 509 videtur
1249 455 1519 530 exprime-

25 557 104 597 re.
147 538 359 594 Colunt
377 535 599 592 &Deos
615 552 681 590 ex
697 530 1018 588 hominibus
1031 531 1204 591 ῑαᾶοε
1220 575 1238 602 ,
1258 556 1398 614 quos
1418 555 1519 614 pro

27 617 344 700 ingentibus
360 613 512 673 faffis
531 616 934 672 immortalitate
954 614 1163 673 donant
1179 656 1198 683 ‚
1220 616 1351 674 ficut
1368 618 1426 672 in
1442 619 1522 676 vi-

27 719 86 760 ta
101 700 262 759 sanffi
278 697 524 777 Ansgarii
541 697 738 776 legitur
754 697 988 754 Hericus
1009 719 1097 756 rex
1113 696 1286 756 fecisse
1301 739 1318 765 ,
1333 703 1524 757 omni-

27 784 131 842 bus
148 781 336 840 scilicet
352 782 475 837 Diis
495 777 785 837 attributos
801 776 1129 847 sacerdotes,
1159 783 1254 861 qui
1273 779 1522 838 sacrificia

28 865 219 946 populi
251 858 502 920 offerant.
545 862 600 918 Si
618 859 776 941 pestis
807 868 863 918 &
894 860 1063 920 fames
1095 866 1345 922 imminet
1361 863 1522 922 Thor

27 946 177 1005 idolo
196 947 514 1009 immolant;
536 941 571 1000 si
591 942 818 1022 bellum,
834 944 1192 1011 Wodani5s1
1216 950 1415 1026 nuptiae
1432 967 1524 1003 ce-

27 1026 288 1086 lebrandae
307 1024 446 1089 sunt,
462 1027 730 1083 Fricconi.
775 1029 923 1085 Solet
936 1048 1160 1108 quoque
1180 1027 1297 1107 post
1318 1049 1524 1086 novem

28 1132 198 1168 annos
215 1149 232 1177 ‚
262 1111 569 1168 communis
584 1112 834 1166 omnium
855 1112 1101 1168 Sueoniae
1121 1113 1526 1188 provinciarum

29 1191 317 1252 solennitas
336 1191 605 1250 celebrari.
622 1192 686 1250 ad
702 1213 866 1272 quam
887 1193 1133 1251 videlicet
1149 1191 1528 1251 solennitatem

31 1275 160 1333 nulli
183 1274 456 1351 praestatur
473 1277 804 1332 immunitas,
847 1295 999 1354 reges
1033 1281 1087 1331 δε
1123 1277 1313 1353 populi
1333 1296 1529 1332 omnes

32 1362 88 1414 &
111 1355 302 1435 singuli
334 1356 421 1416 sua
453 1355 598 1413 dona
631 1356 695 1414 ad
728 1355 991 1414 Vbsolam
1027 1360 1438 1425 transmittunt,
1471 1363 1528 1415 &

34 1439 188 1518 quod
208 1441 360 1495 omni
382 1457 529 1518 paena
550 1439 814 1497 crudelius
838 1437 911 1494 est
932 1480 950 1506 ‚
984 1440 1055 1495 illi
1078 1440 1171 1516 qui
1192 1443 1303 1514 jam
1330 1438 1529 1496 indue-

31 1538 163 1578 runt,
203 1520 660 1578 Christianitatem
697 1521 763 1578 ab
807 1520 906 1577 illis
939 1518 988 1577 se
1024 1523 1347 1577 ceremoniis
1382 1522 1526 1578 redi-

29 1617 207 1660 munt.
251 1600 579 1659 Sacrificium
597 1605 778 1678 itaque
796 1601 898 1657 tale
917 1599 1013 1667 est,
1027 1621 1091 1656 ex
1109 1605 1264 1657 omni
1281 1606 1528 1659 animan-2

31 1701 87 1742 te
104 1682 254 1762 quod
276 1681 629 1740 masculinum
650 1682 724 1740 est
744 1722 758 1747 ,
791 1702 993 1739 novem
1015 1685 1182 1758 capita
1199 1681 1522 1748 offeruntur,

12 1785 269 1846 >quorum
289 1762 541 1845 sanguine
564 1767 719 1822 Deos
737 1766 866 1822 tales
899 1766 1088 1843 placari
1108 1786 1231 1821 mos
1262 1764 1356 1821 est.
1400 1787 1526 1823 cor-

31 1868 163 1927 pora
180 1864 361 1905 autem
381 1845 773 1926 suspenduntur
801 1849 859 1904 in
896 1849 1080 1904 lucum
1111 1852 1205 1925 qui
1242 1850 1525 1926 proximus

33 1929 108 1988 est
123 1931 349 2009 templo.
395 1932 439 1987 is
465 1931 780 1988 enimlucus
799 1948 908 1986 tam
927 1926 1065 1986 sacer
1097 1928 1172 1986 est
1193 1929 1523 2010 gentilibus,

33 2029 96 2071 ut
112 2010 325 2092 fingulae
342 2010 559 2070 arbores
578 2017 692 2087 ejus
710 2034 772 2070 ex
795 2029 973 2069 morte
994 2013 1079 2070 vel
1110 2011 1235 2069 cibo
1269 2016 1525 2070 immola-

31 2109 215 2152 torum
236 2094 422 2156 divinae
441 2095 744 2153 credantur.
787 2093 865 2151 ibi
896 2098 1060 2151 etiam
1079 2115 1236 2151 canes
1265 2096 1360 2174 qui
1389 2117 1526 2172 pen-

30 2175 161 2235 dent
176 2197 298 2234 cum
318 2175 634 2235 hominibus
654 2223 669 2244 ,
701 2196 939 2256 quorum
958 2197 1186 2255 corpora
1207 2178 1418 2243 mixtim
1437 2175 1527 2235 su·-

18 2256 208 2338 ¹spensa
226 2261 454 2317 narravit
474 2258 604 2316 mihi
620 2261 839 2339 quidam
858 2259 1294 2316 Christianorum
1313 2258 1361 2316 se
1397 2281 1432 2317 L
1446 2282 1524 2318 xx

33 2339 235 2398 vidiffe.
278 2343 555 2399 Caeterum
591 2345 774 2400 naeniae
808 2361 927 2422 quae
961 2344 1018 2399 in
1042 2339 1308 2417 ejusmodi
1333 2342 1526 2400 ritibus

17 2420 293 2482 *libatoriis
310 2420 426 2481 fieri
440 2421 636 2493 solent,
656 2426 978 2503 multiplices
997 2422 1117 2483 sunt
1134 2429 1187 2483 &
1207 2422 1523 2487 inhonestae,

28 2502 260 2586 ideoque
282 2509 472 2565 melius
489 2507 796 2566 reticendae.

114 2667 577 2750 Metropolitanus
613 2672 797 2732 noster
829 2673 1102 2733 ordinavit
1129 2674 1186 2730 in
1221 2674 1335 2731 illas
1354 2691 1527 2753 partes

38 2749 431 2812 AdelWerdum
445 2760 723 2833 juniorem
744 2757 809 2816 de
836 2755 1109 2814 Bremenfi
1127 2753 1296 2814 cho'ro
1326 2753 1526 2814 affum-

38 2848 193 2911 ptum
212 2874 230 2902 ,
260 2836 432 2894 virum
451 2840 620 2897 literis
654 2846 708 2897 &
746 2860 964 2897 morum
1003 2837 1272 2917 probitate
1302 2834 1524 2918 fulgen-

37 2931 175 2971 tem.
206 2918 290 2974 cui
308 2920 464 2976 etiam
485 2941 577 3000 per
593 2923 801 3000 legatos
820 2921 1083 2980 clarissimi
1104 2924 1199 2980 viri
1219 2924 1358 3000 regis
1376 2921 1523 2976 sten-

34 2993 106 3056 kil
124 2995 300 3058 sedem
317 2999 565 3079 posuitin
597 3005 815 3062 Sictona
844 3008 1093 3072 civitate,
1128 3025 1247 3083 quae
1282 3000 1521 3139 distsstsalb

788 3106 825 3166 g
872 3106 896 3164 ς
1321 3086 1373 3141 V
1438 3101 1472 3137 ο
1495 3101 1523 3138 a
