1888 3428
205 199 1107 270 Gofr'Tfflc'AE‘HlsTORIAE
1157 202 1440 259 L113.111.
1529 222 1638 279 343

32 280 167 340 Haec
198 303 266 340 eo
296 285 601 362 pertinent,
637 303 705 339 ne
739 300 838 359 pro
863 283 1041 338 Siculo
1062 301 1344 359 quoquam
1363 325 1376 345 ‚
1413 304 1518 340 neu
1543 305 1644 362 pro

31 359 228 424 Romae
248 363 521 422 moenibus
541 404 558 432 ,
587 381 679 420 aut
695 361 763 420 de
779 359 937 421 servis
954 364 1047 442 qui
1066 362 1130 420 ad
1151 383 1250 418 nos
1271 362 1642 442 perfugerant,

30 446 194 506 verba
209 444 384 504 facias.
419 448 587 504 *Plane
604 447 751 502 enim
783 443 1020 501 obtineri
1041 465 1154 501 non
1175 442 1351 522 potest
1370 484 1387 510 ,
1419 463 1479 501 ut
1498 485 1514 510 ,
1546 465 1640 503 aut

31 529 212 589 Siculo
229 529 438 598 homini
474 523 811 584 benefaciant
842 526 1044 584 Gotthi
1063 567 1080 593 ,
1114 544 1243 584 utve
1275 524 1415 582 stent
1444 527 1643 584 Romae

27 612 230 669 moenia
247 650 264 676 ,
285 628 410 669 utve
428 612 523 689 qui
547 610 791 667 militiam
810 609 1093 666 nobiscum
1113 605 1339 665 sumsere
1360 648 1377 673 ,
1411 610 1467 664 in
1485 606 1644 665 servi-

28 693 207 749 tutem
244 690 516 750 veteribus
548 691 786 750 dominis
822 690 1124 757 reddantur·
1173 696 1255 749 Ac
1276 712 1342 747 ne
1361 707 1564 747 temere
1583 711 1644 751 ae

28 771 387 854 praeferociter
427 772 537 830 haec
569 773 709 831 diffl
745 776 1062 840 credantur,
1094 771 1253 831 causae
1287 793 1389 829 nos
1421 774 1644 852 prolatae-

29 855 361 936 purgabunt.
405 856 549 912 Felix
583 857 717 913 olim
748 855 911 913 insula
935 874 1046 914 erat
1067 857 1238 913 Sicilia
1257 896 1271 919 ‚
1305 853 1502 931 opibus
1522 852 1642 911 fru-

31 958 275 1020 gumque
292 956 563 1016 proventu
578 937 855 997 abundans
879 982 896 1010 ,
917 960 1031 995 non
1055 957 1113 994 ut
1134 937 1228 994 fibi
1247 934 1505 994 sufficeret
1525 943 1641 993 tan-

28 1040 174 1089 tum,
192 1018 278 1078 sed
296 1039 354 1078 ut
371 1026 425 1078 δε
445 1026 741 1100 quotannis
759 1024 1141 1079 Romanorum
1161 1021 1397 1099 expleret
1414 1016 1645 1076 neceffi-‚ss

32 1111 198 1162 tatem
226 1100 302 1158 ob
323 1101 377 1160 id
407 1123 728 1184 rogaverant
747 1100 1190 1161 Theuderichum
1212 1142 1227 1167 ,
1262 1105 1471 1181 imperii
1488 1102 1642 1174 Got-

30 1183 159 1242 thici
178 1185 358 1251 initi0,
374 1186 615 1244 Romani
634 1228 652 1255 ,
674 1209 741 1244 ne
759 1190 959 1244 multos
979 1184 1054 1242 ibi
1072 1189 1127 1241 in
1147 1184 1392 1262 praefidiis
1410 1200 1641 1262 poneret

32 1265 288 1324 Gotthos
308 1308 325 1335 ‚
361 1287 427 1322 ne
462 1267 595 1346 quid
626 1268 750 1326 inde
783 1267 1160 1346 impedimenti
1195 1266 1427 1323 libertati
1446 1285 1643 1323 eorum

28 1345 331 1409 fortunisve
365 1348 640 1407 incideret.
680 1352 816 1408 Haec
847 1371 971 1406 cum
998 1370 1124 1406 eum
1154 1347 1202 1405 se
1222 1351 1279 1404 in
1298 1349 1524 1405 modum
1544 1346 1643 1403 ha=÷

28 1432 242 1493 herent,
264 1430 478 1489 advenit
497 1430 723 1489 insulam
742 1430 945 1489 hostilis
963 1433 1243 1494 exercituS,
1265 1451 1377 1486 non
1399 1432 1648 1487 virorum

28 1525 262 1573 numero
286 1554 302 1581 ,
322 1534 438 1570 non
453 1518 505 1573 vi
522 1500 623 1571 alia
641 1514 800 1571 nobis
818 1513 1229 1592 comparandus„
1279 1514 1438 1569 Siculi
1460 1553 1474 1574 ‚
1505 1533 1642 1568 con-

26 1593 205 1674 spe&a
221 1592 389 1663 claffe,
408 1616 523 1654 non
540 1596 605 1653 ad
621 1596 872 1653 Gotthos
888 1598 1145 1653 indicium
1166 1597 1647 1673 pertuleruntmou

29 1679 84 1736 se
112 1676 386 1735 moenibus
416 1683 767 1740 continuere,
809 1699 924 1733 non
960 1682 1249 1756 quicquam
1274 1679 1327 1732 in
1347 1674 1525 1732 hostes
1543 1674 1643 1731 ho„

27 1757 146 1817 stile
165 1760 341 1815 moliti
360 1755 482 1815 sunt
502 1799 518 1820 ,
547 1757 635 1816 sed
654 1761 796 1816 ultr-o
817 1759 1085 1836 adapertis,
1096 1760 1428 1839 oppidorum
1446 1759 1644 1837 portiS,

26 1839 229 1921 supinis
245 1840 495 1898 manibus
510 1882 527 1908 ,
543 1861 796 1920 excepere
816 1845 1090 1899 venientes
1108 1882 1131 1908 „
1147 1845 1406 1898 nim-irum
1431 1881 1445 1906 ,
1465 1858 1525 1896 ut
1543 1860 1643 1897 ιπε-

31 1943 198 2004 quam
217 1925 478 2002 mancipia
494 1922 688 1988 solent,
710 1941 925 2003 tempus
944 1923 1034 1980 diu
1054 1921 1303 2000 speculati
1327 1963 1342 1990 ,
1359 1944 1472 2002 quo
1489 1919 1641 2000 fugi-

32 2008 130 2063 tivi
169 2002 199 2062 ὲ
229 2005 498 2073 veteribus
517 2006 754 2064 dominis
773 2047 790 2073 ,
820 2026 996 2062 novos
1018 2005 1111 2063 fibi
1131 2003 1458 2087 ignotosque
1477 2003 1643 2080 adsci-

29 2083 248 2146 scerent.
290 2090 482 2167 Atque
511 2088 637 2146 inde
658 2090 805 2146 velut
824 2108 891 2144 ex
922 2109 1036 2146 arce
1055 2087 1208 2149 effusi
1224 2094 1278 2146 in
1310 2088 1515 2145 Italiam
1535 2085 1640 2142 ho-

29 2168 130 2227 stes
144 2170 292 2228 nullo
311 2191 428 2243 eam
446 2170 631 2227 labore
648 2172 998 2250 Romamque
1013 2169 1177 2250 ipsam
1195 2189 1454 2251 ceperunt
1475 2209 1489 2231 2
1518 2188 1641 2224 tan-

31 2269 86 2309 ta
101 2271 164 2309 ex
183 2253 355 2310 Sicilia
370 2251 630 2310 frumenti
651 2251 967 2310 adveffio'ne
988 2293 1005 2314 ,
1021 2271 1081 2310 ut
1097 2252 1189 2334 ipsi
1213 2275 1317 2311 una
1335 2274 1456 2309 cum
1479 2249 1641 2308 urba-

28 2354 227 2393 norum
250 2335 603 2397 multitudine
636 2352 759 2391 toto
785 2337 910 2391 anni
931 2334 1098 2413 spatio
1120 2334 1390 2394 obsidium
1410 2336 1638 2393 tolerare

31 2417 300 2474 valuerint.
349 2420 433 2475 Sic
462 2415 514 2475 se
545 2416 611 2475 de
632 2418 818 2474 Siculis
849 2437 930 2473 res
946 2416 1107 2475 habet
1129 2460 1145 2485 ‚
1174 2416 1372 2498 quibus
1391 2435 1451 2475 ut
1477 2420 1639 2495 igno-

30 2497 173 2556 scant
189 2497 428 2581 Gotthi,
460 2498 576 2558 fieri
596 2502 788 2578 nequit
806 2541 823 2568 ,
856 2500 1076 2578 quando
1097 2504 1385 2560 criminum
1404 2501 1638 2580 gravitas

30 2601 256 2639 omnem
286 2581 352 2638 ad
385 2579 799 2640 misericordiam
830 2580 1087 2660 praeclufit
1128 2583 1332 2641 aditum
1351 2623 1365 2638 .
1424 2581 1641 2644 Moenia

31 2659 125 2720 ista
142 2662 292 2742 quod
322 2667 513 2723 attinet
534 2705 551 2732 ,
585 2666 649 2721 iis
680 2661 859 2721 hostes
890 2663 1074 2723 inclusi
1104 2686 1387 2745 nunquam
1406 2667 1638 2742 inaequa

29 2741 345 2822 descendere
364 2786 379 2813 ,
401 2764 463 2804 ut
483 2748 660 2826 praelio
682 2744 962 2803 nobiscum
979 2766 1240 2804 certarent
1257 2789 1275 2814 ,
1294 2749 1531 2811 voluere,
1550 2743 1637 2801 sed

35 2845 160 2884 cum
176 2826 271 2885 diu
287 2827 537 2889 Gotthos
555 2827 668 2885 astu
684 2849 741 2884 ac
758 2825 1034 2887 fraudibus
1051 2826 1333 2897 elusissent,
1352 2850 1482 2885 mox
1501 2846 1638 2905 prae-

32 2923 115 2964 ter
145 2907 285 2987 spem
317 2908 500 2968 nostra
530 2910 781 2969 invasere.
822 2912 912 2968 Ne
927 2912 1073 2970 idem
1107 2917 1162 2969 in
1179 2910 1456 2991 posterum
1479 2911 1640 2988 patia-

34 3009 200 3059 mur,
223 2996 487 3052 cautionis
520 2991 711 3053 nostrae
740 2990 830 3051 est.
874 2995 1018 3053 Nam
1039 2992 1073 3050 fi
1093 3035 1110 3062 ‚
1140 3013 1278 3075 quos
1309 2992 1466 3052 semel
1487 3007 1635 3046 error

51 3083 54 3087 ⁸
729 3083 732 3084 ⁷
924 3078 1007 3154 KY
1049 3096 1089 3150 4
1441 3069 1647 3139 afflixit,
1698 3102 1715 3119 κ
