1931 3428
309 152 644 207 LIBER
722 142 1225 198 TERTIVS.
1495 134 1606 209 805

13 245 169 307 Dux,
186 237 241 294 in
258 226 383 292 l'oco
400 233 493 310 qui
513 228 747 286 Salurnis
765 223 960 281 dicitur
975 258 994 284 ,
1011 217 1111 275 suis
1132 238 1256 275 cum
1274 213 1427 272 sociis
1444 215 1619 271 inter-

15 323 165 392 fecit,
182 315 520 399 praedamque
539 329 783 374 omnem,
800 321 965 384 quam
985 318 1216 378 ceperat,
1234 294 1470 355 excussit.
1502 296 1620 355 Ex-

15 404 280 488 pulsisque
298 398 511 455 Francis
529 391 919 452 Tridentinum
940 384 1269 440 territorium
1288 382 1506 458 recepit.
1615 367 1621 372 ⁴

566 531 626 596 C
698 551 745 593 A
812 548 866 590 Ρ.
983 523 1075 589 Χ.

0 748 3 750 ,
19 691 95 741 De
106 695 264 738 morte
274 675 524 755 sigisberti
535 682 824 729 Francorum
839 664 1061 742 Regis3&
1075 663 1132 719 de
1146 658 1323 737 nuptia
1338 656 1457 718 Evin
1475 653 1627 713 dacin

30 823 164 947 H
195 820 284 877 Oc
303 835 550 896 tempore
588 806 914 890 Sigisbertus
932 805 1050 861 Rex
1066 803 1402 873 Francqrum
1421 790 1630 851 occisus

191 902 265 958 est
284 941 301 968 ,
320 897 513 977 ⁴fraude
541 881 1155 972 Hilpericigermanisui
1175 925 1190 947 ,
1224 875 1350 938 cum
1369 898 1483 957 quo
1510 874 1631 932 bel-

20 985 141 1042 lum
174 986 382 1040 inierat.
421 982 789 1057 Regnumque
819 975 934 1044 ejus
967 963 1354 1024 Childebertus
1387 956 1627 1035 ejusdem

22 1064 366 1132 filius,adhuc
386 1062 664 1141 pueruluS,
686 1077 810 1113 cum
827 1048 1121 1110 Brunhilde
1142 1064 1308 1104 matre
1328 1039 1634 1122 regendum

22 1146 261 1226 suscepit.
303 1145 458 1202 Euin
489 1160 712 1223 quoque
743 1141 876 1195 Dux
894 1132 1386 1191 Tridentinorum‚
1421 1124 1486 1181 de
1517 1141 1635 1201 quo

19 1226 397 1310 praemifimus,
414 1227 617 1305 accepit
635 1238 864 1280 uxorem
879 1215 1042 1275 filiam
1063 1207 1343 1272 Garibaldi
1360 1206 1641 1283 Bajoario-

23 1329 148 1373 xum
164 1312 328 1395 regis,
1267 1295 1271 1299 ’

138 1421 163 1448 0

569 1394 629 1510 C
684 1465 837 1509 ΛΡ.
955 1437 1096 1507 XL

481 1599 554 1646 De
580 1600 735 1644 morte
777 1581 945 1658 Iustini
975 1579 1188 1637 minoris.

39 1733 125 1858 P
147 1731 222 1786 Er
236 1729 348 1788 haec
365 1745 616 1804 tempora
634 1721 776 1801 apud
796 1710 1362 1790 Constantinopolim,
1399 1721 1461 1763 ut
1495 1700 1650 1780 supra

153 1808 478 1890 praemiffum
497 1805 571 1867 est
588 1849 604 1874 ‚
628 1804 858 1862 Iustinus
875 1803 1056 1861 minor
1084 1792 1342 1875 regnabat
1357 1833 1370 1854 ,
1393 1791 1475 1847 vir
1493 1785 1652 1842 omni

36 1897 265 1953 avaritiae
295 1893 543 1958 dedituS,
573 1891 924 1965 contemptor
959 1897 1256 1961 pauperum
1275 1914 1291 1941 ‚
1337 1870 1652 1928 senatorum

36 1974 306 2056 spoliator.
352 1976 463 2033 Cui
486 1989 633 2031 tanta
651 1967 755 2027 fuit
776 1966 1081 2044 cupiditatis
1101 1958 1270 2018 rabies
1287 1995 1305 2022 ‚
1330 1971 1392 2010 ut
1410 1970 1550 2008 arcas
1564 1953 1658 2023 ju·—

39 2059 191 2117 beret
208 2057 402 2115 ferreas
435 2055 553 2113 fieri
571 2095 590 2123 ,
625 2057 681 2109 in
701 2050 903 2131 quibus
933 2068 994 2103 ea
1016 2064 1132 2124 quae
1165 2035 1405 2119 rapiebat
1441 2034 1554 2089 auri
1576 2050 1659 2087 ta-

42 2143 190 2199 lenta
212 2156 548 2219 congereret.
591 2138 779 2203 Quem
809 2134 970 2189 etiam
989 2125 1175 2184 ferunt
1193 2126 1249 2179 in
1269 2114 1488 2177 haeresin
1505 2114 1664 2173 Pela-

43 2225 262 2302 gianam
287 2218 567 2300 dilapsumss
607 2219 718 2273 Hic
739 2235 862 2280 cum
902 2212 930 2269 a
965 2209 1159 2268 divinis
1189 2201 1457 2262 mandatis
1474 2215 1661 2255 aurem

31 2305 228 2385 'cordis
249 2309 514 2362 averteret
531 2341 549 2367 ,
582 2298 724 2373 justo
744 2297 827 2354 dei
842 2295 1048 2370 judicio
1068 2332 1085 2359 ‚
1114 2283 1300 2346 amisso
1332 2282 1555 2341 rationis
1574 2280 1665 2333 in·-

46 2388 269 2445 teuerstu
287 2425 307 2451 ‚
339 2404 522 2443 amens
544 2379 769 2439 effectus
802 2377 895 2434 est.
945 2377 1056 2433 Hic
1073 2371 1367 2451 Tiberium
1394 2361 1664 2422 Caesarem

51 2467 302 2535 adscivit,
333 2469 429 2548 qui
448 2472 562 2543 ejus
580 2466 835 2543 palatium
856 2461 942 2520 vel
969 2457 1199 2536 singulas
1231 2448 1536 2531 provincias
1556 2462 1665 2522 gu-

49 2550 321 2616 bernaret3
339 2549 621 2606 hominem
635 2544 841 2621 justum
859 2583 878 2619 ,
910 2541 1120 2606 uriiem,
1142 2535 1437 2593 strenuum,
1459 2525 1669 2605 sapien-

51 2650 168 2691 tem
188 2674 206 2702 ,
227 2629 705 2710 eleemosynarium
729 2667 746 2694 ,
764 2631 817 2682 in
830 2622 1045 2700 judiciis
1063 2638 1278 2698 aequum
1300 2655 1317 2681 ‚
1350 2616 1406 2670 in
1428 2608 1673 2668 victoriis

0 2744 11 2747 ”
57 2716 283 2781 clarum,
302 2719 356 2770 δε
376 2713 527 2792 quod
544 2712 626 2768 his
642 2707 903 2766 omnibus
922 2703 1312 2783 supereminet,
1335 2689 1670 2755 v-eriffimum

60 2794 452 2853 Christianum.
505 2796 614 2850 Hic
629 2810 753 2850 cum
773 2789 945 2847 multa
963 2788 1027 2844 de
1045 2781 1300 2855 thesauris
1316 2820 1332 2846 ‚
1350 2796 1492 2857 quos
1507 2768 1672 2828 Iusti-

60 2897 166 2966 nus:
176 2892 579 2957 aggregaverat,
598 2871 919 2953 pauperibus
933 2857 1408 2949 erogaret,Sophia
1424 2847 1672 2931 Augusta

60 2955 401 3044 freqtientius
419 2978 546 3017 eum
563 2952 890 3036 increpabat,
905 2953 1059 3030 quod
1075 2944 1492 3026 Rempubiicam
1513 2932 1675 2991 redc-

880 3035 926 3094 E
942 3055 969 3093 e
992 3054 1020 3091 e
1060 3054 1084 3111 3
1524 3010 1679 3096 giffet
