1888 3428
411 148 457 208 E
535 150 570 206 L
650 162 688 203 Ο
770 140 808 200 Ξ
892 159 914 197 1
994 143 1056 201 A]
1379 147 1494 203 '121

17 236 246 301 Balthici
276 229 456 295 filaris.
499 233 658 288 Sinus
689 225 849 303 hujus
878 227 1039 281 maris
1071 221 1138 281 ab
1167 221 1509 285 occidentali

20 325 252 383 Oceano
286 321 555 376 orientem
587 308 765 371 versus
807 308 1105 387 porrigitur
1135 335 1155 374 ‚-
1214 308 1509 388 appellatus

18 406 145 466 ideo
160 404 395 461 Balticus
416 442 434 467 ,
466 394 620 479 quod
636 397 692 452 in
722 389 954 450 modum
985 387 1194 447 Balthei
1220 392 1391 469 longo
1408 408 1509 448 tra³

22 490 116 547 &u
134 508 229 569 per
259 482 525 563 Scythicas
542 481 788 559 regiones
806 472 1061 531 tendatur
1078 468 1245 552 usque
1272 474 1328 528 in
1351 470 1511 529 Grae-

19 573 180 630 ciam.
205 568 461 646 idemque
478 582 620 622 mare
641 557 928 616 barbarum
947 553 1036 613 seu
1057 557 1282 635 Pelagus
1300 557 1362 611 Sc
1372 551 1512 636 ythi-

21 674 147 712 cum
183 667 404 713 vocatur
430 646 459 704 ὲ
489 640 744 726 gentibus
775 659 907 720 quas
939 639 1088 696 alluit
1104 636 1360 694 barbaris.
1400 636 1509 694 hoc

20 756 167 794 mare
191 734 374 791 multae
405 722 794 786 circumsedent
824 723 1072 779 nationes
1107 742 1121 775 ε
1161 722 1309 777 Dani
1340 717 1508 798 {iqui—

19 818 144 877 dem
178 837 237 873 ac
270 817 512 872 Sueones
539 851 558 878 ,
602 827 744 888 quos
777 802 1197 873 Northmannos
1227 821 1534 869 vocamuS„

19 898 445 978 septentrionale
464 895 617 950 littus
634 897 689 948 δε
707 909 904 946 omnes
923 890 979 943 in
998 907 1065 943 eo
1094 884 1351 942 obtinent
1369 876 1510 941 insu—

16 984 111 1046 las.
150 998 203 1037 at
220 981 373 1037 littus
403 972 650 1035 Australe
672 973 950 1029 Slavorum
976 970 1223 1026 incolunt
1243 971 1510 1033 nationeS‚

18 1085 255 1144 quorum
276 1060 346 1118 ab
377 1061 608 1118 Oriente
636 1057 798 1135 primi
825 1051 946 1111 sunt
975 1053 1117 1109 Ruzi
1136 1093 1154 1119 ‚
1186 1049 1377 1107 deinde
1406 1054 1511 1106 Po-

18 1148 135 1204 loni
147 1144 405 1204 habentes
422 1142 450 1200 ὲ
467 1140 834 1221 septentrione
851 1141 1055 1193 Pruzos
1071 1178 1086 1198 ,
1122 1132 1188 1190 ab
1209 1131 1388 1189 austro
1402 1134 1509 1188 Bo—

18 1231 193 1286 iemos
216 1233 270 1285 &
298 1247 394 1284 eos
414 1227 510 1313 qui
527 1223 781 1285 dicuntur
797 1217 1020 1276 Morabi
1037 1214 1141 1275 five
1159 1214 1407 1273 Carinthi
1424 1230 1508 1270 at-

19 1332 126 1391 que
145 1308 352 1369 Sorabi.

96 1476 318 1532 Dani&
336 1473 433 1552 qui
465 1488 608 1528 trans
639 1469 876 1526 Daniam
907 1464 1032 1524 sunt
1050 1463 1240 1542 populi
1254 1459 1320 1519 ab
1337 1457 1509 1519 histo-

19 1559 139 1620 ,ricis
155 1559 483 1617 Francorum
500 1551 872 1610 Northmanni
893 1562 1170 1608 vocantur.

93 1720 407 1781 Ludovicus
451 1716 492 1757 ³¹<
523 1711 905 1772 sanffiffimum
941 1711 1119 1767 vir'um
1153 1703 1470 1765 Anscarium
1488 1746 1505 1774 ‚

15 1825 184 1894 quem
202 1806 365 1861 etiam
400 1797 688 1880 aliquando
719 1795 783 1853 ad
799 1796 993 1851 Danos
1012 1799 1066 1851 ὃς
1088 1790 1296 1849 Suedos
1313 1791 1508 1868 praedi-
1529 1861 1533 1864 Δ

15 1904 254 1947 catorem
271 1884 564 1950 direxerat,
597 1872 1129 1956 Hammenburgenfi
1164 1871 1392 1930 ecclefiae
1421 1893 1508 1931 or-

15 1970 185 2038 dinari
217 1966 344 2028 fecit
373 1962 849 2045 archiepiscopum.
951 1974 953 1976 ·
1281 1964 1284 1966 ’

90 2132 520 2194 Procedentibus
553 2133 734 2209 itaque
767 2125 956 2186 senfim
995 2125 1187 2188 divinae
1216 2126 1505 2205 gratiaein-

15 2220 299 2277 crementis
332 2220 389 2272 in
426 2231 589 2295 gente
621 2215 912 2272 Danorum
932 2254 947 2275 ,
980 2211 1134 2287 caepit
1164 2225 1503 2264 memoratus

12 2298 262 2364 Pontifex
298 2298 330 2329 ᾖ
357 2317 560 2379 magno
581 2292 839 2352 defiderio
858 2291 1116 2372 affurgere
1134 2290 1198 2347 ad
1219 2294 1501 2348 Sueonum

13 2381 428 2442 conversionem
457 2402 470 2436 :
515 2377 623 2435 hoc
657 2379 757 2434 iter
788 2375 1016 2433 arduum
1051 2393 1145 2454 per
1160 2369 1388 2451 seipsum
1404 2393 1502 2451 ag-

11 2463 210 2549 greffus
241 2467 397 2545 petiit
426 2463 602 2519 literas
637 2465 691 2517 &
722 2457 980 2515 nuntium
1015 2459 1156 2536 regis
1186 2458 1500 2521 Danorum‚

12 2545 391 2628 profeEmsque
426 2566 553 2613 cum
589 2544 771 2600 multis
806 2543 977 2599 navali
1022 2542 1209 2597 itinere
1255 2539 1502 2617 pervenit

13 2629 80 2687 ad
111 2633 332 2709 Byrcam
362 2670 380 2704 ‚
415 2626 762 2706 principalem
793 2623 998 2681 Suediae
1032 2623 1305 2679 civitatem
1339 2661 1357 2688 ,
1406 2617 1506 2676 ubi

13 2713 188 2794 multo
207 2709 389 2790 favore
407 2712 659 2769 &laetitia
675 2725 928 2786 exceptus
946 2703 1021 2763 est
1042 2703 1285 2762 fidel-ium
1307 2743 1326 2769 ‚
1359 2722 1505 2782 quos

13 2791 122 2871 ipse
139 2793 414 2872 quondam
433 2810 555 2850 ante
574 2787 922 2870 pontificatus
952 2787 1222 2845 honorem
1253 2785 1347 2841 illo
1370 2804 1506 2864 prae-

14 2875 226 2940 dicator
243 2877 473 2935 direfius
505 2870 724 2932 Christo
756 2868 1068 2952 acquifierat
1086 2909 1105 2935 ‚
1149 2868 1507 2943 obtinuitque

12 2957 158 3051 apud
174 2979 355 3043 regem
375 2999 392 3027 ,
435 2976 494 3016 ut
515 2953 825 3016 volentibus
844 2953 1260 3011 Christianitatis
1277 2946 1507 3006 assume-

786 3036 823 3092 h
870 3054 893 3112 ς
1358 3047 1412 3084 re
1434 3028 1504 3082 ti-

1539 1725 1660 1776 *filius
1675 1733 1736 1767 ζέω

1536 1785 1611 1824 roli,
