1888 3428
201 184 317 254 462
526 172 1555 249 PRocoPItCAESAREt-:Nsrs

196 256 458 318 instantes
477 253 873 314 discedentibus
893 293 909 318 ‚
943 256 998 309 in
1017 255 1148 310 locis
1167 250 1502 332 confragofis
1516 256 1716 312 multos
1736 256 1822 311 in-
1875 245 1877 248 ¹

199 338 627 416 terfecere‚quos
646 342 784 394 inter
803 342 855 391 &
881 335 1205 392 Saberorum
1223 338 1468 415 princeps
1487 332 1707 415 cecidit:
1729 339 1826 393 cir-

201 444 265 480 ca
284 427 433 498 cujus
454 424 655 478 mortui
677 440 872 497 corpus
890 462 905 484 ‚
934 415 1247 495 ortapugna
1268 420 1391 484 acri,
1410 419 1628 474 tandem
1649 419 1826 476 noctis

200 507 362 564 initio
381 505 541 561 Persae
560 501 771 559 hostem
798 502 1084 579 pepulere,
1129 499 1322 557 deinde
1359 499 1424 558 ad
1461 500 1670 558 Cota'i'n
1689 499 1740 558 se
1771 505 1827 557 δε
1861 514 1885 578 ’ᾗ

202 585 557 645 Mucherisirn
594 601 930 662 receperunt.
970 587 1115 639 Inter
1145 583 1434 638 Romanos
1453 582 1704 641 &Persas
1734 581 1829 640 ista

201 668 522 749 agebantur.
564 672 643 723 At
666 687 755 744 per
773 663 1017 723 Africam
1037 685 1117 731 res
1133 667 1358 745 egregiae
1372 666 1671 722 Romanis:
1702 684 1829 721 nam

200 751 452 815 Iohanni,
474 772 636 830 quern
652 748 727 807 ibi
746 749 941 805 ducem
959 745 1280 804 Iustinianus
1298 745 1516 815 fecerat,
1536 750 1727 805 cuncta
1742 745 1830 804 su-

204 855 302 914 pra
339 855 501 912 quam
538 850 628 889 aut
663 831 767 887 dici
801 850 891 887 aut
926 829 1066 891 credi
1101 826 1267 907 poffet
1295 830 1698 908 procedebant,
1735 833 1831 908 qui

206 918 499 974 conciliato
535 913 631 970 fibi
666 914 991 969 Maurorum
1028 912 1264 992 principe
1303 912 1575 980 Cutzina,
1610 931 1832 970 caeteros
1882 927 1888 930 ’

209 1005 326 1076 ejus
359 1000 538 1078 gentis
575 998 754 1073 praelio
792 998 950 1052 vicit:
986 1015 1163 1073 neque
1201 996 1378 1051 multo
1418 993 1537 1072 post
1574 996 1852 1051 Antalam·
1885 1062 1888 1066 Α

205 1102 436 1160 quoque
457 1086 510 1137 &
531 1078 747 1134 Iabdam
766 1118 782 1144 ,
813 1078 1136 1133 Maurorum
1166 1079 1258 1154 qui
1289 1081 1344 1133 in
1379 1080 1608 1156 Byzacio
1627 1078 1834 1133 Numi-

208 1164 409 1240 diaque
427 1179 574 1218 erant
593 1161 823 1216 reffcores
844 1200 860 1225 ‚
882 1162 955 1215 ita
973 1158 1284 1235 perdomuit
1303 1198 1320 1223 ,
1355 1178 1414 1214 ut
1429 1158 1704 1216 servorum
1728 1164 1834 1216 ritu

206 1245 382 1324 ipsum
414 1244 781 1322 sequerentur.
826 1240 919 1297 Ab
940 1262 1005 1296 eo
1028 1258 1276 1318 ternpore
1297 1240 1429 1297 nihil
1465 1263 1558 1320 per
1592 1238 1834 1299 Africam

207 1330 266 1391 in
286 1328 575 1382 Romanos
600 1323 807 1381 hostile.
842 1321 930 1379 sed
948 1322 1197 1379 exhausta
1216 1326 1490 1400 praeteritis
1508 1324 1661 1380 bellis
1679 1345 1736 1380 ac
1757 1322 1837 1380 se-

209 1407 516 1467 ditionibus
536 1404 722 1464 Africa
739 1447 754 1472 ‚
791 1426 987 1485 magna
1003 1402 1078 1462 sui
1100 1425 1246 1484 parte
1266 1403 1466 1462 deserta
1495 1405 1836 1474 hominibUS,

211 1489 520 1586 squallebat.
563 1493 700 1559 Quae
722 1488 855 1546 dum
875 1488 951 1544 ibi
976 1486 1040 1544 fic
1057 1486 1105 1545 se
1126 1488 1348 1553 habent,
1366 1489 1598 1568 Europae
1618 1491 1837 1546 interim
1862 1518 1866 1523 ·

214 1595 273 1631 in
292 1572 530 1652 partibus
548 1571 657 1629 haec
679 1593 795 1651 quae
815 1571 989 1629 dicam
1008 1570 1324 1651 agebantur.
1370 1571 1617 1649 Gepida,
1636 1589 1693 1628 ut
1714 1591 1838 1628 nar-

212 1675 390 1713 ratum
413 1654 574 1711 nobis
589 1652 712 1710 alibi
732 1695 748 1721 ,
781 1653 1018 1710 inducias
1038 1675 1159 1709 curn
1188 1653 1561 1733 Langobardis
1593 1652 1839 1710 hostibus

203 1735 473 1797 fecerant.
516 1737 617 1793 Sed
639 1757 753 1792 non
773 1737 948 1791 multo
989 1734 1107 1812 post
1141 1733 1263 1791 cum
1285 1775 1302 1800 ,
1337 1756 1455 1814 quae
1493 1734 1841 1792 controversa

218 1818 626 1878 intercedebant
643 1862 655 1880 ,
695 1815 996 1896 nequissent
1014 1837 1344 1894 componere
1366 1860 1379 1881 ,
1410 1818 1657 1875 viderunt
1679 1818 1742 1874 ad
1762 1838 1840 1874 ar-
1867 1846 1869 1848 ·

217 1924 310 1965 ma
326 1902 423 1959 fibi
442 1900 798 1957 redeundumt
841 1899 1053 1977 Magno
1080 1902 1246 1978 igitur
1265 1904 1447 1956 animo
1486 1918 1839 1977 rotarumque

217 1989 470 2065 gentium
492 1982 693 2039 viribus
711 1979 937 2058 Gepidae
970 1987 1022 2037 &
1056 1981 1402 2058 Langobardi
1433 1985 1488 2037 in
1520 1981 1722 2038 bellum
1756 2003 1839 2038 ac-

221 2066 595 2146 cingebantur.
639 2066 820 2120 Duces
856 2063 1084 2142 Gepidis
1130 2062 1387 2120 Thorilin
1407 2105 1422 2129 ‚
1462 2063 1841 2143 Langobardis

218 2149 486 2207 Audovin
508 2150 731 2203 nomine
753 2186 766 2206 ,
799 2149 967 2202 multa
987 2165 1209 2222 uterque
1231 2148 1394 2202 millia
1429 2145 1549 2223 post
1585 2146 1633 2203 se
1663 2145 1840 2202 trahe-

219 2231 373 2289 bant.
415 2231 606 2304 Etjam
629 2249 738 2284 non
757 2230 921 2307 longe
955 2233 1094 2284 inter
1117 2225 1166 2284 se
1184 2227 1403 2285 aberant
1422 2270 1439 2296 ,
1475 2227 1541 2284 sic
1569 2247 1748 2284 tamen
1784 2246 1842 2286 ut

222 2313 473 2377 nondum
494 2315 725 2367 invicem
761 2309 808 2366 se
828 2308 1194 2389 conspicerent
1216 2353 1231 2377 ,
1269 2332 1393 2368 curn
1427 2310 1719 2390 limphatici
1749 2332 1842 2388 pa..

167 2431 170 2434 >
223 2417 383 2454 vores
403 2413 704 2473 correptam
727 2410 1009 2468 utramque
1029 2413 1249 2472 gentem
1265 2434 1281 2461 ,
1300 2395 1452 2450 nullis
1470 2392 1696 2450 timendi
1715 2414 1841 2449 cau-

225 2478 292 2536 fis
311 2520 327 2545 ‚
364 2483 420 2539 in
437 2474 623 2556 fugam
641 2477 809 2531 tulere
835 2516 851 2541 ‚
882 2472 1097 2531 effusam
1118 2475 1253 2531 adeo
1271 2517 1286 2542 ‚
1331 2494 1390 2531 ut
1408 2473 1504 2532 soli
1525 2476 1686 2532 duces
1708 2495 1839 2552 pau-

227 2565 302 2618 cis
320 2581 444 2617 cum
465 2558 759 2617 comitibus
781 2554 1035 2615 restarent
1054 2598 1069 2624 ‚
1106 2557 1444 2634 idqueomni
1477 2557 1648 2614 modo
1671 2578 1842 2636 agen-

227 2662 310 2700 tes
339 2661 559 2700 caeteros
579 2659 638 2703 ut
660 2659 1002 2705 revocarent,
1030 2645 1216 2717 'neque
1239 2632 1600 2698 miserabiliter
1620 2660 1842 2717 precan-

229 2726 327 2790 do,
355 2745 530 2802 neque
549 2720 882 2787 horrendum
903 2721 1160 2779 minando
1182 2724 1473 2800 quicquam
1497 2720 1839 2801 proficerent.

215 2806 491 2866 ⁷,Audovin
511 2825 619 2862 tam
638 2806 780 2882 turpi
795 2801 1013 2865 suorum
1032 2800 1161 2883 fuga
1177 2807 1463 2861 exterritus
1483 2847 1496 2870 ‚
1515 2825 1689 2884 neque
1708 2803 1843 2860 dum

228 2907 458 2948 noverat
476 2909 655 2969 parem
678 2886 981 2946 vecordiam
1000 2885 1242 2944 hostibus
1257 2884 1509 2953 incidiffe,
1529 2886 1699 2943 statim
1715 2885 1844 2943 suo*-

232 2994 354 3033 rum
372 2971 641 3054 quosdam
660 2972 824 3034 mittit
855 2970 919 3031 ad
952 2966 1163 3031 hostem
1195 2972 1401 3051 legatos
1435 2990 1559 3031 cum
1580 2968 1845 3027 mandatis

1657 3047 1846 3130 ‘post-uod
