1888 3428
7 223 16 228 ,
208 165 652 223 Go‘r‘rnrcffi
693 163 1098 227 HrsToRIAE
1142 165 1382 221 L1ss.11.
1515 169 1621 239 263

13 263 104 305 tus
126 248 383 319 non'levigs.
419 268 484 311 ne
499 246 575 305 ab,
602 248 848 303 Auximo
888 243 1092 301 Gotthi
1127 263 1276 323 terga
1305 244 1429 323 ipsis
1451 246 1629 302 intuta

10 328 280 394 facerent,
301 332 432 392 &in
448 330 738 391 Romanos
754 330 957 383 circum
991 327 1231 384 colentes
1249 332 1499 384 atrociter
1533 323 1627 382 sae-

12 415 207 469 virent.
252 409 487 468 Rursum
512 432 610 490 pro
628 407 844 466 obseffis
871 406 1011 483 justa
1041 429 1194 473 cura,
1219 430 1286 465 ne
1324 407 1520 465 defeffi
1540 428 1628 463 re-

13 494 116 551 bus
136 492 426 551 neceffariis
440 493 504 558 ad
522 512 762 558 extrema
780 491 1141 569 adigerentur.
1161 494 1405 569 Plerique
1423 489 1627 546 Iohan-

11 598 139 634 nem
157 575 328 656 perofi
348 581 404 632 in
423 577 476 635 id
494 573 795 634 sermonem
816 574 1139 653 dirigebant.
1174 572 1479 650 Inconsulta
1498 591 1627 627 eum

11 661 316 721 temeritate
336 665 389 715 δε
410 660 645 737 pecuniae
667 655 748 713 siti
766 654 931 718 semet
951 653 1173 714 induiss‘e
1208 659 1263 713 in
1285 654 1584 735 periculum
1606 693 1625 719 ‚

11 762 140 798 cum
160 762 257 803 nec
278 759 334 799 ut
355 743 490 805 ratio
525 736 730 796 ferebat
746 778 760 799 ,
802 759 898 794 nec
917 757 973 795 ut
996 736 1211 814 juss'erat
1225 735 1506 795 Belisarius
1544 756 1626 791 res

10 822 142 881 belli
159 821 328 901 paffus
351 821 475 879 effer
494 821 802 901 procedere.
843 821 900 876 N
905 819 1037 878 arses
1054 862 1070 887 ,
1090 824 1177 877 cui
1194 822 1401 877 cuntfftis
1422 835 1629 876 morta-

10 906 151 970 libus
171 905 433 962 Iohannes
452 907 622 961 carior
642 944 655 964 ,
676 906 980 983 praeti·mens
1003 925 1067 960 ne
1086 903 1286 961 ducum
1307 902 1484 960 verbis
1503 921 1629 958 mo-

10 1006 99 1045 tus
129 986 406 1049 Belisar-ius
440 989 676 1044 Arimini
712 1008 894 1042 curam
935 985 1095 1068 retbus
1121 987 1234 1043 aliis
1268 984 1625 1063 posteriorem

10 1069 230 1127 duceret
247 1109 262 1134 ,
281 1073 353 1125 ita
374 1067 522 1126 orsus
541 1069 630 1128 est.
682 1066 1016 1127 Consultatis
1037 1067 1201 1125 duces
1237 1090 1352 1125 non
1368 1068 1432 1124 de
1462 1065 1626 1124 rebus

9 1168 129 1231 quae
170 1150 452 1210 consultari
488 1149 660 1210 solent
679 1192 696 1218 ‚
732 1170 962 1230 quaeque
1005 1150 1288 1208 dubitandi
1322 1147 1487 1220 justas
1503 1151 1557 1205 in
1576 1144 1625 1203 se

9 1232 186 1291 causas
202 1233 403 1291 habent
425 1256 438 1289 ε
458 1234 562 1291 Sed
598 1232 749 1312 super
768 1233 971 1312 quibus
995 1277 1008 1296 ‚
1045 1236 1292 1310 quamvis
1313 1232 1439 1289 belli
1479 1229 1628 1287 rudi-

11 1315 115 1373 bus
134 1357 151 1384 ,
166 1313 333 1373 facilis
349 1315 410 1374 fit
429 1318 716 1373 meliorum
737 1316 956 1372 ele&i0.
971 1317 1115 1372 Nam
1136 1313 1171 1371 fi
1196 1335 1286 1393 par
1305 1317 1627 1393 periculum,

10 1404 67 1456 δε
89 1399 227 1456 male
246 1398 470 1457 cedente
495 1400 724 1477 negotio
763 1398 818 1453 in
838 1418 996 1475 aequo
1028 1396 1290 1454 damnum
1313 1437 1327 1458 ,
1363 1397 1527 1475 digna
1546 1415 1627 1450 res

10 1502 129 1560 quae
144 1484 201 1538 in
222 1479 508 1543 consilium
524 1484 788 1546 mittatur,
805 1501 864 1535 ut
884 1479 1185 1536 rationibus
1204 1483 1469 1558 exputatis
1490 1498 1627 1534 con-

8 1562 257 1621 stituatur
274 1563 428 1643 quod
450 1582 697 1640 tempora
717 1566 956 1641 exigunt.
991 1566 1069 1618 At
1089 1560 1249 1618 nobis
1272 1601 1288 1628 ‚
1309 1560 1344 1616 si
1365 1556 1628 1640 proficisci

9 1648 318 1704 Auximum
341 1648 395 1701 in
416 1645 555 1703 aliud
576 1663 791 1721 tempus
831 1645 1100 1717 rejicimus
1119 1687 1132 1707 ,
1170 1642 1445 1699 nibilinde
1483 1660 1627 1697 noxa

6 1732 65 1786 in
83 1748 259 1785 rerum
281 1726 543 1784 summam
565 1726 771 1786 accidit.
815 1729 929 1787 imo
949 1728 1004 1780 in
1027 1722 1249 1802 praesens
1274 1725 1347 1791 id,
1370 1746 1436 1782 an
1461 1720 1626 1780 serius

10 1807 105 1867 fiat
120 1850 136 1877 ,
156 1809 289 1889 quid
308 1807 524 1873 interest
547 1812 670 1866 ?⁴At
689 1811 1007 1864 Ariminum
1028 1805 1065 1863 si
1082 1811 1221 1885 perit
1242 1851 1257 1870 ,
1279 1807 1387 1864 =nisi
1424 1807 1625 1863 durum

8 1892 197 1953 auditu
216 1890 318 1956 estJ
339 1907 655 1949 evertuntur
678 1893 942 1948 Romanae
980 1893 1133 1947 vires.
1182 1893 1234 1946 Si
1254 1891 1361 1947 tuis
1379 1930 1395 1956 ,
1433 1886 1626 1946 Belisa-

9 1977 84 2042 ri,
102 1976 340 2054 imperiis
370 1976 551 2030 minus
568 1971 877 2051 obsequens
908 1970 1177 2029 Iohannes
1190 1970 1323 2036 fuit,
1343 2030 1346 2033 ,
1371 1992 1624 2052 magnam

0 2078 74 2115 -ex
102 2077 172 2114 eo
193 2059 458 2120 ultionem
475 2055 638 2113 habes
658 2098 674 2123 ,
691 2055 843 2134 quod
862 2058 915 2111 in
931 2073 982 2111 te
1002 2054 1075 2111 est
1094 2073 1187 2111 aut
1203 2053 1404 2112 servare
1420 2052 1625 2132 lapsum

8 2156 101 2197 aut
118 2138 367 2196 hostibus
385 2138 674 2213 objeehtre.
716 2138 850 2202 vHoc
878 2137 997 2194 vide
1016 2178 1031 2203 ,
1052 2158 1120 2194 ne
1139 2158 1327 2215 poenas
1362 2138 1427 2196 de
1451 2143 1626 2214 Impe-

2 2238 186 2281 —ratore
206 2220 381 2301 deque
398 2219 559 2278 nobis
581 2218 843 2277 omnibus
874 2217 1048 2276 sumas
1067 2241 1258 2278 eorum
1298 2242 1414 2299 quae
1434 2219 1628 2276 Iohan-

0 2325 103 2367 nes
117 2324 297 2362 errore
313 2307 575 2382 peccavit.
615 2304 762 2359 Nam
802 2300 839 2358 fi
883 2323 1029 2359 nunc
1057 2306 1372 2359 Ariminum
1406 2305 1626 2381 capiunt

0 2385 214 2444 -Gotthi
230 2428 246 2453 ‚
265 2385 462 2443 ducem
494 2406 659 2442 manu
679 2405 854 2447 acrem
874 2425 891 2452 ,
928 2402 1223 2464 totumque
1251 2390 1544 2443 exercitum
1568 2390 1625 2441 δε

2 2466 173 2528 fidam
191 2470 458 2526 Romanis
488 2468 685 2524 urbem
726 2465 825 2525 suae
861 2464 1066 2524 faciunt
1101 2466 1409 2546 potestatis:
1450 2488 1629 2545 neque

6 2550 106 2609 hac
124 2548 280 2608 stabit
298 2553 530 2608 malum:
551 2549 638 2607 sed
660 2549 1014 2606 metuendum
1032 2590 1048 2617 ,
1072 2571 1139 2606 ne
1159 2569 1332 2607 totam
1352 2572 1415 2606 ex
1435 2548 1484 2606 se
1506 2549 1630 2606 belli

11 2632 183 2691 trahat
217 2630 518 2691 fortunam.
551 2635 695 2691 Nam
715 2632 781 2689 de
811 2630 1057 2689 hostibus
1084 2630 1151 2689 fic
1183 2631 1496 2689 habendum
1532 2631 1626 2688 est.

8 2716 249 2773 militum
296 2736 530 2773 numero
567 2718 801 2772 multum
831 2715 990 2771 etiam
1016 2735 1172 2771 nunc
1206 2718 1527 2794 praecellunt.
1576 2715 1627 2770 Si

11 2800 195 2855 multis
215 2796 441 2856 adverfis
456 2802 512 2856 in
532 2795 884 2855 formidinem
910 2793 1040 2854 versi
1064 2795 1187 2854 sunt
1205 2839 1221 2865 ‚
1243 2796 1374 2855 nihil
1392 2798 1448 2853 in
1467 2817 1533 2853 eo
1554 2793 1630 2852 est

13 2881 171 2938 novi.
189 2881 427 2938 Fortuna
441 2901 681 2960 quorum
700 2900 780 2936 res
799 2881 959 2936 etiam
980 2881 1192 2937 animos
1206 2874 1632 2958 deprimit.quod

17 2958 57 3021 fi
91 2961 224 3042 quid
260 2961 499 3044 prosperi
529 2965 803 3033 evenerit,
824 2960 977 3102 {evi
1008 2960 1279 3025 resument
1316 2959 1559 3042 spirituS,
1579 2964 1636 3015 &

938 3063 977 3120 4
1531 3059 1644 3102 vir-
