1888 3428
142 148 299 202 '22
648 148 1486 208 PROLEGOMENA.

226 229 459 302 aliasque
474 240 662 301 gentes
680 246 793 282 non
816 224 992 304 potest
1011 247 1123 282 non
1144 223 1274 309 saepe
1294 223 1550 282 exsistere.
1579 224 1736 281 Alius
1767 225 1834 283 ab
1873 266 1878 271 -

224 307 330 364 hoc
359 305 434 363 est
464 303 563 366 W
565 307 740 373 odam
771 306 798 364 a
819 310 1008 366 VVoden
1039 308 1190 387 qnod
1224 307 1297 364 est
1316 305 1578 374 ferocire,
1607 306 1838 366 creditus

151 395 156 406 ‘
229 390 529 446 Germanis
541 389 808 447 veteribus
824 389 1092 469 praefidere
1112 395 1222 468 paci
1243 411 1299 446 ac
1317 388 1465 447 bellis
1483 391 1656 455 DeUS‚
1673 411 1840 468 quem

225 470 300 529 ob
330 471 596 550 duplicem
631 472 984 549 potestatem,
1013 476 1329 529 Latinorum
1364 472 1447 527 alii
1483 471 1843 539 Mercurium,

225 553 309 610 alii
331 552 570 611 Martem
595 553 768 612 dicere
785 557 1098 611 maluerunt.
1142 552 1290 612 Idem
1310 551 1383 610 est
1402 556 1496 632 qui
1516 552 1702 610 omiffa
1718 551 1844 612 lite-

160 665 187 686 κ,
227 655 284 693 ra
302 634 519 692 duriore
539 635 782 693 Othinus
802 636 911 692 aliis
932 635 1188 693 scribitur
1211 638 1345 692 Haec
1365 654 1547 693 autem
1568 636 1633 694 ad
1650 637 1841 694 Deum

225 713 420 774 referre
450 718 638 784 mundi
666 716 951 797 opificem
939 740 981 775 is
998 717 1139 777 solus
1160 717 1366 812 potest,
1401 722 1496 796 qui
1520 724 1573 774 δε
1592 715 1845 797 antiquis-

229 797 359 856 fima
381 802 629 880 gentium
648 799 1122 894 superstitiosarum
1144 802 1399 866 numina,
1429 802 1610 857 Solem
1629 804 1843 858 Lunam

229 886 284 937 &
304 886 559 950 tertium,
587 881 716 940 five
704 904 924 962 ignem
945 882 1048 940 sive
1065 901 1290 948 terram,
1315 882 1540 940 mirabili
1559 904 1844 939 commen-

227 980 288 1019 to
311 964 373 1021 ad
406 962 668 1022 summam
704 968 995 1023 trinitatem
1029 967 1242 1032 retulit,
1258 962 1420 1044 quasi
1455 970 1569 1040 ejus
1605 964 1846 1042 Mysterii

229 1050 512 1126 cognitiO,
548 1068 710 1126 quam
744 1048 1040 1128 Evangelio
1076 1047 1371 1114 debemuS,
1405 1052 1516 1122 jam
1538 1044 1845 1104 atotsaecu-

226 1128 291 1183 lis
308 1167 326 1194 ,
368 1135 422 1185 &
440 1131 660 1208 quidem
694 1131 832 1208 apud
851 1153 1040 1187 omnes
1060 1132 1294 1209 populos
1312 1127 1505 1186 fuiffet.
1548 1136 1672 1185 nam
1693 1127 1848 1208 quod

229 1209 595 1271 Aschenazem
617 1210 741 1269 facit
755 1216 855 1268 Te
849 1211 993 1269 itisci
1013 1213 1115 1269 {ive
1138 1213 1451 1270 Germanici
1472 1215 1679 1267 ceneris
1695 1214 1850 1288 prin—

230 1294 439 1369 cipem,
474 1314 620 1349 error
641 1293 859 1371 quidem
876 1294 985 1360 est,
1024 1294 1110 1350 sed
1129 1295 1311 1351 Iudaeis
1337 1257 1719 1368 immitandus,
1752 1294 1850 1371 qui

176 1392 202 1430 ί]
229 1376 286 1428 in
310 1372 564 1430 Chaldaeo
600 1374 933 1453 Paraphraste
954 1397 1049 1452 pro
1071 1377 1361 1430 Carmania
1382 1375 1736 1430 Germaniam
1767 1395 1850 1430 ac-

234 1475 438 1532 cepere.
484 1457 654 1512 Facile
675 1474 854 1513 autem
880 1456 1140 1514 videbunt
1174 1459 1268 1535 qui
1304 1455 1507 1529 jndicio
1529 1459 1609 1512 uti
1639 1457 1849 1525 volent,
1883 1530 1886 1531 ⁷

231 1535 452 1594 Mosem
469 1541 523 1603 in
544 1536 1031 1616 antiquiffimorum
1054 1541 1386 1615 ‘populorum
1406 1536 1712 1595 recensione
1732 1560 1850 1595 non

230 1621 397 1696 longe
418 1619 712 1675 admodum
737 1619 802 1675 ab
822 1624 1084 1676 Armenia
1105 1623 1357 1698 Syriaque
1377 1618 1550 1675 abiisse
1568 1620 1765 1697 quibus
1783 1642 1849 1677 ex

230 1701 365 1764 locis
382 1704 614 1779 primum
634 1720 988 1795 propagatum
1017 1703 1090 1757 est
1119 1723 1289 1781 genus
1324 1699 1625 1758 humanum
1665 1705 1720 1759 in
1754 1723 1849 1758 eos

233 1803 376 1860 quos
395 1781 502 1861 ipse
522 1787 823 1839 nominavit
842 1783 1118 1850 traduce53
1154 1785 1295 1841 unde
1332 1805 1495 1860 porro
1522 1784 1850 1861 procedente

234 1880 484 1942 tempore
504 1867 828 1922 nonnulliin
850 1868 1129 1931 ulteriora,
1165 1886 1392 1943 urgente
1426 1863 1596 1928 fame,
1635 1865 1851 1922 seditio-

233 1945 399 2003 nibus
417 1987 432 2011 ,
465 1946 613 2004 bellis
636 1946 862 2025 protrusi
881 1946 1033 2004 sunt:
1060 1947 1189 2004 ficut
1206 1971 1267 2004 ex
1290 1946 1499 2024 Scythia
1519 1967 1611 2023 per
1634 1952 1848 2004 Sarma-

235 2032 366 2086 tiam
387 2032 441 2084 in
460 2031 734 2085 Scanziam
775 2049 998 2093 ventum
1018 2029 1249 2086 diximus
1268 2070 1281 2090 ,
1313 2029 1339 2085 ἐ
1362 2051 1462 2107 qua
1502 2032 1718 2086 Scanzia
1750 2031 1847 2093 de-

235 2112 360 2168 inde
394 2111 654 2168 Germani
674 2115 1045 2185 caeteri-ortum
1079 2111 1327 2170 habnere,
1372 2133 1496 2167 nam
1536 2111 1850 2170 Germanos

237 2202 430 2252 omnes
448 2192 679 2268 ejusdem
706 2192 772 2249 ab
801 2198 1025 2272 antiquo
1044 2192 1144 2251 effe
1182 2198 1405 2274 originis
1437 2194 1621 2252 eadem
1640 2198 1780 2250 inter
1795 2195 1847 2251 se

240 2282 296 2332 &
318 2296 441 2331 cum
461 2278 689 2332 Scanziae
711 2279 921 2353 populis
953 2280 1132 2356 lingua
1150 2318 1162 2337 ,
1203 2280 1550 2352 quantumvis
1579 2280 1847 2355 tempori-

237 2357 343 2413 bus
362 2379 419 2412 ac
435 2360 566 2414 locis
588 2357 835 2414 nonnihil
860 2362 1052 2415 variata
1074 2401 1088 2426 ,
1122 2357 1466 2417 demonstrat.
1510 2361 1668 2415 Hanc
1689 2376 1846 2417 vetu-

237 2437 507 2496 stiffimam
526 2441 721 2517 linguae
741 2444 1188 2498 communionem
1210 2445 1348 2502 inter
1368 2444 1592 2499 Scanziae
1617 2459 1845 2497 caeterae-

240 2543 347 2601 que
367 2517 673 2584 Germaniae
693 2522 928 2599 populos
961 2521 1255 2582 observavit
1281 2523 1618 2600 jampridem
1657 2523 1850 2580 Rode-

240 2611 380 2660 ricus
397 2606 699 2661 Toletanu's
720 2645 735 2669 ‚
771 2604 1117 2685 praebentque
1144 2608 1188 2662 ei
1223 2606 1595 2662 testimonium
1635 2607 1850 2683 propria

242 2707 301 2744 ac
322 2691 634 2743 communia
654 2690 919 2749 nomina,
958 2708 1074 2766 quae
1109 2692 1161 2744 in
1182 2686 1387 2765 legibus
1405 2688 1741 2766 historiisque
1762 2708 1851 2750 re-

241 2790 363 2825 rum
384 2768 767 2825 Gotthicarum
787 2775 840 2824 &
859 2728 1313 2827 Wsandalicarum
1346 2774 1396 2826 δε
1416 2768 1851 2849 Langobardica-
1879 2817 1888 2830 ι

241 2874 362 2910 rum
382 2854 746 2930 reperiuntur,
781 2869 840 2907 ιιι
869 2848 1020 2908 facile
1039 2855 1086 2914 ei
1104 2850 1375 2931 apparebit
1402 2856 1494 2930 qui
1531 2817 1732 2908 indices
1749 2872 1848 2916 eo-

172 2945 203 2983 Ᾰ
239 2957 379 3004 rum,
401 2955 539 3016 quos
559 2954 662 2990 nos
684 2929 928 3004 fecimus,
946 2936 1153 3014 legerit.
1193 2934 1294 2994 Sed
1313 2954 1434 2992 cum
1450 2933 1599 2993 satis
1583 2956 1690 3012 jam
1714 2932 1846 2990 mihi

1650 3052 1652 3055 >
1706 3012 1849 3095 apud
