1888 3428
215 152 643 214 Gorrfllcffi
683 156 1055 215 H1-sf‘i‘201z1AE
1095 151 1373 215 [Iis-III.
1527 164 1638 238 349

0 246 10 256 ’“
43 241 126 296 'vit
160 240 206 295 ei
224 236 490 295 Iohannes
507 259 621 306 non
643 241 811 296 irritas
831 259 1010 317 preces
1029 236 1147 295 fore
1165 279 1181 305 ‚
1217 240 1386 297 modo
1409 242 1646 318 primum

44 323 164 378 loca
185 360 204 386 ‚
238 320 441 401 quibus
471 321 706 380 hostium
740 324 865 397 equi
904 318 1275 400 pascerentur,
1312 321 1649 382 monstraret.

44 398 338 461 Barbarum
360 410 412 461 &
435 404 539 462 hoc
559 405 942 483 pollicitantem
961 401 1214 481 sequitur.
1261 408 1344 458 Ac
1365 402 1538 459 statim
1560 427 1648 462 ca-

46 488 150 565 ptis
179 485 412 544 hostium
449 490 627 566 equiS,
666 483 974 542 infiliuntin
1006 506 1100 541 eos
1121 505 1291 563 equos
1309 488 1402 562 qui
1423 485 1649 563 pedibus

22 588 305 629 ,venerant
338 572 493 626 multi
525 587 683 647 atque
717 570 939 646 egregii,
997 567 1127 624 Inde
1163 565 1314 623 cursu
1349 569 1560 624 irruunt
1593 572 1650 624 in

46 649 392 708 Gottherum
426 649 618 716 castra,
659 652 752 728 qui
771 652 1074 705 inermes&
1106 652 1387 727 imparati,
1430 649 1651 728 perculsi

42 752 290 812 praeterea
310 732 669 810 tam'inopino
690 728 841 795 casu,
877 732 1115 810 plerique
1135 731 1266 789 nihil
1287 750 1649 809 repugnantes

42 816 312 872 cecidere:
356 835 555 893 paucos
583 811 714 891 fuga
744 813 807 870 ad
827 814 1073 870 Totilam
1095 813 1336 893 pertulit.
1381 813 1650 871 Calabros

38 895 304 953 Iohannes
324 896 498 959 verbis
519 892 775 974 factisque
800 895 1112 953 demulcens
1129 896 1193 953 ad
1206 894 1528 974 obsequium
1546 902 1650 953 Im-

42 979 297 1058 peratoris
317 978 565 1036 illiciebat
584 1019 599 1045 ‚
621 979 789 1035 multa
807 977 872 1033 ab
891 982 1220 1056 Imperatore
1238 1018 1253 1039 ‚
1281 980 1447 1036 multa
1466 979 1531 1035 ab
1553 1001 1649 1035 ex·-

43 1063 208 1119 ercitu
231 1060 350 1140 ipfis
371 1061 515 1117 bona
534 1059 826 1117 ostentans.
867 1058 1281 1139 Brundufioque
1301 1061 1465 1128 illico,
1487 1079 1544 1117 ut
1564 1059 1649 1118 fe-

39 1142 268 1201 stinabat
289 1187 303 1207 ,
343 1141 618 1222 digrefl'tis,
636 1143 901 1221 oppidum
921 1146 1062 1221 capit
1080 1141 1376 1199 Canusium
1399 1147 1651 1211 nomine,

0 1265 4 1268 -
39 1225 217 1283 media
233 1227 285 1281 in
303 1216 502 1303 Apulia
520 1223 679 1281 fitum
699 1265 715 1290 ‚
751 1228 991 1303 quinque
1012 1222 1181 1281 ferme
1200 1221 1409 1282 dierum
1429 1225 1648 1283 aBrun-

18 1306 192 1382 ‚dulfio
210 1309 402 1364 itinere
425 1304 669 1363 occasum
689 1307 1040 1383 Romamque
1060 1306 1271 1362 versus..
1299 1306 1392 1362 Ab
1412 1305 1516 1363 hoc
1534 1310 1646 1365 Ca-

38 1387 195 1447 nufio
216 1387 376 1446 stadia
408 1391 599 1468 viginti
620 1384 864 1468 quinque
894 1389 1098 1446 Cannae
1125 1386 1314 1445 absunt
1333 1388 1500 1467 strage
1524 1391 1646 1448 Ro-

41 1493 231 1539 mana,
267 1470 535 1528 Annibale
556 1475 744 1527 Paenos
774 1471 905 1526 olim
929 1470 1184 1527 ductante
1205 1510 1222 1533 ‚
1258 1470 1490 1528 nobiles.
1537 1474 1647 1528 Hic

36 1552 293 1610 Iohannis
325 1556 378 1609 in
402 1551 748 1629 conspectum
769 1552 1057 1608 Tullianus
1079 1556 1225 1608 venit
1243 1594 1260 1620 ‚
1297 1556 1554 1611 Venantii
1577 1552 1648 1610 fi-

35 1637 140 1691 lius
159 1676 175 1696 ,
208 1638 289 1690 vir
311 1637 625 1700 RomanuS,
662 1655 868 1712 magnae
889 1654 987 1709 per,
1007 1637 1255 1690 Brutium
1289 1632 1646 1715 Lucanosque

38 1719 329 1794 opulentiae
347 1757 363 1783 ,
400 1718 567 1772 multa
585 1709 827 1772 incusans
846 1716 1134 1772 Romanos
1155 1719 1348 1773 milites
1364 1758 1380 1783 ,
1399 1715 1531 1774 saeve
1552 1738 1647 1774 an-

36 1797 187 1854 tehac
202 1800 255 1854 in
273 1798 434 1854 Italos
455 1815 814 1873 patratorum:
853 1795 1006 1852 fimul
1027 1798 1283 1875 pollicens
1302 1840 1320 1865 ‚
1340 1797 1391 1854 'fi
1411 1800 1645 1875 clemen·
1696 1849 1702 1852 ,

38 1883 146 1936 tius
163 1899 380 1960 agerent
399 1878 732 1958 inposterum
753 1919 768 1945 ,
807 1878 855 1935 se
875 1885 927 1936 &
945 1882 1165 1936 Brutios
1181 1887 1233 1938 δι
1255 1884 1506 1938 Lucanos
1524 1881 1644 1960 ipsis

37 1961 354 2018 traditurum
378 2003 393 2028 ,
436 1981 495 2018 ut
526 1964 872 2041 Imperatori,
923 1961 1054 2018 ficut
1080 1981 1201 2019 ante
1230 1961 1635 2031 consueverant,

37 2041 133 2100 sub
161 2044 434 2101 tributaria
467 2047 584 2125 lege
622 2062 899 2121 parerent:
945 2065 1121 2122 neque
1157 2047 1301 2101 enim
1323 2043 1512 2125 sponte
1553 2069 1645 2104 ac-

38 2122 228 2182 ceffisse
247 2147 338 2183 eos
359 2126 590 2183 barbaris
611 2133 663 2183 δε
683 2129 896 2183 Arianis
917 2166 930 2186 ‚
960 2125 1043 2183 sed
1065 2128 1282 2183 coaetos
1306 2167 1320 2187 ,
1367 2133 1557 2204 partim
1590 2135 1644 2189 vi

3 2204 304 2275 ,hostium,
340 2212 532 2286 partim
551 2207 820 2265 sociorum
846 2211 1065 2281 injuriis
1111 2208 1338 2265 Iohanni
1357 2209 1643 2290 spondenti

34 2291 228 2346 cuncta
245 2290 461 2368 posthac
495 2293 636 2347 Italis
653 2312 770 2370 quae
790 2308 1039 2369 optarent
1058 2310 1315 2348 eventura
1333 2332 1349 2357 ‚
1383 2296 1643 2357 comitem

23 2367 85 2428 -se
105 2372 247 2430 addit
266 2376 516 2431 Iulianus.
558 2374 639 2429 Ex
672 2395 737 2429 eo
757 2371 972 2429 sublatis
1006 2374 1200 2430 milites
1219 2376 1357 2430 inter
1375 2374 1641 2454 Italosque

35 2451 279 2521 offmffi,
315 2473 433 2534 quae
466 2457 520 2511 in
553 2454 731 2512 Adriae
765 2475 859 2511 ora
888 2455 1456 2527 jacentomniaamica
1488 2461 1645 2516 militi

32 2531 459 2616 Imperatorique
479 2535 542 2594 ad
561 2535 883 2614 obsequium
906 2558 1117 2615 promta
1134 2515 1307 2594 fuer&
1351 2543 1501 2618 queis
1515 2542 1642 2596 To-

33 2618 152 2677 tilas
183 2622 472 2698 compertis
510 2660 526 2683 ,
579 2619 806 2676 dilectos
841 2613 1186 2677 Gotthorum
1218 2639 1491 2678 trecentos
1528 2623 1644 2679 Ca*

33 2719 195 2777 puam
215 2704 404 2759 mittit.
450 2703 555 2758 His
576 2696 809 2779 praecipit
829 2743 846 2768 ‚
883 2700 1035 2760 fimul
1055 2724 1117 2759 ex
1137 2705 1234 2761 illis
1258 2703 1498 2782 partibus
1518 2727 1643 2762 mo-

34 2799 151 2840 vere
169 2785 408 2841 Romam
428 2783 681 2840 Iohannis
703 2786 993 2840 exercitum
1015 2787 1375 2864 intelligerent
1394 2828 1410 2855 ,
1434 2785 1640 2845 sensum

36 2859 114 2919 sui
133 2865 342 2923 nullum
364 2865 661 2945 praebentes
684 2886 809 2921 eum
828 2863 1204 2945 sequerentur-2
1235 2866 1335 2924 fibi
1350 2888 1532 2928 caetera
1550 2891 1640 2925 cu«

33 2961 102 3003 rae
120 2942 255 3031 foret
298 2952 375 3008 At
392 2947 680 3020 IohanneS,
700 2965 950 3007 metuens
966 2970 1033 3007 ne
1052 2948 1117 3008 ab
1138 2949 1287 3008 hoste
1306 2947 1641 3008 circumfun-

1488 3030 1639 3089 deren
