1888 3428
199 169 640 230 GOTTmcAE
679 165 1080 225 HISTORIAE
1118 166 1357 225 Lmu.
1504 184 1636 247 255.

14 255 84 314 τῖε
103 296 120 325 ,
155 253 442 334 postquam
457 251 668 310 Tuderi
686 246 984 326 Clusioque
1002 246 1068 304 de
1086 247 1325 327 praefidio
1344 246 1628 329 prospexe-

14 356 97 396 rat
118 378 133 400 ‚
152 340 326 416 pergit
344 354 469 392 cum
494 335 750 392 exercitu·
792 335 999 388 Interea
1015 333 1219 411 Vitigis
1238 333 1400 388 alium
1420 335 1626 390 exerci-

15 438 136 479 tum
156 422 384 478 Vacimo
406 416 633 473 dustore
650 417 724 471 ire
742 416 1138 477 Auximum‚&
1166 416 1256 492 qui
1272 417 1382 487 jam
1404 432 1525 471 ante
1549 414 1624 472 ibi
1711 466 1717 468 γ

16 519 167 560 erant
183 499 412 557 Gotthis
424 539 442 566 ‚
469 496 653 556 sociari
667 495 825 572 jubet
844 536 860 563 ‚
878 497 1044 573 inque
1064 493 1244 551 hostes
1264 497 1358 574 qui
1376 498 1624 553 Anconae

16 599 168 641 erant
202 602 422 662 pergere
438 620 456 646 ‚
504 579 866 658 potiundique
883 583 997 652 ejus
1024 577 1132 634 loci
1166 580 1627 636 omnesrationes

14 667 257 745 experiri.
301 665 528 721 Nomen
547 666 789 720 Anconae
821 660 848 717 ὲ
873 680 1006 738 rupe
1026 701 1043 727 ,
1078 662 1150 715 ita
1167 662 1222 716 in
1241 659 1505 738 angulum
1525 681 1627 717 co-

14 751 176 805 e’unte
209 764 268 803 ut
297 744 499 803 brachii
532 742 734 800 flexum
761 746 1023 800 imitetur.
1066 742 1267 799 Navale
1287 742 1359 806 est
1377 744 1628 812 Auximi,

15 829 159 887 unde
177 826 323 885 abest
343 826 632 885 stadiorum
654 827 969 905 0(fftuaginta
987 826 1288 883 intervallo.
1333 825 1485 903 quod
1505 847 1627 882 mu·

14 914 192 969 nitum
210 908 286 968 est
304 909 490 989 oppidi
511 948 528 976 ‚
545 912 601 965 in
618 905 725 986 ipsa
741 909 831 965 illa
851 928 981 985 rupe
1001 924 1133 964 tuto
1147 905 1266 964 satis
1285 905 1358 965 est
1378 905 1501 964 situ.
1533 906 1623 966 sed

14 1011 303 1051 excurrunt
322 1012 524 1072 magno
544 1011 777 1048 numero
796 988 1015 1049 aedificia
1033 1030 1050 1057 ‚
1083 989 1230 1047 nuda
1262 987 1288 1046 ὲ
1308 992 1626 1047 munimen-

13 1080 98 1134 tis,
143 1076 353 1133 Conon
388 1079 469 1147 (is
489 1072 730 1153 praefidio
753 1076 1010 1153 praeerat)
1054 1070 1150 1128 ubi
1166 1075 1222 1129 in
1242 1068 1291 1129 se
1312 1075 1493 1129 venire
1511 1076 1627 1131 Va-

12 1162 219 1216 cimum
241 1178 446 1237 magno
473 1158 692 1237 agmine
712 1198 726 1221 ‚
763 1162 818 1214 &
836 1161 946 1230 jam
964 1153 1106 1213 haud
1125 1154 1316 1232 procul
1335 1152 1434 1212 effe
1463 1158 1627 1214 intel-

9 1242 174 1308 lexit,
196 1240 270 1300 ‚acl
300 1237 584 1297 confilium
602 1235 652 1296 se
682 1237 1214 1315 vertitimprudentis
1243 1238 1430 1294 animi.
1471 1240 1628 1295 Parvi

11 1326 213 1402 quippe
246 1322 450 1381 ducens
471 1324 672 1378 moenia
688 1323 855 1400 inque
874 1319 1148 1376 moenibus
1174 1321 1368 1376 milites
1389 1325 1442 1376 ὃ(
1461 1325 1627 1398 oppi-

13 1405 188 1464 danos
221 1406 362 1462 tueri
384 1402 676 1462 'indemnes
705 1443 724 1472 ‚
759 1422 990 1462 vacuum
1024 1399 1094 1457 ab
1127 1404 1287 1458 armis
1316 1402 1632 1481 relinquens-

12 1487 299 1567 oppidum,
316 1486 545 1545 eductos
563 1483 627 1543 ad
645 1488 886 1564 quinque
905 1483 1066 1541 stadia
1083 1485 1277 1541 milites
1294 1483 1358 1541 ad
1382 1504 1626 1564 pugnam

10 1570 225 1628 instruit
245 1611 261 1637 ‚
283 1591 381 1627 nec
399 1565 555 1626 densa
573 1570 682 1632 acie
703 1609 719 1636 ,
740 1566 826 1626 sed
845 1568 990 1627 velut
1006 1568 1124 1624 loca
1141 1568 1260 1644 rupi
1279 1562 1490 1623 subdita
1506 1571 1626 1624 cin-

12 1653 198 1712 &urus
217 1651 490 1731 indagine.
534 1650 612 1705 Hi
632 1689 650 1715 ,
677 1665 736 1706 ut
754 1647 1063 1727 superantes
1082 1646 1431 1704 multitudine
1448 1646 1626 1706 hostes

9 1732 368 1814 conspexere,
401 1728 590 1812 fugam
609 1729 674 1787 ad
701 1728 1233 1796 moeniaintendunt.
1272 1727 1491 1786 Barbari
1509 1752 1626 1788 non

4 1837 213 1896 paucos
231 1834 426 1875 eorum
461 1813 712 1872 nondum
746 1816 888 1870 intra
921 1811 1115 1870 urbem
1147 1829 1396 1890 receptos
1414 1812 1629 1876 occide<

9 1919 96 1965 re,
131 1896 390 1977 scalasque
426 1896 491 1954 ad
524 1898 716 1953 maenia
736 1895 982 1953 admoliti
1003 1937 1018 1960 ,
1048 1892 1298 1952 scandere
1327 1894 1585 1972 parabant
1605 1918 1623 1952 ε

9 1981 168 2040 alii&
184 1980 526 2056 circumjecta
541 1976 761 2038 aedificia
786 1976 1021 2035 flammis
1042 1977 1285 2034 urebant.
1331 1975 1631 2034 Pavescen·

8 2081 90 2122 tes
107 2064 170 2122 ad
191 2062 301 2122 haec
317 2064 559 2120 Romani
579 2103 598 2130 ,
617 2067 672 2118 &
691 2065 785 2140 qui
801 2063 1067 2140 oppidum
1086 2062 1385 2139 antiquitus
1415 2062 1627 2117 incole-

9 2144 141 2204 bant
158 2164 184 2208 ,·
206 2146 453 2223 adaperta
470 2145 690 2223 portula
707 2162 925 2206 ruentes
944 2139 1236 2204 confertim
1258 2144 1456 2199 milites
1478 2144 1627 2199 exci-

7 2231 169 2307 piunt
187 2269 204 2290 ,
239 2249 371 2285 mox
392 2244 452 2285 ut
468 2225 784 2284 inhaerentes
801 2225 981 2287 videre
1000 2224 1257 2282 barbaros
1272 2265 1289 2294 ,
1310 2244 1459 2283 metu
1480 2245 1548 2282 ne
1568 2230 1624 2282 &

7 2309 65 2368 hi
84 2332 190 2369 una
206 2313 568 2389 irrumperent
582 2351 599 2377 ,
618 2321 838 2389 repente
856 2306 1075 2367 claustra
1091 2306 1339 2383 objecere
1363 2308 1591 2385 portulae
1606 2331 1625 2366 ι

5 2391 96 2451 sed
130 2414 225 2472 per
256 2391 417 2450 funes
442 2389 694 2450 demiffos
721 2391 790 2449 de
829 2389 1105 2448 moenibus
1139 2407 1260 2448 tum
1294 2390 1428 2447 alios
1447 2430 1466 2455 ‚
1500 2408 1623 2447 tum

11 2477 310 2534 Cononem
329 2493 658 2533 attraxerunt
678 2492 839 2553 atque
869 2478 941 2532 ita
970 2473 1213 2552 periculo
1232 2471 1624 2530 subduxerunt,

9 2562 104 2637 qui
123 2579 215 2637 per
231 2557 386 2616 scalas
411 2557 757 2615 enitebantur
780 2555 989 2615 barbari
1012 2554 1078 2612 ab
1100 2554 1232 2613 urbe
1253 2555 1508 2632 capienda
1526 2556 1628 2614 mia·

10 2643 224 2699 nimum
260 2640 481 2699 aberant
500 2681 518 2708 ‚
554 2644 609 2697 ni
629 2641 727 2696 viri
748 2638 859 2696 duo
880 2681 908 2707 ,.
932 2659 1042 2696 rara
1072 2635 1179 2694 ausi
1209 2634 1447 2695 facinora
1466 2677 1483 2704 ‚
1513 2641 1625 2711 jam

10 2721 207 2781 stantes
239 2724 362 2782 illos
393 2724 451 2780 in
478 2725 655 2802 pinnis
687 2719 1019 2801 depuliffent.
1053 2719 1255 2777 horum
1290 2720 1420 2778 alter
1438 2719 1625 2776 Thrax

12 2824 126 2862 erat
146 2803 378 2865 Belisarii
394 2807 773 2884 protectorum
793 2825 932 2862 unus
953 2846 970 2873 ‚
991 2823 1196 2871 nomen
1213 2803 1463 2869 Vlimun.
1496 2803 1626 2857 alter

12 2881 42 2942 ὲ
59 2889 325 2946 Valeriani
356 2887 959 2968 protec'toribuffigente
975 2881 1284 2965 Maflhgeta,
1301 2884 1477 2943 di<3us
1494 2882 1626 2938 Bul-

10 2968 164 3049 gudu
183 3009 202 3040 ι
227 2990 372 3051 quos
402 2969 547 3035 forte
566 2991 732 3036 naves
757 2990 873 3034 non
890 2974 965 3033 ita
978 2967 1191 3053 pridem
1222 2969 1514 3104 Anconizm
1535 2981 1627 3037 tu-

440 3072 443 3073 ’
1449 3060 1615 3104 erant.
