1888 3428
100 181 186 218 AD
229 160 612 220 GoTTHos
656 165 1174 218 PERTINENTIS
1215 163 1464 220 L1B.11.
1514 170 1625 241 565

17 244 77 300 in
98 241 320 321 speciem
342 285 358 306 ‚
391 242 418 301 ὲ
445 242 725 301 latitudine
745 244 799 298 in
817 242 1024 296 arctum
1045 243 1389 319 procurrebat
1409 286 1425 313 ‚
1460 243 1629 304 ferme

17 343 78 382 ut
101 344 256 404 caput
303 325 516 382 suillum
539 366 554 391 ‚
591 331 741 400 cujus
780 326 922 381 velut
950 344 1013 379 os
1042 321 1265 380 densum
1297 324 1628 406 firmumque

13 405 174 465 scutis
188 408 496 465 vallabatur.
529 410 686 464 latera
706 425 796 484 per
814 403 1029 462 ordines
1047 404 1408 484 cohortesque
1427 412 1481 464 in
1503 412 1628 467 lon-

13 509 148 568 gum
167 490 581 569 porrigebantur
596 531 609 552 ‚
625 483 919 546 transverso
937 485 1106 543 ferme
1128 485 1322 566 positu,
1341 493 1628 565 paulatim-

16 573 125 650 que
147 574 316 651 magis
334 593 391 629 ac
416 577 584 651 magis
602 566 990 631 diducebantur
1013 611 1027 631 ‚
1063 588 1123 626 ut
1158 574 1212 626 in
1232 568 1339 628 fine
1371 570 1629 649 amplissi-

15 673 170 710 mum
190 672 518 732 occuparent
538 651 760 732 spatium
783 692 799 718 ‚
822 670 970 707 tanta
988 652 1061 708 ibi
1079 655 1289 709 raritate
1309 670 1367 709 ut
1389 653 1626 710 multum

12 735 305 793 lociinanis
325 740 794 816 interponeretur,
834 752 1090 813 tergaque
1121 734 1411 791 hominum
1443 753 1623 811 aperta

13 817 465 896 conspicerentur.
507 816 712 874 stabant
732 814 890 872 averfi
913 821 1051 873 iuter
1071 815 1118 873 se
1139 858 1154 883 ‚
1193 834 1251 873 ut
1282 818 1422 873 recta
1452 815 1501 874 se
1519 816 1626 873 ho·-

10 896 184 957 stibus
202 901 533 977 objicerent,
563 917 975 978 pugnarentque
1005 902 1232 956 tutiores
1252 896 1408 955 scutis
1440 916 1626 977 prote-

10 981 113 1051 ἃὶ,
137 1002 284 1061 terga
301 1000 481 1039 autem
501 1000 697 1038 mutuo
713 982 808 1037 illo
831 979 1198 1058 contraposita
1219 986 1425 1039 munita
1442 978 1624 1038 essent.

12 1069 91 1121 At
118 1063 324 1121 Narseti
344 1105 361 1130 ‚
392 1061 645 1142 aspirante
667 1061 890 1120 fortuna
906 1066 1171 1142 rectisque
1191 1062 1349 1141 ipsius
1368 1058 1628 1127 consiliiS,

11 1149 220 1224 optime
239 1147 430 1203 cuncta
450 1145 831 1222 procedebant.
875 1149 1020 1205 Nam
1041 1145 1256 1202 simulac
1276 1144 1486 1203 barbari
1509 1167 1624 1213 ma-

9 1248 124 1308 gno
146 1249 270 1284 cum
288 1225 512 1286 fremitu
532 1234 584 1285 Sc
607 1231 839 1285 clamore
858 1270 875 1295 ‚
908 1233 1073 1286 citato
1092 1227 1243 1285 cursu
1274 1227 1398 1286 sein
1418 1231 1627 1285 Roma-

10 1331 114 1367 nos
136 1313 426 1367 intulerant
444 1351 458 1376 ‚
494 1309 668 1366 statim
688 1309 935 1386 disjecere
955 1313 1216 1389 primores
1238 1311 1424 1368 mediae
1455 1313 1583 1366 aciei
1605 1351 1623 1377 ‚

9 1394 427 1471 irruperuntque
452 1396 506 1449 in
526 1413 756 1448 vacuum
776 1414 939 1471 quem
974 1391 1388 1471 significavimus
1418 1394 1624 1449 locum.

10 1475 243 1532 necdum
264 1478 408 1531 enirn
430 1495 683 1532 venerant
703 1480 794 1553 qui
816 1496 939 1532 eum
960 1475 1244 1552 implerent
1262 1476 1469 1532 Heruli.
1513 1476 1626 1530 Pri-

12 1578 135 1613 mus
170 1558 521 1614 barbarorum
555 1553 753 1636 globus
792 1562 1078 1635 penetratis
1123 1557 1404 1614 ordinibus
1425 1597 1438 1617 ,
1482 1555 1623 1612 caede

12 1660 128 1696 non
149 1661 339 1721 magna
358 1639 496 1696 edita
513 1642 568 1695 in
588 1637 914 1715 postremam
947 1642 1330 1696 Romanorum
1351 1641 1518 1694 aciem
1536 1640 1625 1694 in-

11 1721 233 1784 cubuit,
271 1722 490 1800 quidam
512 1726 565 1777 &
599 1719 860 1796 progreffi
895 1724 1146 1800 longius,
1179 1719 1264 1798 spe
1298 1719 1507 1776 hostilia
1536 1740 1626 1775 ca-

9 1802 112 1860 stra
128 1803 388 1882 capiendi.
431 1805 584 1858 Tum
614 1802 806 1858 Narses
840 1806 1090 1880 pauiatim
1127 1804 1403 1880 produffis
1435 1823 1627 1858 curva-

11 1887 186 1965 tisque
206 1885 461 1942 cornibus
482 1925 497 1950 ,
517 1906 679 1963 quarn
712 1882 947 1939 formam
982 1888 1168 1941 talium
1211 1884 1436 1941 artifices
1466 1882 1624 1940 infle-

2 1989 134 2035 xam
159 1971 388 2025 anticam
413 1985 607 2023 vocant
633 2009 648 2034 ‚
683 1967 954 2044 equitibus
973 1966 1252 2045 sagittariis
1274 1971 1501 2045 imperat
1520 1982 1624 2030 ‚›ut

12 2069 75 2106 ex
98 2052 256 2107 latere
280 2069 512 2126 utroque
531 2047 988 2106 coeuntibusteiis
1009 2094 1022 2114 ,
1065 2068 1211 2129 terga
1230 2050 1466 2106 hostiurn
1486 2044 1624 2105 infe-

7 2129 166 2189 stent.
212 2132 364 2212 quod
389 2132 462 2187 ilii
489 2133 639 2188 nullo
662 2134 886 2208 negotio
909 2132 1096 2189 fecere.
1130 2136 1333 2210 quippe
1367 2130 1626 2188 barbaros

6 2214 233 2292 pedestri
253 2211 546 2293 fungentes
582 2216 765 2270 militia
783 2254 798 2278 ,
830 2213 1003 2290 ipsrex
1026 2237 1090 2291 eq
1102 2219 1179 2270 uis
1198 2216 1450 2271 editiores
1467 2211 1624 2269 ferire

5 2293 158 2354 facile
178 2305 639 2373 poterant,'raros
669 2295 951 2373 praesertirn
990 2303 1041 2353 δέ
1079 2295 1330 2354 distantes
1361 2299 1623 2372 nulloque

8 2380 229 2451 objefftu
245 2375 504 2435 defenso&
524 2381 719 2456 Neque
738 2377 964 2432 arduum
984 2379 1083 2434 iliis
1104 2382 1332 2435 maxime
1351 2383 1623 2456 equitum,

8 2465 103 2539 qui
139 2462 364 2526 &hlocis
398 2458 804 2516 sublimioribus
836 2458 1219 2527 constiterant,
1253 2460 1490 2517 hostium
1524 2458 1622 2514 fibi

9 2546 288 2620 proximos
310 2563 495 2621 urgere
516 2540 736 2619 desuper
771 2542 1003 2607 telis‚.&
1035 2541 1069 2597 fi
1098 2548 1217 2620 quis
1248 2541 1522 2599 adversum
1544 2544 1622 2596 ire

8 2626 223 2682 auderet
242 2666 258 2691 ,
296 2623 581 2681 absterrere
603 2623 931 2679 vulneribus.
973 2628 1046 2680 ita
1067 2627 1306 2703 undique
1324 2624 1350 2680 Ξι
1370 2644 1526 2702 tergo
1547 2620 1624 2677 fe-

9 2707 282 2763 riebantur
313 2707 530 2772 Franci,
566 2707 651 2762 alii
682 2706 746 2762 ab
773 2704 849 2760 his
870 2709 962 2783 qui
983 2709 1038 2762 in
1075 2707 1462 2765 dextrocornu
1483 2744 1500 2769 ‚
1536 2705 1623 2760 alii

11 2787 77 2844 ab
95 2787 173 2844 his
192 2791 284 2866 qui
316 2792 369 2844 in
406 2790 540 2845 laevo
570 2806 718 2844 erant
740 2786 913 2864 pofit‘i.
956 2792 1143 2866 Atque
1161 2794 1231 2847 ita
1249 2791 1518 2845 contrario
1536 2791 1622 2842 in-

12 2887 95 2926 ter
112 2867 159 2925 se
178 2869 327 2925 cursu
347 2867 653 2925 ferebantur
671 2868 868 2948 sagittae
888 2877 940 2926 8<
960 2872 1217 2948 quicquid
1234 2876 1287 2927 in
1318 2871 1496 2925 medio
1513 2882 1622 2921 crat

14 2949 352 3033 lancinabant
369 2992 396 3020 ,ν
419 2968 478 3008 ut
509 2973 683 3030 neque
700 2972 881 3011 cavere
901 2950 997 3007 sibi
1016 2952 1225 3029 poffent
1245 2951 1449 3009 barbari
1472 2989 1487 3014 ,
1521 2966 1619 3002 nec

925 3035 978 3092 N
1002 3055 1034 3089 n
1085 3057 1106 3111 3
1326 3040 1330 3061 ⁴*
1514 3025 1629 3085 satis
