1888 3428
243 170 362 227 400
579 155 962 209 Paocopu
1006 148 1549 208 CAESAREENs1s

241 231 592 311 formidinem
626 233 808 289 intulit
844 230 1073 289 Gotthis
1091 271 1108 298 ,
1138 233 1279 288 claro
1297 233 1438 310 apud
1454 251 1648 289 omnes
1668 231 1852 291 homi-⁴>

237 335 335 372 nes
354 316 616 372 Germani
634 317 858 372 nomine
874 355 891 381 ‚
916 315 1184 371 Romanis
1200 332 1328 370 vero
1345 312 1459 392 spes
1478 334 1687 371 crevere
1707 355 1726 382 ,
1754 318 1854 372 mi·-
1868 330 1880 340 ⁹

238 395 420 476 lesque
451 400 792 476 Imperatoris
812 438 827 462 ‚
860 394 1071 452 labores
1089 400 1142 451 &
1161 396 1392 471 pericula
1413 394 1488 452 ob
1507 395 1561 452 id
1584 394 1854 473 promtius

241 477 520 536 tolerabat.
568 478 671 536 Sed
690 483 1007 557 Imperator,
1029 475 1204 533 nescio
1226 497 1332 555 qua
1350 476 1415 534 de
1435 474 1585 533 causa
1607 517 1623 538 ‚
1656 477 1852 535 demo-
1886 479 1888 481 ’

241 578 328 618 tus
348 561 413 616 ab
433 558 526 616 hac
545 561 806 617 sententia
825 600 842 626 ‚
864 559 1148 616 Liberium
1166 561 1339 616 civem
1358 560 1675 616 Romanum
1699 600 1714 626 ‚
1741 565 1852 634 jam

239 661 359 699 ante
382 641 513 698 mihi
533 659 893 700 memoratum
916 682 933 709 ‚
968 645 1023 697 in
1051 642 1235 697 locum
1257 639 1521 697 Germani
1538 638 1852 699 substituere

240 724 538 796 constituit.
581 728 763 802 Atque
783 726 826 779 is
844 725 1024 781 itineri
1049 723 1316 779 accincftus
1332 763 1347 789 ‚
1361 729 1474 798 jam
1490 727 1709 801 jamque
1726 744 1852 780 cum

240 808 474 864 exercitu
507 811 850 886 navigaturus
868 801 1174 883 putabatur.
1221 804 1324 863 Sed
1352 806 1450 861 alia
1465 810 1851 883 Imperatorem

242 891 563 964 poenitentia
593 886 854 944 subeunte
875 928 889 953 ‚
923 904 1164 944 retentus
1197 894 1250 944 ὃς
1282 884 1462 965 ipsein
1483 891 1617 944 otio,
1669 885 1778 944 Sub
1796 884 1852 943 id

174 987 181 989 *
239 988 453 1047 ternpus
471 974 648 1028 Verus
665 990 789 1026 cum
810 973 1076 1027 acerrimis
1112 971 1343 1026 militum
1363 989 1504 1047 quos
1524 967 1617 1025 fibi
1637 967 1853 1026 adsum-

239 1049 402 1118 serat‚
432 1050 660 1121 Gottbis
695 1054 789 1128 qui
820 1053 877 1107 in
907 1054 1107 1108 Piceno
1127 1069 1274 1107 erant
1295 1091 1311 1115 ‚
1346 1053 1525 1129 praelio
1547 1048 1853 1129 congressus

239 1134 501 1191 Ravenna
519 1153 631 1189 non
654 1134 862 1209 procul,
887 1135 1088 1189 multos
1107 1128 1329 1189 suorum
1347 1135 1564 1197 amittit,
1585 1135 1851 1211 periitque

241 1221 297 1271 δε
323 1214 428 1292 ipse
467 1212 680 1270 fortiter
712 1234 977 1292 pugnans.
1022 1220 1229 1270 Interea
1259 1219 1311 1269 δέ
1332 1215 1469 1272 Slavi
1489 1254 1503 1274 ,
1541 1234 1656 1269 non
1674 1216 1852 1291 plures

238 1315 319 1355 ter
338 1296 500 1360 mille,
519 1292 839 1353 Danubium
858 1335 875 1361 ,
908 1294 1227 1374 prohibente
1246 1298 1465 1352 nemine
1485 1336 1502 1363 ‚
1531 1294 1850 1374 transgreffi,

237 1384 293 1434 &
320 1399 450 1437 mox
465 1376 718 1434 Hebrum
739 1397 955 1434 amnem
971 1377 1156 1435 eadem
1174 1373 1421 1434 facilitate
1440 1418 1456 1444 ,
1487 1379 1543 1434 in
1562 1376 1672 1435 duo
1687 1374 1736 1435 se
1755 1399 1853 1457 aga

237 1461 386 1517 mina
405 1459 625 1519 divisere
646 1500 663 1526 ,
690 1480 928 1539 quorum
948 1462 1172 1517 alterum
1195 1462 1334 1517 mille
1352 1457 1582 1517 habebat
1600 1464 1654 1516 &
1669 1461 1850 1516 offin-

235 1562 432 1621 gentos
449 1583 464 1610 ,
487 1543 713 1599 alterum
733 1544 987 1621 reliquos·
1028 1543 1097 1597 Et
1115 1539 1196 1598 his
1222 1548 1274 1599 ἃ
1293 1542 1395 1598 illis
1412 1545 1485 1599 ita
1503 1558 1563 1598 ut
1581 1540 1688 1599 dixi
1706 1540 1854 1621 sepa—

239 1628 363 1681 ratis
395 1626 636 1681 Romani
669 1624 831 1681 duces
853 1665 868 1690 ‚
908 1626 963 1680 in
1000 1627 1201 1702 Illyrico
1226 1645 1428 1703 perque
1449 1623 1739 1681 Thraciam
1756 1645 1854 1702 pu-

237 1727 345 1784 gna
365 1707 627 1784 impliciti,
648 1707 803 1762 citius
822 1707 1024 1762 credito
1046 1706 1171 1761 vieti
1188 1703 1326 1769 sunt,
1347 1703 1611 1786 multique
1627 1708 1850 1783 periere.

240 1788 464 1846 Caeteris
496 1785 625 1867 fuga
650 1790 830 1864 ‚turpis
865 1784 1012 1842 saluti
1044 1783 1167 1845 fuit.
1210 1785 1506 1866 Postquam
1526 1789 1580 1843 hi
1604 1787 1763 1843 duces
1783 1786 1850 1843 ab

237 1887 474 1948 utroque
510 1868 685 1925 hostili
705 1872 918 1947 agmine
936 1910 951 1934 ,
987 1888 1110 1924 cum
1130 1890 1361 1925 numero
1394 1868 1700 1948 superarent
1735 1868 1856 1947 ipsi,⁴

235 1955 286 2010 vi
307 1949 531 2028 superati
550 1948 760 2007 fuerant
779 1991 795 2017 ‚
828 1953 885 2006 in
903 1949 1184 2014 Asbadum
1214 1952 1399 2008 incidit
1430 1972 1547 2030 pars
1566 1951 1850 2008 Slavorum

237 2036 417 2091 altera.
463 2035 648 2088 Fuerat
671 2035 715 2088 is
749 2031 1021 2089 Iustiniani
1054 2031 1254 2090 satelles
1271 2073 1288 2099 ,
1325 2054 1455 2089 mox
1492 2036 1554 2089 iis
1588 2031 1851 2090 militibus

236 2118 329 2193 qui
357 2114 643 2171 Candidati
661 2114 910 2170 dicuntur
926 2113 1235 2192 adscriptuS,
1254 2117 1447 2171 turmis
1466 2115 1696 2194 denique
1717 2136 1850 2194 prae-
1883 2145 1886 2148 ⁴

235 2195 428 2259 feffihls,
450 2218 567 2273 quae
589 2197 765 2252 multae
782 2191 1132 2274 optimaeque.
1175 2199 1421 2264 Teuruli,
1440 2197 1589 2276 quod
1604 2196 1849 2254 Thraciae

239 2278 502 2357 oppidum
536 2276 609 2333 est
633 2317 647 2337 ‚
680 2280 979 2355 antiquitus
1012 2298 1199 2357 agunt.
1242 2281 1330 2336 De
1350 2279 1430 2335 his
1451 2300 1674 2358 quoque
1696 2280 1846 2336 nullo

234 2357 467 2440 negotio
489 2361 720 2415 vicff‘tores
741 2360 873 2415 Slavi
905 2400 920 2426 ,
956 2361 1160 2417 multos
1185 2358 1317 2419 faede
1351 2358 1619 2441 fugientes
1639 2359 1848 2418 interfim

233 2444 384 2498 ciunt
406 2464 419 2498 ε
441 2440 610 2520 ipsum
632 2444 812 2498 vivum
833 2445 1048 2519 capiunt
1070 2441 1352 2500 Asbadum
1375 2485 1390 2509 ,
1426 2442 1512 2500 sed
1533 2464 1646 2500 non
1669 2443 1846 2499 multo

233 2523 353 2603 post
376 2545 501 2581 eum
531 2520 763 2579 flammis
798 2542 1030 2581 exurunt
1051 2546 1172 2581 cum
1195 2528 1341 2603 prius
1362 2524 1389 2580 ἐ
1410 2542 1563 2604 tergo
1583 2523 1741 2603 ipsius
1759 2527 1855 2581 lo·

232 2628 289 2663 ra
307 2603 650 2663 exscidiffent.
699 2607 800 2661 His
821 2606 978 2662 rebus
999 2607 1125 2662 aistis
1145 2649 1162 2673 ‚
1181 2611 1402 2684 impune
1423 2606 1618 2664 deinde
1649 2628 1708 2663 ac
1735 2604 1844 2664 stne

234 2706 386 2745 metu
409 2689 686 2744 Thracum
721 2694 774 2744 ἃ
793 2688 1094 2764 Illyriorum
1115 2710 1270 2768 agros
1303 2688 1583 2766 raptabant
1604 2729 1621 2757 ‚
1650 2690 1847 2746 multa-

237 2791 346 2848 que
365 2768 566 2848 oppida
585 2773 635 2828 vi
658 2788 911 2847 ceperunt
933 2788 1164 2849 utroque
1198 2775 1411 2849 agmine
1431 2813 1448 2839 ‚
1478 2788 1600 2828 ante
1621 2792 1681 2828 ea
1703 2788 1847 2827 tem-

236 2873 370 2931 pora
401 2872 576 2930 neque
608 2854 1049 2930 oppugnationes
1068 2850 1172 2909 ausi
1194 2895 1210 2919 ‚
1237 2874 1412 2931 neque
1431 2855 1486 2909 in
1505 2870 1691 2932 aperto
1711 2873 1846 2930 prae-

236 2937 320 2993 lia.
366 2934 510 2993 Nam
545 2954 612 2994 ne
648 2931 905 2993 incursare
937 2934 1156 3015 quidem
1177 2934 1414 2995 Romani
1432 2937 1646 3017 imperii
1665 2955 1849 3017 agros,

1751 3033 1845 3077 aut
