1888 3428
219 170 302 248 (46
528 148 930 232 PRocoi’n]
971 147 1527 213 CAEsA'REENus

222 267 349 309 cum
368 241 510 306 forte
526 238 755 324 agrestes
773 259 898 316 cum
918 236 1160 319 plaustris
1177 236 1589 316 ingrederentur
1602 277 1620 304 ,
1652 233 1829 296 comi-
1866 252 1888 309 j

221 333 353 399 tati,
385 325 671 385 filentio&
691 321 891 404 absque
925 323 1038 379 ullo
1059 318 1241 378 labore
1275 321 1542 399 oppidum
1575 340 1827 377 tenuere:

222 404 762 493 cumquelucesceret
778 448 797 476 ,
833 406 985 464 nullo
1004 403 1136 462 dum
1154 403 1397 459 tumultu
1419 423 1542 462 orto
1560 446 1576 472 ‚
1599 399 1834 468 antistite
1882 379 1888 462 l

222 499 334 556 loci
359 503 414 554 &
442 490 774 574 primoribus
786 489 1060 547 advocatis
1076 486 1226 544 ducis
1245 486 1491 542 mandata
1514 486 1834 544 enuntiave-

224 601 283 639 re
302 620 321 649 ‚
338 574 614 656 clavesque
635 573 881 632 adituum
899 569 928 627 a
945 569 1258 632 volentibus
1276 570 1439 629 nacti,
1459 569 1523 626 ad
1542 568 1713 645 ipsum
1730 567 1836 624 du·

1883 470 1888 537 ἔ

1884 539 1888 594 ἰ

225 683 345 720 cem
368 658 574 719 misere.
613 654 830 714 Eodem
849 653 936 713 die
965 656 1012 711 is
1044 655 1140 731 qui
1173 649 1342 709 cursui
1377 651 1596 729 publico
1618 666 1837 728 praeerat
1886 689 1888 711 ,

225 742 388 826 seque
407 749 463 801 &
491 761 665 822 equos
695 737 946 818 publicos
976 738 1243 815 Romanis
1262 733 1500 791 tradidit.
1543 753 1760 811 captum
1783 737 1837 789 δε

227 848 406 887 unum
424 844 619 882 eorum
640 823 735 901 qui
753 823 925 902 regias
952 820 1153 877 litteras
1186 813 1497 895 perferunt,
1534 816 1846 881 veredarios

228 912 549 970 vocarimos
564 904 730 963 habet
743 944 761 971 ,
779 924 895 961 non
916 902 1088 960 modo
1115 901 1267 957 nullo
1288 897 1462 956 affecit
1484 899 1626 956 malo
1648 892 1843 954 Belisa-

228 996 342 1050 rius
360 1034 376 1061 ‚
420 989 509 1048 sed
530 995 583 1046 δι
602 1007 735 1045 auro
763 988 940 1043 multo
958 984 1182 1043 donavit
1197 1027 1210 1048 ‚
1256 980 1471 1061 fideque
1490 997 1703 1058 accepta
1718 979 1842 1036 lite-

231 1095 316 1132 ras
337 1077 387 1133 ei
404 1071 551 1132 dedit
566 1070 635 1127 ab
669 1075 1004 1148 Imperatore
1020 1066 1315 1124 Iustiniano
1334 1066 1591 1143 Vandalis
1609 1064 1841 1141 scriptaS‚
1870 1104 1874 1107 »

233 1178 369 1237 quas
385 1157 470 1213 ille
491 1152 869 1213 Vandalorum
887 1150 1097 1207 eximiis
1130 1149 1187 1204 in
1208 1169 1400 1205 manus
1433 1147 1682 1206 traderet.
1728 1146 1846 1202 Ne-

234 1260 342 1317 que
355 1235 611 1296 Vandalis
625 1234 824 1291 bellare
841 1230 1218 1289 constituimus
1237 1270 1254 1297 ,
1289 1250 1388 1287 nec
1405 1251 1530 1287 cum
1551 1224 1849 1285 Gi'zericho

235 1322 390 1400 Pae-ta
410 1314 724 1375 dissolvere:
766 1313 854 1371 sed
870 1312 1223 1371 incubantem
1240 1309 1400 1369 vobis
1424 1329 1713 1390 tyrannum
1738 1308 1851 1365 tol-

235 1404 344 1460 lere
363 1442 383 1471 ,
425 1402 519 1480 qui
534 1396 720 1477 spretis
749 1394 1026 1453 Gizerichi
1042 1393 1238 1451 tabulis
1256 1424 1286 1459 ‚>
1311 1392 1519 1469 justum
1538 1412 1724 1473 regem
1754 1411 1852 1449 ve-

236 1483 408 1542 strum
424 1481 672 1542 vinetum
705 1495 856 1538 tenet
885 1501 900 1535 t
944 1480 1386 1557 propinquorum
1413 1494 1596 1535 autem
1627 1473 1851 1532 suorum

237 1565 406 1624 hostis
427 1604 445 1631 ,
480 1564 612 1621 alios
631 1563 838 1641 pridem
855 1559 1059 1618 occidit
1075 1600 1093 1627 ,
1126 1562 1238 1616 aliis
1256 1579 1379 1616 cum
1397 1566 1450 1617 δε
1468 1559 1773 1617 libertatem
1795 1561 1851 1612 &

241 1652 434 1706 oculos
448 1644 706 1702 ademerit
725 1684 741 1711 ‚
763 1645 1002 1700 mortem
1021 1639 1184 1720 ipsam
1201 1641 1407 1699 invidet
1425 1683 1440 1709 ‚
1459 1640 1626 1698 finem
1644 1641 1855 1696 calami-

242 1748 440 1789 tatum.
485 1723 689 1784 Adeste
722 1745 855 1805 ergo
876 1722 1038 1780 nobis
1057 1762 1074 1790 ‚
1103 1725 1222 1780 imo
1256 1722 1415 1781 vobis
1449 1722 1603 1803 ipsis,
1642 1728 1696 1779 δε
1741 1739 1854 1777 tam

243 1833 409 1893 grave
431 1815 630 1889 jugum
653 1806 681 1864 a
699 1804 995 1865 cervicibus
1027 1804 1209 1862 vestris
1227 1804 1496 1885 depellite.
1538 1811 1732 1863 Pacem
1754 1824 1853 1859 vo-

249 1898 333 1954 bis
366 1899 421 1951 &
454 1892 758 1949 libertatem
787 1887 815 1945 ὲ
847 1886 1012 1945 nobis
1034 1884 1230 1947 salvam
1261 1885 1413 1955 fore,
1456 1890 1642 1946 Deum
1663 1885 1880 1943 testem”

245 1977 491 2038 facimus,
534 1975 696 2030 Tales
725 1988 877 2029 erant
910 1971 1258 2047 Imperatoris
1289 1973 1510 2040 litterae,
1542 1991 1673 2050 quas
1705 1969 1792 2026 ille
1828 1966 1885 2023 a‘

247 2058 501 2120 Belisario
522 2073 759 2133 acceptas
788 2050 1070 2110 ostendere
1109 2052 1322 2131 publice
1357 2074 1471 2111 non
1490 2052 1676 2122 ausUS,
1719 2053 1855 2108 clam

249 2146 435 2202 amicis
448 2135 739 2197 ostendens
754 2179 769 2200 ‚
791 2136 1000 2193 nullum
1019 2132 1144 2206 fecit
1160 2155 1335 2213 operae
1354 2141 1612 2216 pretium.
1655 2144 1731 2192 At
1750 2136 1857 2188 Be-

249 2224 452 2285 lisarius
481 2219 554 2289 *ad
600 2220 844 2299 praelium
874 2215 1135 2275 instrueto
1179 2221 1394 2298 agmine
1418 2270 1423 2271 ff
1443 2208 1582 2277 viam
1617 2215 1858 2297 capiebat

255 2305 661 2384 Carthaginem.
702 2302 1011 2357 Trecentos
1035 2300 1261 2357 auteme
1293 2301 1694 2378 protestoribus
1713 2299 1858 2356 bello

254 2393 506 2472 egregios
520 2384 748 2465 Iohanni
768 2382 916 2440 dedit
933 2422 951 2450 ,
970 2381 1276 2440 domesticis
1296 2383 1706 2465 erogationibus
1727 2393 1860 2458 praess

254 2472 436 2555 p‘ofito
468 2487 634 2548 quem
669 2468 955 2546 optionem
990 2484 1205 2537 vocant.
1246 2465 1375 2524 Erat
1404 2471 1448 2523 is
1482 2485 1645 2546 gente
1663 2475 1704 2527 ,A
1716 2485 1861 2521 rme<-

255 2558 400 2623 niuS,
418 2560 472 2612 &
491 2550 736 2610 sollertiae
755 2554 810 2606 δε
825 2550 1036 2606 virtutis
1053 2551 1267 2607 culmen
1286 2567 1495 2606 tenens·
1538 2549 1708 2604 Hunc.
1730 2567 1862 2626 prae-

255 2640 333 2698 ire
344 2634 493 2717 J'uffit
509 2674 527 2702 ‚
544 2633 736 2711 viginti
756 2654 870 2691 non
886 2633 1114 2710 amplius
1134 2629 1427 2689 stadiorum
1448 2631 1753 2689 intervallo.
1789 2628 1863 2684 Et

257 2719 303 2779 fi
317 2719 451 2801 quid
473 2713 679 2780 vidisset
694 2714 881 2776 hostile
901 2754 918 2782 ,
953 2715 1007 2772 id
1023 2712 1315 2792 significare
1334 2716 1510 2783 illico,
1546 2724 1615 2771 ne
1633 2716 1864 2790 impara-

259 2819 351 2860 tos
367 2803 698 2883 opprimeret
718 2799 882 2878 praelii
911 2796 1199 2857 necessi'tas·
1243 2791 1552 2859 Auxiliares
1567 2807 1696 2857 ve'r'o
1717 2790 1866 2852 Mas-

258 2882 498 2966 sagetaS,
536 2883 731 2942 eodem
752 2898 841 2941 aut
871 2882 1033 2962 paulo
1065 2876 1276 2955 majore⁴
1298 2880 1575 2938 intervallo
1598 2923 1616 2949 ‚
1655 2875 1861 2936 finistro

261 2968 426 3032 latere
441 2970 516 3029 ire
526 2964 700 3048 juffit,
716 2963 823 3047 ipse
838 2984 965 3052 cum
983 2964 1185 3028 ducetis
1202 2962 1550 3046 subsequens.
1589 2965 1734 3025 Nam
1751 2956 1864 3014 ‘Ge-

788 3066 793 3069 '
1703 3042 1867 3105 lime:-
