1888 3428
240 152 654 215 Hussromffi
696 152 1188 212 VANDALICAE
1228 158 1274 211 L
1299 157 1486 213 113.II.
1588 174 1668 233 97

33 239 358 316 *exemplum
379 239 563 296 Mauri
582 235 870 296 confufim.
915 235 1123 292 Althias
1146 236 1316 314 praeda
1336 233 1665 317 captivisque

46 320 292 396 abduciis
311 341 506 399 magna
521 343 583 378 ex
605 342 671 377 eo
693 316 832 375 fama
851 338 944 397 per
963 315 1205 374 Africam
1225 320 1356 397 egit.
1392 320 1525 376 Haec
1546 323 1666 398 qui-

45 402 168 460 dem
190 404 284 462 illis
313 404 368 458 in
391 404 525 460 locis
542 402 861 483 agebantur.
905 406 1052 457 Inter
1070 420 1188 479 quae
1227 401 1457 456 Solomo
1477 440 1494 465 ‚
1540 423 1657 458 non

39 485 214 541 multo
247 501 494 563 tempore
541 487 664 541 acto
713 481 1042 562 Carthagine
1079 523 1095 548 ‚
1154 480 1443 539 Aurafiurn
1476 480 1657 539 versus

44 583 290 622 montem
309 570 365 622 in
383 566 581 624 labdan
597 567 743 624 ducit
762 571 1076 630 exercitum,
1095 562 1337 622 incusans
1354 586 1481 621 eum
1501 567 1657 642 quod

35 667 308 727 occupato
343 653 478 706 circa
509 652 794 723 Byzacium
825 648 1087 703 Romano
1125 648 1307 717 milite,
1328 688 1345 714 ‚
1381 648 1655 705 Numidiae

37 734 316 807 complura
349 734 467 788 loca
493 731 779 810 populatus
810 728 954 786 effer.
991 750 1111 786 vera
1142 748 1311 786 erant.
1341 729 1659 808 sedinsuper

41 813 96 868 in
131 810 327 867 Iabdan
376 816 632 870 incitores
670 814 960 869 Solomoni
1010 831 1159 869 erant
1193 814 1280 869 alii
1324 813 1654 868 Maurorum

34 897 296 972 principes
319 895 431 952 duo
447 935 464 961 ,
491 891 764 964 Maffonas
785 900 836 950 δέ
860 893 1112 969 Orthajas
1133 936 1148 961 ‚
1172 896 1415 971 propriis
1435 895 1501 952 de
1522 915 1656 951 cau-
1685 894 1687 898 ’

34 973 97 1031 fis
113 978 339 1033 inimici.
384 975 655 1034 Maffonas
673 1019 687 1043 ,
711 977 862 1057 quod
882 996 1086 1056 patrem
1108 983 1220 1051 ejus
1242 976 1454 1043 labdaS,
1477 998 1654 1055 quan..

0 1079 194 1136 *quam
213 1057 428 1116 affinem
450 1060 604 1117 suum
626 1101 642 1125 ,
660 1057 996 1116 interfecerat
1013 1059 1164 1125 dolo,
1183 1062 1311 1116 alter
1332 1080 1482 1120 vero,
1498 1058 1650 1139 quod

30 1141 174 1196 idem
194 1161 319 1199 cum
339 1141 572 1199 Mastina
606 1145 676 1214 (is
708 1147 763 1198 in
784 1142 1112 1198 Mauritania
1145 1141 1381 1198 barbaris
1400 1147 1646 1220 praeerat)
1715 1215 1724 1218 „

29 1221 204 1299 ipsum
241 1222 449 1302 ipsique
489 1223 734 1282 subditos
770 1225 1000 1280 Mauros
1037 1227 1225 1300 ejicere
1257 1222 1458 1280 finibus
1491 1228 1646 1280 avitis

30 1302 381 1382 proposuerat
402 1328 414 1361 :
460 1308 748 1364 Romanus
768 1327 902 1385 ergo
924 1311 1184 1363 exercitus
1199 1348 1216 1373 ‚
1236 1306 1370 1363 duce
1391 1308 1648 1363 Solomoa·

29 1407 135 1452 ne,
171 1392 226 1444 δε
261 1408 368 1444 una
399 1388 550 1465 quod
575 1389 902 1446 Maurorum
935 1390 1206 1446 Romanis
1235 1386 1407 1445 fidum
1428 1428 1444 1455 ‚
1483 1386 1646 1445 castra

26 1465 253 1547 posuere
271 1470 337 1528 ad
356 1473 615 1552 Amigam
632 1468 839 1528 flumen
862 1511 876 1532 ,
912 1470 1064 1549 quod
1084 1470 1371 1527 Aurafiurn
1392 1488 1648 1527 montem

27 1551 315 1630 praelabens
334 1556 472 1632 rigat
493 1556 685 1611 vicina.
724 1551 896 1609 Iabdae
917 1573 1030 1608 non
1058 1576 1120 1610 ex
1141 1551 1236 1609 usu
1257 1551 1426 1610 visum
1447 1555 1646 1630 apertis

23 1637 80 1694 in
99 1637 300 1710 campis
315 1653 513 1691 certare
533 1637 711 1713 praelio
737 1657 750 1690 τ
781 1638 839 1690 in
859 1632 1088 1690 Aurasio
1108 1632 1158 1690 se
1177 1635 1454 1690 immuniit
1471 1674 1487 1698 ‚
1531 1656 1643 1713 qua

21 1717 67 1773 is
86 1732 232 1794 parte
268 1715 575 1774 duriffimus
606 1715 952 1774 adeuntibus·
994 1713 1415 1795 AiCarthagine
1435 1714 1645 1773 abestis

23 1819 186 1854 mons
218 1800 380 1854 trium
401 1799 613 1856 dierum
642 1801 833 1855 itinere
861 1839 878 1866 ,
912 1801 1194 1855 montium
1225 1801 1317 1877 qui
1339 1795 1640 1857 noscuntur

23 1883 308 1936 maximus,
351 1881 547 1938 Tridui
586 1884 731 1938 enim
763 1879 976 1937 homini
1003 1881 1255 1959 expedito
1276 1885 1376 1937 iter
1405 1884 1640 1939 circuitu,

23 1979 168 2039 patet
186 1985 199 2018 :
247 1959 446 2020 acceffu
466 1960 690 2021 difficilis
708 1981 870 2043 atque
888 1962 1169 2021 horridus:
1200 1967 1256 2020 in
1273 1961 1549 2020 summum
1568 1985 1637 2021 u-

0 2043 79 2101 bi
100 2048 302 2102 veneris
319 2086 336 2112 ,
377 2044 608 2104 effundit
624 2044 673 2103 se
704 2049 760 2103 in
780 2067 1005 2122 campos
1023 2047 1268 2125 planities
1287 2049 1486 2125 irrigua
1503 2045 1638 2102 fon-

21 2125 168 2184 tibus
182 2167 198 2193 ‚
232 2148 414 2185 amnes
434 2128 498 2186 de
518 2127 566 2185 se
586 2128 872 2187 edentibus
895 2152 908 2186 :
941 2128 1231 2186 hortorum
1251 2130 1382 2185 mira
1399 2133 1635 2204 amoeni-2

21 2228 122 2267 tas.
163 2211 364 2290 Fruges
382 2231 440 2267 ac
460 2232 624 2290 poma
644 2212 804 2290 dupla
823 2211 1196 2291 magnitudine
1218 2233 1382 2290 quam
1402 2214 1455 2267 in
1480 2209 1634 2268 Afri-

18 2312 80 2348 ca
95 2295 264 2349 omni.
309 2296 446 2349 Sunt
462 2300 516 2350 &
533 2293 740 2351 castella
755 2335 771 2361 ‚
792 2293 879 2352 sed
899 2296 1143 2374 neglecta
1157 2293 1269 2355 diu,
1289 2297 1488 2372 quippe
1510 2297 1635 2351 nul-

15 2376 76 2432 lo
111 2373 225 2431 usui
253 2375 453 2432 credita
481 2375 865 2434 habitantibus.
911 2377 1058 2433 Nam
1096 2397 1162 2433 ex
1195 2397 1307 2454 quo
1334 2374 1631 2434 Aurasium

15 2453 198 2513 Mauri
227 2455 486 2515 abstulere
505 2459 790 2525 VandaliS,
818 2457 949 2516 nihil
983 2459 1060 2515 ibi
1083 2477 1402 2515 metuerant.
1447 2460 1629 2516 Etiam

13 2537 361 2618 Tamugadin
381 2538 571 2598 urbem
596 2583 614 2610 ‚
644 2563 760 2620 quae
782 2545 960 2598 monti
994 2541 1058 2598 ad
1076 2561 1261 2599 ortum
1279 2582 1295 2609 ,
1328 2540 1433 2620 qua
1451 2546 1630 2620 campi

11 2620 280 2697 incipiunt
299 2662 315 2686 ‚
352 2622 567 2697 objacet
584 2665 601 2692 ‚
627 2624 834 2703 populo
855 2623 1134 2703 quondam
1154 2626 1366 2701 plenam
1385 2664 1401 2690 ,
1424 2624 1623 2681 vastam

14 2699 252 2759 fecerant
281 2702 496 2773 Mauri,
529 2710 665 2785 quin
687 2714 741 2763 ὃς
779 2702 895 2762 solo
930 2726 1299 2784 aequaverant,
1339 2727 1406 2762 ne
1440 2704 1623 2762 hostes

17 2783 192 2840 castris
210 2786 470 2860 ponendis
487 2788 747 2847 haberent
767 2791 950 2846 locum
967 2829 983 2856 ,
1001 2808 1092 2845 aut
1110 2790 1271 2845 illecti
1292 2791 1623 2866 opportuni-

15 2881 126 2922 tate
147 2864 293 2922 urbis
309 2868 370 2925 ad
390 2891 637 2928 montem
657 2874 1102 2950 propinquarent.
1146 2872 1315 2929 Iidem
1339 2873 1433 2948 qui
1455 2891 1623 2925 mon-

15 2963 129 3010 tem
166 2949 381 3037 Memfi,
414 2955 576 3016 etiam
606 2955 671 3015 ad
705 2951 952 3095 occasu&
984 2951 1309 3035 suppositam
1337 2953 1518 3042 monti
1541 2970 1626 3003 rc-

926 3097 935 3110 „
1399 3051 1625 3109 gionem
