1888 3428
14 209 19 212 .
203 134 644 213 GoTTHICOAE
686 130 1088 197 H1sToR1AE
1129 135 1413 193 L12.1V.
1535 149 1649 210 453

43 237 177 275 mox
198 223 252 275 δε
286 235 431 275 retro
464 218 604 275 tulit.
647 219 813 274 Nunc
845 236 970 273 vero
1000 214 1152 292 quod
1181 216 1419 272 Romani
1451 236 1543 294 per
1561 235 1662 272 ne·
1728 213 1734 215 ⁴

43 301 362 380 gligentiam
391 318 756 379 peccaverant,
778 296 997 354 fortuna
1014 299 1264 352 correxit.
1278 338 1283 341 ,
1299 297 1446 352 Cum
1466 293 1660 356 Edeffae

43 382 290 439 inciderit
312 386 521 439 mentio
543 426 555 446 ‚
591 386 807 437 reticere
827 401 940 436 non
961 375 1170 455 possum
1193 390 1222 445 ,’
1242 378 1392 456 quod
1409 378 1484 434 ibi
1507 384 1662 436 ante-

43 485 210 543 quam
241 463 348 521 hoc
379 463 579 522 bellum
601 467 829 520 oriretur
849 502 864 522 ,
900 461 1174 517 ostentum
1195 477 1461 515 evenerat.
1511 461 1657 518 Nam

44 567 170 603 cum
192 544 426 602 Chosroi
446 544 783 625 propositum
805 539 932 600 ess'et
952 562 1199 621 rumpere
1220 540 1460 598 inducias
1479 581 1496 607 ,
1540 563 1659 618 quae

43 627 121 685 ob
144 626 390 706 praefiniti
412 630 672 707 temporis
707 625 1111 706 longitudinem
1146 621 1370 681 infinitae
1403 622 1659 680 diceban-

42 726 163 777 tur,
207 714 398 767 mulier
416 732 476 767 ea
502 714 556 766 in
579 709 708 765 urbe
728 729 942 787 partum
972 706 1170 772 edidit,
1205 723 1391 764 caetera
1411 705 1658 762 humanae

43 790 261 872 figurae,
301 791 388 849 sed
410 792 683 870 bicipitem
709 831 724 857 ,
752 793 838 847 cui
860 790 1112 869 prodigio
1145 810 1225 845 res
1246 786 1433 847 secutae
1455 786 1573 844 satis
1604 808 1662 843 a·

45 894 254 952 pettam
297 876 800 953 interpretationem
848 872 1133 929 dederunt.
1186 872 1331 928 Nam
1383 876 1435 927 δε
1472 866 1660 926 Edeffa

45 964 101 1015 &
140 961 317 1013 oriens
355 958 537 1013 omnis
568 997 585 1023 ‚
634 958 866 1012 maxima
905 974 1156 1032 praeterea
1187 954 1428 1013 Romani
1476 957 1662 1031 Impe-

14 1046 25 1049 ‘⁷
43 1041 107 1097 rii
130 1059 281 1116 parS,
327 1042 467 1095 inter
504 1036 666 1094 binos
698 1059 848 1117 reges
885 1038 1148 1094 decertata
1179 1035 1272 1091 est.
1318 1037 1446 1092 Hoc
1478 1035 1542 1093 de
1582 1035 1661 1090 E·-

43 1117 181 1178 defla
200 1119 379 1177 obiter
414 1120 660 1178 dixerim.
707 1142 850 1178 nunc
886 1119 950 1176 ad
972 1118 1278 1181 institutum
1318 1139 1404 1173 me
1436 1120 1657 1196 recipio.
1726 1134 1736 1147 ²

47 1205 197 1260 Cum
229 1203 526 1260 Medorum
561 1207 655 1281 qui
690 1206 745 1259 in
780 1206 1196 1281 oppugnatione
1231 1198 1572 1257 versabantur
1596 1199 1662 1257 ad

43 1306 171 1342 eum
191 1306 355 1364 quem
388 1290 592 1341 narravi
631 1286 862 1341 modum
887 1281 1277 1348 turbativeffent
1299 1323 1315 1348 ‚
1353 1286 1448 1360 qui
1468 1303 1662 1340 eorum

45 1388 191 1445 pone
225 1385 373 1424 erant
395 1408 412 1434 ,
449 1367 741 1445 conspecto
774 1368 1018 1424 tumultu
1046 1370 1195 1440 cujus
1214 1362 1419 1422 caulam
1441 1368 1666 1445 ignora-

45 1448 179 1508 bant
194 1490 208 1511 ,
244 1446 526 1507 formidini
547 1453 780 1528 primum
799 1490 815 1516 ‚
861 1449 1052 1506 deinde
1072 1449 1248 1505 ablato
1270 1447 1499 1525 pudore,
1519 1444 1663 1526 fugae

44 1532 406 1610 implicantur.
450 1530 678 1589 Pervafit
702 1549 878 1588 metus
900 1531 962 1587 ad
981 1532 1328 1597 Dolomita3‚
1358 1534 1453 1609 qui
1481 1534 1534 1586 in
1554 1529 1666 1585 edi-

46 1631 112 1671 to·
129 1633 435 1693 pugnantes
458 1615 650 1670 cunsta
669 1612 1046 1692 despectabant
1069 1654 1085 1679 ‚
1122 1631 1180 1668 ut
1201 1611 1293 1690 ipsi
1315 1633 1537 1691 quo-que
1558 1629 1667 1668 tur-

44 1699 185 1775 piter
207 1695 475 1775 fugerent.
522 1698 654 1752 clara
687 1695 795 1751 haec
829 1698 1095 1752 Romanis
1131 1695 1353 1771 victoria
1374 1734 1393 1764 ‚
1419 1694 1667 1750 Barbaris

46 1776 185 1854 caefis
219 1779 280 1835 ad
317 1796 553 1856 quatuor
590 1779 786 1840 millia,
823 1778 1025 1834 ducum
1057 1774 1264 1838 tribus,
1305 1779 1472 1854 captis
1504 1774 1665 1855 signis

46 1858 266 1918 Persicis
285 1879 522 1939 quatuor
545 1901 561 1927 ‚
594 1882 710 1938 quae
728 1863 1051 1938 Byzantium
1076 1856 1219 1916 missa
1239 1856 1380 1915 sunt.
1423 1860 1565 1937 Equi
1583 1858 1667 1915 di·-

47 1961 242 2003 cuntur
272 1941 472 2022 periiffe
515 1942 655 1998 haud
678 1946 857 2000 minus
892 1945 1052 1998 vicies
1075 1943 1252 2007 mille,
1294 1962 1406 1998 non
1426 1940 1665 1997 hostium

46 2023 309 2082 conflictu
333 2022 675 2082 miffilibusve
698 2067 713 2092 ,
745 2024 830 2082 sed
863 2025 1034 2104 longo
1070 2028 1259 2080 itinere
1295 2030 1350 2080 δέ
1386 2026 1538 2080 tenui
1573 2044 1666 2102 per

44 2110 290 2165 Lazicam
313 2148 330 2175 ‚
365 2110 710 2185 multumque
730 2111 868 2164 iutra
887 2105 1176 2164 satietatem
1200 2104 1403 2184 pabulo
1422 2146 1436 2171 ,
1473 2110 1666 2184 pariter

45 2188 348 2247 lassitudine
374 2191 661 2268 inediaque
703 2188 1006 2247 exhaustos.
1050 2191 1160 2249 Hic
1182 2207 1410 2245 conatus
1440 2186 1668 2244 infelici-

8 2299 11 2301 ’
46 2290 126 2329 ter
154 2294 277 2329 cum
314 2269 534 2329 cessisset
556 2311 571 2332 ‚
609 2272 951 2329 Mermeroes
985 2293 1109 2328 cum
1131 2275 1367 2328 exercitu
1389 2270 1670 2327 Muchire-

47 2351 124 2411 fin
145 2354 277 2411 abit.
321 2376 634 2434 quanquam
671 2357 814 2411 enim
847 2354 913 2410 a'o
940 2353 1290 2431 Archaeopoli
1321 2352 1452 2409 urbe
1472 2353 1669 2427 dejecti

51 2436 212 2494 Persae
231 2477 248 2502 ‚
286 2438 538 2516 pleraque
560 2436 730 2493 adhuc
748 2440 949 2495 Lazicae
978 2437 1323 2493 obtinebant.
1370 2433 1536 2492 Abest
1557 2440 1670 2491 Ar«-

50 2517 310 2597 chaeopoli
340 2517 656 2576 Muchiresis
673 2519 777 2576 diei
799 2522 988 2576 itinere
1011 2561 1027 2586 ,
1064 2521 1249 2579 multis
1267 2520 1544 2596 plenisque
1563 2516 1670 2573 ho-

50 2604 263 2658 minum
295 2603 423 2657 vicis
460 2600 693 2657 habitata
714 2605 898 2680 regiO,
951 2601 1324 2659 &Colchidis
1358 2622 1474 2678 pars
1501 2601 1668 2678 longe

53 2686 260 2759 optima
280 2724 296 2750 ‚
331 2685 534 2762 quippe
554 2689 608 2740 &
633 2687 740 2740 vini
767 2682 911 2740 ferax
929 2689 981 2740 &
1000 2705 1295 2763 pomorum
1313 2723 1334 2749 ‚,
1358 2681 1558 2760 quibus
1576 2683 1671 2737 de-

51 2760 289 2821 stituitur
319 2768 509 2824 Lazica
543 2784 741 2823 caetera.
791 2769 994 2823 Amnis
1022 2766 1154 2823 hanc
1186 2768 1465 2843 regionem
1488 2764 1671 2842 pre-ela-

53 2842 235 2914 bitur,
269 2847 468 2903 Rheon
504 2851 733 2904 nomine
754 2889 769 2913 ,
810 2869 922 2925 quo
954 2846 1381 2907 lococastellum
1406 2852 1517 2922 jam
1539 2848 1671 2899 olim

53 2923 352 2988 struxerant
374 2928 570 2987 Colchi
592 2952 605 2988 :
641 2929 727 2988 sed
745 2929 845 3009 ipsi.
863 2929 1045 3011 postea
1062 2933 1351 2990 maximam
1375 2945 1578 3009 partem
1600 2925 1677 2979 di-

948 3013 987 3071 F
1009 3011 1038 3068 f
1071 3036 1093 3091 3
1433 3026 1676 3075 ruerunt,
