1888 3428
260 185 372 259 148
576 187 977 242 PRocoPu
1033 184 1574 240 CAESAREENSIS

252 285 385 323 vero
405 261 616 344 insuper
637 268 819 323 Siciliae
835 262 1155 344 Lilybaeum‚
1175 260 1383 340 pridem
1404 260 1678 320 Gotthicae
1693 259 1862 322 ditio}

249 349 356 414 ηις,
376 346 618 424 abripere
642 347 806 404 nobis
825 350 902 404 vis
915 388 932 415 ‚
947 352 1266 424 Imperator,
1285 365 1474 422 rupem
1494 364 1658 400 unam
1675 385 1692 411 ‚
1713 347 1858 402 nullo

248 431 308 486 in
327 432 503 507 pretio
523 427 837 486 censendam
859 452 872 484 :
896 440 1059 506 quam
1077 446 1292 506 aequum
1311 422 1483 481 fuerat
1502 466 1519 492 ,
1537 423 1573 481 fi
1591 429 1671 482 tui
1688 422 1866 484 fuiffet

247 513 496 589 imperii,
533 510 842 568 Atalaricho
879 510 971 566 abs
989 529 1041 567 te
1059 508 1168 566 dari
1188 548 1205 574 ,
1243 527 1341 585 pro
1361 503 1552 563 officiis
1570 527 1687 585 quae
1706 505 1866 566 vobis

248 589 376 649 fecit
405 611 655 670 tempore
692 591 865 649 vestro
901 596 1131 648 maxime
1165 585 1468 646 necessario.
1524 590 1658 646 Haec
1693 591 1864 667 palam

245 671 447 753 scripsit
480 678 796 751 Imperatori
827 671 1230 731 Amalasuntha.
1271 673 1328 727 in
1362 691 1555 727 arcano
1592 671 1793 727 Italiam
1814 668 1877 727 se«

247 777 474 813 omnem
497 753 740 834 promisit
759 757 807 811 ei
828 760 882 812 in
908 776 1098 812 manus
1119 754 1374 811 daturam.
1421 755 1610 832 Legati
1631 794 1647 821 ,
1678 770 1739 808 ut
1756 755 1867 831 By-

248 841 489 894 zantium
526 855 779 894 venerant
798 878 813 900 ‚
842 838 1113 893 intelleffm.
1149 833 1243 891 fibi
1270 835 1335 892 ad
1357 838 1697 911 Imperatoris
1717 839 1866 901 noti-

244 923 374 975 tiam
395 922 727 998 pertulerunt
747 959 762 986 ‚
783 919 1086 975 Alexander
1104 914 1622 996 quaeffAmalasuntha
1643 916 1867 974 manda-'z

206 1022 209 1024 ·
248 1019 396 1060 verat
416 1044 428 1064 ,
467 1003 783 1057 Demetrius
802 1007 855 1058 &
874 1001 1141 1077 Hypatius
1162 1019 1276 1078 quae
1292 1021 1354 1055 ex
1373 997 1667 1056 Theudato
1688 998 1878 1055 audie-·

244 1101 395 1139 rant:
416 1081 788 1161 addebantque
809 1080 861 1138 hi
880 1124 896 1150 ‚
923 1084 1214 1139 maximam
1233 1085 1286 1136 in
1308 1077 1540 1136 Thuscia
1560 1078 1659 1137 effe
1674 1080 1866 1137 Theu-

248 1165 355 1222 dafi
373 1166 693 1240 potentiam,
717 1184 873 1242 agros
897 1164 960 1219 ab
980 1184 1047 1220 eo
1068 1166 1236 1219 teneri
1256 1165 1513 1240 plurimos
1535 1201 1550 1226 ‚
1573 1164 1647 1218 ita
1670 1179 1728 1218 ut
1746 1180 1888 1240 quae.

249 1265 471 1323 cuperet
491 1242 679 1301 effetffta
698 1245 819 1300 dare
846 1247 893 1300 ei
913 1248 967 1300 in
988 1242 1125 1300 facili
1145 1241 1288 1300 effet.
1334 1247 1511 1300 Laetus
1527 1242 1608 1298 his
1625 1249 1878 1328 Impera-,3

247 1344 359 1393 tor,
380 1328 547 1382 mittit
563 1329 618 1381 in
638 1327 843 1382 Italiam
865 1330 1108 1391 Petrum,
1130 1325 1541 1403 ortuqlllyricum
1561 1346 1623 1383 ex
1641 1323 1867 1383 Theffa-

246 1409 428 1464 Ionica
446 1451 459 1473 ‚
495 1428 560 1463 ex
597 1425 879 1464 oratorum
908 1410 1151 1486 Byzantii
1169 1405 1360 1463 ordine
1379 1447 1396 1473 ,
1431 1427 1624 1486 magna
1641 1404 1868 1465 sollertia

247 1488 534 1546 hominem
555 1528 572 1554 ‚
595 1490 812 1546 lenitate
830 1510 944 1546 non
959 1491 1185 1549 minori,
1209 1495 1262 1546 &
1286 1486 1590 1568 persuadere
1611 1510 1728 1568 quae
1749 1490 1868 1549 vel-·

248 1571 326 1628 let
358 1568 643 1628 efficacem.
703 1573 836 1629 Haec
876 1573 1007 1628 dum
1041 1590 1274 1650 aguntur
1294 1611 1311 1637 ‚
1343 1591 1406 1626 ex
1439 1568 1671 1626 Thuscia
1709 1572 1869 1630 multi

247 1651 603 1708 Theudatum
635 1652 775 1729 apud
806 1648 1242 1709 Amalasuntham
1275 1650 1516 1707 accusant
1536 1692 1553 1718 ,
1583 1654 1733 1731 quod
1755 1673 1870 1736 νιρι

188 1795 191 1797 ,
247 1736 307 1791 in
329 1753 522 1789 omnes
541 1729 782 1799 inferret,
800 1732 1059 1812 nullisque
1078 1734 1142 1789 de
1158 1731 1319 1788 causis
1334 1754 1489 1812 agros
1507 1753 1731 1811 raperet,
1746 1737 1866 1792 tum

252 1812 602 1894 poffess'orum
626 1856 642 1882 ,
675 1834 795 1870 tum
830 1813 989 1893 ipfius
1021 1814 1219 1871 domus
1248 1817 1402 1893 regiae
1419 1822 1583 1892 quam
1602 1820 1868 1893 patrimo-

251 1900 410 1953 nium
429 1896 533 1953 dici
556 1917 674 1953 mos
692 1895 866 1952 habet.
909 1896 984 1952 ob
1011 1895 1118 1953 haec
1154 1915 1408 1952 vocatum
1427 1900 1480 1952 in
1499 1903 1587 1972 jus
1605 1889 1888 1956 Theuda-⁴

253 1997 374 2035 tum
393 1975 919 2056 manifestiffimaque
938 1977 1258 2054 probatione
1277 1977 1343 2033 ab
1361 1979 1879 2057 arguentibuscon->·¹

253 2060 462 2115 vistum
477 2099 494 2126 ,
532 2057 804 2117 restituere
839 2064 1016 2139 coegit
1051 2080 1166 2138 quae
1188 2080 1280 2138 per
1296 2063 1541 2134 injuriam
1563 2059 1866 2128 abstulerat,

253 2158 416 2219 atque
437 2162 563 2196 eum
584 2162 705 2197 cum
726 2139 989 2198 dimisisset
1005 2182 1019 2207 ‚
1042 2162 1260 2220 gravem
1277 2143 1331 2197 in
1353 2146 1463 2216 ejus
1481 2146 1665 2199 animo
1685 2140 1865 2200 offen-

255 2221 465 2279 sionem
487 2225 718 2301 reliquit,
735 2221 1030 2301 mansitque
1051 2226 1096 2279 ei
1115 2222 1330 2289 discor5‚
1350 2223 1638 2301 cupiditate
1659 2228 1714 2280 in
1731 2228 1863 2284 iram

256 2302 498 2365 accenso,
521 2324 580 2360 ut
597 2308 688 2381 qui
712 2302 926 2382 speratis
944 2306 1181 2362 excidere
1203 2308 1438 2384 cogique
1456 2327 1571 2362 non
1589 2303 1863 2364 didiciffeta

258 2386 374 2442 Sub
407 2386 549 2442 idem
579 2404 801 2464 tempus
838 2384 1017 2443 adesus
1048 2385 1246 2442 morbo
1268 2386 1603 2444 Atalarichus
1621 2390 1863 2447 mortali-

255 2485 427 2524 tatem
447 2469 678 2545 explevit
697 2509 713 2533 ,
748 2467 942 2546 adepto
965 2471 1192 2547 imperio
1210 2468 1341 2529 oeto
1368 2489 1462 2547 per
1479 2490 1649 2526 annos
1680 2467 1864 2549 super-v
1887 2520 1888 2528 ,

253 2548 383 2606 stes·
421 2554 498 2604 At
517 2548 895 2606 Amalasuntha
914 2556 1113 2630 (quam
1135 2548 1250 2608 fato
1277 2551 1412 2606 mala
1431 2550 1746 2623 manebant)
1766 2570 1864 2610 nec
1885 2555 1888 2614 ἐ

256 2633 540 2708 ingenium
580 2629 855 2690 Theudati
896 2632 1201 2709 expendens
1220 2673 1236 2699 ‚
1268 2653 1369 2688 nec
1389 2653 1505 2712 quae
1535 2631 1640 2710 ipsa
1659 2636 1715 2690 in
1734 2634 1888 2708 eum}

256 2733 431 2787 nuper
449 2710 644 2768 fecerat
662 2753 679 2779 ,
713 2712 841 2769 nihil
873 2712 922 2769 se
956 2713 1020 2770 ab
1051 2712 1166 2793 ipso
1185 2711 1439 2791 paffuram
1458 2716 1581 2773 mali
1601 2714 1826 2773 credidit
1841 2747 1862 2783 5
1884 2710 1888 2730 ²

256 2791 296 2849 fi
317 2799 518 2864 majore
554 2814 680 2849 eum
702 2792 1370 2853 beneficiomuneraretur.
1415 2800 1688 2855 Vocaturn
1707 2796 1772 2853 ad
1787 2794 1860 2865 se,

254 2891 320 2931 ut
342 2881 508 2941 venit,
527 2873 757 2954 aggreffa
775 2875 1269 2957 blanditii8,pridem
1290 2877 1574 2959 praesagiffe
1597 2877 1647 2937 se
1667 2881 1738 2935 ait
1755 2881 1861 2936 im-

252 2958 552 3018 minentem
585 2956 700 3016 filio
733 2961 941 3018 exitum
959 2998 977 3029 ,
1010 2976 1130 3025 tum
1158 2960 1360 3037 judicio
1382 2958 1859 3098 medicorumstalia

1630 3061 1705 3100 no
1729 3058 1855 3100 cen-
