1888 3428
249 166 373 248 378
569 169 958 225 Pnocopn
1002 162 1549 223 CAEsAREENsts

188 242 191 243 ⁷
245 253 478 307 mittunt
494 287 511 316 ‚
542 267 745 328 perque
761 269 854 305 eos
873 248 1194 307 denuntiant
1210 245 1262 302 se
1278 287 1295 314 ,
1318 246 1414 303 nifi
1431 247 1601 326 'culpae
1618 249 1732 322 ejus
1745 248 1848 307 ob-

245 334 512 390 livionem
531 371 547 394 ‚
567 337 620 388 &
638 351 757 414 quae
773 330 892 411 ipsis
910 331 939 387 ὲ
956 328 1085 386 fisco
1103 348 1202 386 aera
1220 327 1562 386 debebantur
1579 371 1594 397 ‚
1615 327 1849 408 praefini-

244 431 366 472 tum
383 416 520 471 intra
539 432 752 493 tempus
771 417 1028 494 accipiant
1047 453 1063 479 ,
1093 408 1378 468 confestim
1397 410 1627 469 Gotthis
1645 432 1703 468 ac
1721 412 1848 469 To-

243 497 348 556 tilae
369 494 675 555 accessuros.
715 499 834 555 Nec
853 496 1137 554 cunfflatus
1151 492 1225 550 est
1251 499 1551 574 Imperator
1576 511 1685 551 rata
1703 491 1848 551 face-

243 600 300 637 re
317 601 433 659 quae
453 580 792 658 petebantur.
836 583 914 636 At
926 574 1201 635 Belisarius
1219 576 1483 636 advocato
1499 577 1846 655 Hydruntem

240 661 485 719 Iohanne
504 704 520 728 ,
557 683 680 718 cum
699 660 812 740 ipso
829 663 1228 738 Valerianoque
1248 665 1302 717 &
1321 657 1549 716 ducibus
1568 660 1679 715 aliis
1694 698 1711 723 ‚
1750 679 1848 716 na·

184 810 188 814 ,
242 741 404 802 vibus
440 742 733 800 conscensis
751 785 767 811 ,
806 744 947 801 re6'ta
971 739 1177 801 Rusciae
1197 740 1466 799 castellum
1498 738 1674 797 versus
1694 744 1848 798 navi-

242 844 355 906 gat.
390 831 484 905 qui
515 830 571 883 in
590 823 797 884 castello
817 844 964 884 erant
984 866 1001 893 ,
1043 823 1167 881 inde
1189 866 1203 887 ,
1239 842 1298 881 ut
1317 822 1557 880 sublimis
1571 821 1644 879 est
1662 825 1844 891 locuS,

242 906 527 987 conspe&a
547 907 693 964 claffe
712 949 728 974 ‚
766 928 1074 988 quanquam
1091 905 1232 963 dieta
1249 906 1360 963 dies
1378 908 1685 963 immineret
1703 947 1718 969 ,
1751 904 1847 963 de-

241 990 507 1047 ditionem
528 987 921 1048 eonstituerunt
949 1011 1065 1048 non
1087 985 1279 1046 facere.
1319 992 1401 1046 At
1418 1009 1579 1047 naves
1596 985 1726 1045 saeva
1751 1008 1846 1043 ex-

243 1090 364 1129 orta
380 1072 686 1153 tempestate
720 1077 802 1143 (&
821 1072 894 1129 est
914 1069 1310 1150 importuosum
1331 1072 1460 1128 illud
1478 1075 1650 1141 mare)
1683 1069 1847 1145 disje-

161 1200 163 1202 .
241 1155 339 1210 6³:ae
358 1155 654 1233 proculque
674 1154 739 1210 ab
771 1155 883 1211 aliis
909 1150 1085 1231 sparsae
1105 1152 1246 1210 sunt.
1286 1157 1449 1232 AEgre
1467 1156 1523 1209 in
1543 1154 1847 1209 Crotonia-

240 1252 416 1293 tarum
438 1254 655 1315 portum
675 1237 972 1293 recollevstae·
986 1275 1001 1295 ‚
1030 1238 1129 1291 iter
1145 1232 1396 1292 Rusciam
1415 1251 1683 1313 repetunt.
1702 1255 1846 1313 quos

238 1335 303 1375 ut
320 1321 814 1397 appropinquantes
832 1318 1008 1374 videre
1025 1316 1266 1384 barbari,
1297 1319 1353 1374 in
1371 1338 1543 1395 equos
1560 1314 1848 1373 insilientes

241 1400 306 1458 ad
331 1403 482 1458 littus
518 1420 613 1479 pro
623 1418 804 1477 perant
840 1441 855 1465 ,
895 1418 953 1456 ut
985 1396 1289 1457 exscensum
1323 1398 1643 1479 prohibeant
1672 1396 1848 1456 hosti-

239 1480 367 1552 bus,
408 1483 625 1539 Totilas
661 1485 717 1538 in
750 1480 866 1561 ipso
898 1484 1079 1539 littore
1113 1501 1380 1561 quantum
1400 1484 1579 1560 potuit
1597 1477 1721 1538 suos
1737 1480 1845 1538 ho-

239 1563 401 1621 stium
420 1563 668 1644 opposuit
688 1567 859 1644 proris
879 1607 893 1630 ,
941 1567 1074 1621 alios
1092 1585 1214 1621 cum
1233 1564 1389 1621 hastis
1403 1606 1420 1633 ,
1441 1568 1572 1623 alios
1590 1561 1748 1631 tensis
1767 1584 1846 1620 ar-

241 1646 434 1704 cubus,
475 1650 700 1703 Terruit
721 1669 781 1703 ea
800 1667 881 1702 res
913 1649 1198 1703 Romanos
1216 1689 1232 1715 ‚
1271 1651 1341 1704 ita
1358 1665 1418 1703 ut
1445 1650 1503 1704 in
1532 1664 1726 1703 terram
1748 1645 1846 1703 de-

238 1726 485 1786 scendere
517 1750 632 1785 non
666 1728 940 1785 auderent.
971 1727 1056 1785 sed
1075 1733 1251 1806 primo
1286 1727 1511 1807 quidem
1540 1725 1844 1807 retrogreffi
1886 1762 1888 1764 ·

238 1813 296 1867 in
314 1811 560 1868 anchoris
574 1810 941 1867 constiterunt.
988 1832 1117 1866 mox
1140 1808 1410 1888 desperato
1430 1806 1675 1866 exscensu
1693 1851 1711 1876 ‚
1757 1830 1845 1866 re-

239 1898 342 1950 mis
359 1893 603 1951 inhibitis
624 1934 639 1959 ‚
658 1913 799 1949 retro
821 1892 885 1948 ad
904 1894 1350 1950 Crotoniatarum
1372 1910 1594 1971 portum
1613 1895 1736 1948 iere.
1764 1891 1843 1949 ibi

237 1979 296 2035 in
329 1976 567 2032 medium
596 1974 1018 2032 consultantibus
1040 1971 1208 2032 visum
1227 1978 1500 2054 optimum
1519 1970 1664 2030 fafitu
1681 2015 1697 2041 ‚
1732 1975 1841 2030 Be-

235 2055 467 2115 lisarium
483 2058 721 2114 Romam
740 2054 1034 2134 proficisci,
1051 2063 1103 2114 &
1124 2059 1229 2114 illic
1246 2074 1364 2114 turn
1385 2060 1478 2114 alia
1497 2076 1700 2124 curare,
1719 2074 1838 2114 tum

236 2143 618 2197 alimentorum
639 2140 1004 2194 invcffionem
1027 2161 1049 2202 ε,
1083 2138 1375 2197 Iohannem
1398 2157 1578 2195 autem
1610 2139 1840 2196 &Vale-

236 2225 447 2278 rianum
464 2220 781 2278 hominibus
814 2223 1149 2300 equisquein
1167 2241 1360 2278 terram
1391 2218 1643 2300 expositis
1660 2222 1716 2277 in
1744 2224 1839 2277 Pi-

236 2325 432 2361 cenum
463 2324 683 2382 pergere
708 2344 724 2370 ,
755 2303 1053 2360 turbandos
1086 2303 1149 2360 ad
1180 2302 1358 2360 hostes
1380 2343 1394 2365 ‚
1433 2305 1528 2381 qui
1561 2306 1837 2359 minorum

234 2389 338 2447 illic
355 2386 684 2465 oppidorum
707 2383 977 2442 obsidioni
996 2385 1342 2444 inhaerebant.
1385 2383 1453 2441 fic
1472 2388 1616 2441 enim
1635 2383 1702 2441 ab
1729 2383 1836 2442 ob-

234 2466 441 2525 sidione
459 2465 662 2525 Rusciae
678 2466 900 2524 abstrahi
929 2470 1170 2526 Totilam
1196 2465 1375 2547 posse,
1407 2465 1553 2545 spem
1576 2487 1836 2545 concepe-

233 2569 371 2608 rant.
411 2548 678 2606 Iohannes
712 2547 946 2606 assumtis
979 2552 1120 2606 mille
1137 2591 1153 2617 ‚
1190 2571 1305 2629 quae
1327 2548 1495 2625 juss'us
1523 2589 1539 2614 ‚
1573 2545 1718 2605 facit.
1754 2552 1834 2605 At

232 2634 554 2690 Valerianus
570 2634 865 2709 periculum
905 2636 1185 2689 exterritus
1219 2671 1236 2697 ‚
1273 2630 1499 2688 navibus
1522 2631 1717 2687 obiens
1746 2635 1833 2687 A-

233 2714 403 2771 driam
430 2755 446 2780 ,
486 2718 777 2770 Anconam
807 2712 999 2770 deinde
1019 2717 1173 2793 petit.
1207 2714 1326 2770 Hac
1345 2717 1490 2769 enim
1510 2717 1611 2770 iter
1638 2708 1833 2770 tutissi-

235 2818 392 2855 mum
407 2794 759 2853 arbitrabatur
774 2798 828 2851 in
850 2798 1122 2857 Picenum,
1135 2796 1209 2852 ibi
1227 2793 1274 2852 se
1295 2817 1421 2852 cum>
1442 2795 1681 2852 Iohanne
1697 2815 1832 2851 con-

227 2880 528 2954 junffcuru—s.
586 2880 794 2936 Verum
819 2878 1049 2934 <Totins
1083 2877 1149 2935 ab
1178 2876 1458 2936 obsidione
1493 2874 1730 2935 desistere
1763 2897 1830 2932 ne

234 2961 311 3020 ob
330 2960 437 3022 haec
453 2953 675 3040 quidem
694 2960 865 3021 voluit
885 2981 898 3016 ε
918 2958 1001 3019 sed
1019 2959 1123 3039 ipse
1142 2963 1197 3018 in
1212 2959 1385 3018 castris
1404 2980 1643 3029 manem,
1661 2959 1829 3094 lec‘tgs

1705 3058 1759 3096 m
1802 3057 1832 3094 e
