1888 3428
243 179 353 257 '3522
554 173 938 233 PRoeoPu
986 165 1526 231 CAESAREENsrs‘
1660 246 1663 248 q
1727 225 1733 227 ,

237 258 456 339 quibus‘
481 257 555 315 'ad
589 275 859 336 utrunque
905 253 1145 312 fluminis
1177 256 1314 310 latus
1362 250 1602 312 custodia
1638 252 1832 316 eatena?

240 340 491 398 mandata
525 357 636 396 erat
652 380 669 407 ‚
711 360 874 417 quam
899 358 1014 394 non
1036 336 1212 394 multo
1235 353 1356 393 ante
1387 335 1414 393 a
1437 341 1549 414 ripa
1570 332 1632 395 ad
1666 332 1835 414 ripam

238 423 550 481 extenderat
567 419 780 478 Totilas
800 462 817 488 ,
846 441 913 476 ne
932 420 994 476 ad
1013 436 1237 497 pontem
1258 415 1421 498 usque
1438 418 1719 498 pervadere
1733 418 1839 475 h'o-
1854 474 1878 478 a

236 503 341 563 stes
375 501 595 584 poffent.
624 503 907 560 custodum
928 499 1315 575 multisloccifis
1343 501 1577 558 telorum
1595 501 1796 574 injectu
1822 540 1835 560 ‚

236 585 439 665 fugatis
456 588 657 642 caeteris
676 627 694 652 ‚
727 580 984 642 subdu&
1002 589 1186 640 catena
1203 622 1219 648 ,
1244 588 1356 658 jam
1382 582 1452 646 ad
1466 600 1697 666 pontem
1716 602 1840 661 per-

236 669 438 749 gebant
456 670 713 728 Romani.
756 667 840 722 Eo
861 665 953 721 ubi
975 679 1325 744 pervenerant
1345 703 1363 729 ‚
1396 667 1506 722 vim
1525 664 1841 725 admovent,

237 770 416 828 neque
446 747 656 828 segnius
675 748 756 805 de*
771 747 1007 821 turribus
1042 745 1091 803 se
1121 765 1366 804 tutantur
1383 746 1611 803 barbari.
1654 747 1727 802 Et
1755 762 1757 765 ·
1788 744 1855 802 αἴ
1881 797 1884 800 ,

238 835 297 889 in
314 832 490 889 castris
507 848 656 888 erant
679 869 696 895 ,
727 831 965 887 tumultu
987 832 1142 885 exciti
1162 870 1180 895 ‚
1198 825 1349 885 cursu
1370 828 1563 887 eodem
1581 826 1630 885 se
1650 768 1843 885 codie-

237 921 380 972 runt.
424 916 575 970 Tum
598 916 861 969 onerarias
886 932 1043 968 naves
1057 908 1329 979 Belisarius
1347 951 1363 977 ,
1384 910 1586 989 quibus
1603 908 1709 988 ipse
1727 908 1844 966 sua's

239 997 503 1054 indiderat
526 1013 698 1052 turres
717 1034 733 1061 ,
776 997 1019 1072 proxime
1043 992 1345 1072 provehens
1375 994 1440 1051 ad
1469 992 1704 1049 hostium
1729 1010 1845 1048 tur-

240 1084 382 1136 rium
407 1081 622 1136 alteram
644 1117 660 1143 ,
694 1097 810 1154 quae
829 1080 885 1131 in
918 1073 1199 1131 portuensi
1231 1078 1312 1130 via
1343 1075 1408 1152 ad
1426 1096 1619 1153 aquam
1652 1071 1844 1140 stabat5

233 1159 382 1236 jusfit
401 1159 640 1238 scapham
660 1198 674 1218 ‚
707 1154 1095 1213 inflammatam
1119 1158 1261 1234 prius
1277 1197 1293 1222 ,
1327 1160 1382 1212 in
1401 1169 1518 1212 eam
1537 1158 1729 1215 turrim
1750 1155 1847 1212 dse-

232 1246 349 1318 jici.
393 1241 590 1319 Scapha
611 1240 830 1304 turrim,
859 1236 1010 1294 fimul
1030 1236 1199 1315 illapsa
1219 1237 1292 1294 est
1311 1276 1327 1302 ,
1347 1238 1618 1304 incendit,
1642 1245 1694 1294 &
1717 1237 1846 1294 curn

240 1322 655 1403 superstantibus
685 1318 946 1386 GotthiS‚
992 1318 1235 1398 ducentis
1268 1318 1564 1376 admodum
1585 1360 1603 1385 ‚
1635 1315 1848 1389 exuffit‘a

237 1409 405 1464 Periit
424 1408 561 1462 inter
581 1424 675 1461 eos
692 1405 735 1459 is
751 1404 844 1481 qui
863 1399 1093 1458 Gotthis
1108 1419 1320 1478 praeerat
1337 1442 1354 1469 ‚
1388 1403 1469 1458 vir
1487 1397 1674 1458 bellica
1691 1400 1869 1466 laude„

236 1493 298 1546 in
315 1511 375 1548 ea
404 1506 565 1568 gente
588 1482 1053 1565 praestantissimus·
1095 1484 1225 1539 Hoc
1246 1480 1473 1541 successu
1503 1479 1850 1541 audentiores

241 1573 480 1630 Romani
515 1590 608 1626 eos
643 1572 732 1644 qui
772 1588 836 1624 ex
871 1566 1046 1623 castris
1083 1568 1413 1643 opitulatum
1448 1561 1553 1623 sui&
1589 1560 1850 1644 venerant

240 1654 496 1711 barbaros
533 1648 811 1707 miffilibus
842 1651 1016 1706 multo
1058 1669 1222 1725 quam
1261 1667 1383 1705 ante
1416 1651 1585 1705 acrius
1630 1646 1850 1705 infesta-

240 1736 373 1793 bant
397 1776 412 1802 ,
443 1734 618 1791 donec
637 1733 708 1787 illi
726 1729 1036 1787 vulneribus
1054 1727 1305 1806 malisque
1332 1726 1440 1786 feffi
1459 1748 1722 1786 verterent
1740 1737 1851 1785 ter-

243 1833 334 1899 ga,
351 1824 405 1875 &
426 1833 530 1894 qua
550 1815 778 1891 quisque
809 1830 1058 1889 poterant
1076 1851 1092 1878 ,
1128 1808 1314 1890 fugam
1335 1811 1693 1868 intenderent.
1738 1816 1850 1867 Iam

245 1914 472 1980 'pontem
494 1899 782 1974 attigerant
799 1895 1068 1959 Romani,
1105 1914 1282 1970 eoque
1301 1911 1558 1971 corrupto
1579 1891 1855 1971 processu-

247 1986 291 2038 ri
326 1983 460 2038 ultra
494 1996 643 2034 erant
671 1977 910 2031 Romam
944 1972 1142 2053 usque,
1179 1973 1446 2032 obstituro
1469 1978 1704 2030 nemine.
1749 1973 1851 2030 Sed

247 2062 465 2143 quando
487 2058 705 2116 fortuna
721 2059 822 2112 alio
843 2055 890 2113 se
908 2056 1092 2112 datura
1118 2076 1225 2113 erat
1243 2098 1258 2122 ‚
1295 2054 1471 2113 nescio
1493 2057 1851 2129 cujus'numi‘-

248 2151 330 2203 nis
358 2143 556 2201 invidia
592 2161 671 2196 res
702 2141 1083 2195 Romanorum
1117 2140 1173 2194 in
1206 2160 1329 2194 eum
1351 2154 1516 2217 quem·
1536 2139 1706 2196 dicam
1724 2149 1853 2194 'mo'-

248 2230 379 2285 dum
401 2223 647 2304 perv‘ersae
677 2220 811 2278 sunt.
857 2223 991 2289 Quo
1013 2239 1258 2297 tempore
1279 2224 1417 2277 inter
1435 2221 1680 2277 adverso&
1699 2221 1853 2276 exer—

249 2312 387 2366 citus
407 2322 548 2386 ‚quae
571 2298 990 2375 jarn'memoravi
1013 2343 1030 2368 ,
1056 2301 1384 2382 agebantur,
1412 2305 1623 2382 ingenti
1643 2304 1854 2359 Roma-

250 2404 450 2448 norum
473 2388 614 2464 malo
635 2383 778 2465 fama
795 2390 989 2440 Portus
1019 2386 1074 2440 in
1093 2383 1356 2462 oppidum
1372 2388 1572 2463 perlata
1589 2385 1856 2463 vulgavits

251 2468 537 2530 amotam&
567 2466 791 2525 flumine
823 2477 1064 2522 catenam
1096 2467 1346 2523 Belisario
1368 2507 1383 2533 ‚
1419 2465 1576 2524 caesos
1594 2465 1854 2522 barbaros

252 2574 482 2635 quaeque
510 2551 591 2608 his
623 2547 939 2606 cohaerentia
970 2548 1144 2605 ‘dicere
1160 2552 1438 2625 oc'cupavi.
1481 2545 1673 2604 Isaaces
1693 2588 1709 2615 ‚
1743 2546 1855 2602 haec

251 2637 349 2694 ubi
364 2636 598 2693 audierat
616 2673 632 2700 ‚
654 2633 878 2687 retinere
898 2628 944 2686 se
964 2651 1077 2686 non
1098 2631 1234 2686 uitra
1253 2633 1428 2688 valens
1455 2670 1471 2695 ‚
1505 2644 1706 2708 partem
1727 2630 1876 2706 gio-'⁴

252 2723 339 2777 riae
371 2720 596 2794 arripere
628 2711 945 2793 properabat
965 2753 981 2778 ‚
1024 2709 1312 2789 spretisque
1343 2708 1571 2768 Belisarii
1593 2712 1856 2768 mandatis

253 2804 389 2858 citus
405 2802 459 2856 in
474 2801 641 2874 ripam
662 2796 878 2850 alteram
899 2835 915 2860 ‚
949 2795 1002 2849 in
1022 2815 1127 2872 qua
1153 2794 1305 2851 Ostia
1322 2791 1414 2860 est,
1437 2793 1486 2850 se
1504 2798 1752 2872 proripit,
1775 2811 1858 2849 at-

252 2883 541 2960 traffisqu'e
560 2894 778 2935 centum
798 2876 1069 2955 equitibus
1089 2918 1105 2944 ,
1138 2880 1276 2955 'quos
1294 2875 1366 2931 ibi
1390 2875 1737 2932 constituerat
1749 2875 1856 2930 Be·-

254 2964 455 3025 lisarius‘
468 3005 487 3036 ‚
515 2959 672 3021 castra
687 2956 921 3017 hostium
944 2955 1091 3018 affilit
1105 2998 1120 3029 ,
1149 2957 1346 3039 quibus
1364 2957 1700 3018 Roderichus
1717 2968 1854 3035 prae-

1742 3050 1853 3094 ξΐέξέ
