1888 3428
82 190 177 229 an
218 166 328 225 Go
348 183 498 225 ττι-ι
518 184 554 222 o
576 183 599 222 s
641 166 1145 239 PERTIRNENTrs
1185 160 1426 218 L1B.'11.
1506 177 1611 239 555

5 251 178 333 equos
194 292 211 320 ,
248 256 304 307 &
322 249 594 307 contrario
616 261 773 324 capto
789 244 977 320 itinere
994 280 1012 308 ‚
1039 237 1444 318 insequentibus
1463 239 1621 300 fron-

7 354 120 394 tem
140 350 433 413 opponunt
449 329 635 395 obvii,
656 323 991 403 cunctosque
1009 324 1233 399 inopina
1251 327 1325 377 rei
1343 317 1477 380 facie
1498 345 1623 401 per-

6 420 220 476 territos
263 413 475 472 caedunt
521 411 857 486 truduntque
875 446 893 473 ,
938 404 1115 461 donec
1165 400 1393 461 viciffim
1430 402 1618 484 fugere

6 500 195 557 Franci
229 491 668 575 persequentibus
701 488 986 547 Romanis.
1030 485 1134 543 Sed
1171 484 1527 542 barbarorum
1558 508 1619 542 e-

8 584 185 660 quites
200 617 218 644 ,
255 578 531 634 intelle8m
554 573 789 654 periculo
808 610 827 637 ‚
858 569 923 643 ad
953 565 1131 627 silvam
1156 607 1173 634 ,
1203 566 1327 624 inde
1346 566 1409 623 ad
1428 571 1626 624 exerci-

7 680 128 720 tum
147 660 345 717 revecti
361 656 583 716 salutem
603 654 699 713 fibi
716 672 986 732 peperere.
1009 650 1098 708 Ad
1120 649 1324 729 pedites
1338 651 1484 727 turpi
1508 646 1624 706 fato

8 742 312 802 occubuere
332 782 349 808 ‚
382 763 450 799 ne
484 755 705 797 manum
725 733 946 814 quidem
968 752 1189 789 movere
1209 729 1333 789 ausi.
1377 730 1511 787 adeo
1531 752 1628 787 eos

9 825 183 885 subita
202 845 379 882 rerum
402 824 631 881 mutatio
662 814 1031 876 consternatos
1064 817 1209 877 velut
1245 830 1430 869 mente
1463 811 1628 870 orba-

11 925 178 966 verat.
221 905 462 977 jacebant
497 900 682 983 passim
702 900 848 959 velut
868 896 1080 956 suillum
1100 915 1189 954 aut
1221 896 1445 952 ovillum
1466 916 1629 974 pecus

12 989 148 1050 faede'
162 990 503 1046 lancinatum.
522 985 628 1041 His
646 979 962 1048 interfectis,
986 979 1120 1036 flore
1141 976 1253 1058 ipso
1268 980 1624 1043 Francorum,

13 1080 243 1130 numero
263 1070 326 1127 ad
361 1090 475 1126 non
493 1085 690 1148 gentos
710 1105 724 1127 ‚
762 1065 845 1121 alii
878 1066 1056 1143 gentis
1076 1071 1190 1135 ejus
1207 1064 1298 1139 qui
1318 1080 1411 1139 per
1428 1057 1632 1116 diversa

13 1156 133 1213 loca
157 1155 330 1233 vagati
348 1150 565 1209 fuerant
584 1191 600 1211 ‚
621 1148 797 1227 abi-ere
817 1146 880 1202 ad
899 1145 1061 1203 duces
1080 1143 1202 1201 suos
1218 1184 1234 1211 ‚
1265 1147 1506 1199 intutum
1528 1144 1628 1199 rati

13 1235 42 1295 a
56 1254 286 1316 corpore
301 1231 397 1291 suo
416 1233 615 1291 divelli.
653 1227 846 1286 Narses
864 1228 1181 1284 Ravennam
1195 1226 1352 1282 rediit
1373 1242 1533 1302 atque
1552 1223 1630 1280 ihi

14 1318 176 1376 rebus
197 1314 457 1375 ordinatis
475 1356 493 1385 ‚
522 1316 762 1373 Romam
785 1313 1016 1390 perrexit
1036 1308 1398 1388 hyememque
1417 1308 1472 1362 in
1493 1305 1635 1363 urbe·

15 1397 288 1480 transegit.
705 1428 708 1429 ν
1571 1390 1591 1401 ‘

234 1648 341 1698 EX
422 1645 771 1697 LIBRO
852 1639 1420 1690 SECVNDO.

262 1837 304 1868 ,ι
348 1813 369 1862 ζ
402 1802 475 1858 Er
492 1801 713 1866 inierat,
746 1793 869 1853 cum
889 1815 952 1851 ex
988 1795 1217 1873 imperio
1235 1793 1475 1851 Romam
1498 1813 1654 1852 cons

190 1886 200 1896 '
246 1897 264 1913 '
348 1905 371 1968 ,ss
408 1902 599 1941 venere
620 1881 821 1959 copiae:
855 1897 984 1956 quas
1019 1874 1210 1933 Narses
1243 1894 1303 1932 ut
1337 1876 1635 1953 plurimum·

404 1971 458 2023 in
477 1985 668 2043 campo
687 1959 963 2019 exercebat
984 1999 999 2024 ‚
1017 1955 1375 2036 firmabatque
1395 1959 1640 2014 animum

311 2042 385 2128 ’Ξ
410 2047 532 2106 belli
551 2045 984 2104 meditamentis:-
1018 2061 1162 2098 nunc
1181 2059 1389 2097 currere
1417 2039 1638 2114 jubenS‚

296 2125 319 2152 '⁰
413 2131 631 2187 nuncin
657 2147 828 2206 equos
862 2122 910 2183 se
929 2126 1143 2201 injicere
1170 2164 1186 2185 ,
1223 2121 1394 2179 modo
1432 2139 1636 2179 armata

27 2212 301 2273 saltatione
338 2214 584 2280 moveri,
611 2211 930 2288 plerumque
961 2205 1092 2263 tuba
1123 2206 1389 2263 Martium
1410 2220 1638 2266 canente

28 2294 483 2373 circumstrepi,ne
499 2314 591 2372 per
605 2289 829 2349 otiosam
845 2288 1095 2367 hyemem
1113 2289 1310 2345 militiae
1322 2286 1643 2352 obliti‚mox

29 2383 169 2441 inter
197 2378 429 2457 pericula
461 2375 646 2458 segnes
664 2373 713 2436 se
745 2371 1108 2430 ostenderent.
1151 2372 1372 2426 Interim
1406 2368 1646 2427 barbaris

32 2481 263 2521 vacuum
292 2456 431 2529 fuit,
464 2479 620 2539 agere
643 2498 658 2519 ,
691 2459 895 2535 raptare
938 2457 1190 2511 locorum
1219 2454 1471 2530 plurima..
1516 2452 1642 2508 Ro-

31 2563 179 2605 mam
198 2544 399 2622 quippe
418 2549 471 2601 &
486 2543 743 2620 contigua
769 2538 934 2617 longe
952 2531 1293 2615 praetergreffi
1307 2574 1324 2600 ‚
1358 2535 1492 2591 ultra
1512 2553 1643 2611 pro.-

36 2626 296 2683 cedebant
314 2665 331 2692 ‚
373 2625 620 2683 dextrum
645 2621 903 2682 habentes
923 2640 1066 2676 mare
1087 2615 1322 2675 inferum
1340 2660 1354 2681 ‚
1393 2632 1539 2694 parte
1559 2615 1643 2672 ale-

36 2725 145 2767 tera
160 2727 314 2764 oram
330 2709 432 2764 late
449 2703 692 2765 diffusam
709 2723 824 2782 quae
842 2697 1019 2759 infero
1037 2702 1232 2780 pelago
1247 2696 1642 2757 alluitur.Post-

40 2810 202 2868 quam
247 2792 524 2846 Samnium
544 2830 560 2857 ‚
594 2805 799 2845 nomen
830 2784 885 2842 id
915 2786 1127 2865 regioni
1162 2781 1236 2839 est
1255 2822 1276 2849 ,
1319 2782 1604 2859 attigerant
1622 2817 1645 2844 2

38 2869 284 2928 scindunt
300 2871 348 2931 se
380 2868 642 2942 bifariam.
682 2868 951 2925 Butilinus
979 2887 1104 2925 cum
1124 2869 1326 2940 majore
1345 2863 1645 2938 eademque

43 2953 295 3017 validiore
339 2971 486 3041 parte
523 2955 781 3016 exercitus
833 2947 1121 3027 Tyrrheno
1167 2944 1436 3008 adhaerens
1471 2943 1642 3081 lgtori

123 3052 128 3056 ’
1528 3042 1644 3084 am-
