1888 3428
1301 124 1361 135 fl,

263 182 376 253 146
553 179 967 249 VPRxocoPu
1027 175 1572 234 CAESAREENsrs

251 264 359 316 tius
378 297 395 324 ,
423 255 792 338 Philipporum
830 278 957 315 vero
992 255 1329 313 Macedoniae
1348 254 1637 331 provinciae
1653 252 1863 311 Deme-

252 342 426 406 trius,
441 337 521 397 ob.
537 361 596 396 ea
612 358 730 418 quae
750 344 888 397 inter
903 338 952 396 se
971 332 1316 395 controversa
1336 332 1626 391 Christiani
1640 331 1862 402 habent.
1883 357 1888 362 ’

249 423 328 478 Ea
348 441 612 500 veroquae
632 421 752 488 sint,
772 442 1080 499 quanquam
1099 420 1431 496 percognita,
1455 428 1755 473 memorare
1774 436 1864 473 me

251 503 458 560 taedeat.
501 503 697 561 Insanae
718 506 862 559 enim
883 503 1194 560 temeritatis
1228 496 1328 556 effe
1347 497 1595 555 existimo
1616 512 1864 554 naturam

250 586 358 641 Dei
393 587 558 663 qualis
594 583 655 642 fit
687 583 924 642 scrutari.
983 584 1220 640 Homini
1253 583 1451 661 quippe
1481 600 1581 636 nec
1609 577 1864 646 humana,

253 686 517 744 quantum
553 688 657 745 ego
696 664 942 723 existimo
964 705 980 731 ‚
1009 666 1164 743 plane
1184 667 1238 721 in
1258 680 1442 741 aperto
1466 663 1604 744 sunt.
1651 679 1864 720 tantum

206 753 208 755 ’
251 746 394 805 abest
420 767 478 805 ut
513 751 560 805 ei
579 763 794 826 pateant
835 768 896 803 ea
931 768 1047 825 quae
1083 745 1146 804 ad
1182 764 1442 804 aeternum
1476 765 1682 801 numen
1701 746 1866 822 perti-

250 848 403 886 nent.
445 834 627 887 Liceat
668 851 799 908 ergo
836 827 966 884 mihi
987 832 1208 906 impune
1226 828 1292 884 de
1309 825 1508 883 talibus
1530 825 1676 882 silere
1700 867 1717 893 ‚
1750 847 1864 882 non

249 916 626 969 commoventi
645 933 702 977 ea
721 931 838 989 quae
860 914 969 967 aliis
985 909 1160 967 saneta
1175 909 1460 967 habentur.
1493 907 1602 987 Ipse
1621 907 1726 964 hoc
1745 924 1866 964 tan-

248 1009 371 1049 tum
399 994 464 1051 de
495 995 621 1050 Deo
645 994 794 1071 quod
813 993 985 1050 dicam
1004 991 1179 1049 habeo
1202 1033 1220 1060 ‚
1244 991 1340 1048 effe
1359 1011 1484 1048 eum
1507 992 1738 1047 omnino
1759 989 1867 1047 bo-

249 1095 383 1130 num
404 1115 418 1136 ,
441 1074 656 1154 ejusque
677 1074 935 1151 potestate
958 1076 1143 1131 omnia
1162 1076 1448 1130 contineri.
1491 1076 1583 1151 qui
1604 1076 1718 1150 plus
1734 1071 1866 1129 scie-

247 1157 337 1223 rit,
356 1158 474 1234 plus
494 1156 558 1214 de
578 1178 645 1213 eo
666 1157 803 1212 dicat
825 1196 841 1220 ‚
862 1155 960 1212 five
979 1159 1032 1211 in
1054 1153 1477 1213 sacerdotumest
1497 1155 1686 1210 ordine
1707 1194 1723 1220 ,
1761 1152 1866 1212 five

249 1238 306 1292 in
326 1236 497 1314 plebe.
545 1241 627 1293 At
654 1236 972 1293 Theudatus
1004 1238 1136 1293 clam
1161 1257 1284 1293 cum
1306 1237 1496 1315 legatis
1515 1237 1613 1291 illis
1631 1235 1866 1303 locutu5‚·

250 1320 463 1396 rogavit
484 1333 543 1375 ut
564 1317 656 1374 fibi
678 1316 932 1374 destinata
952 1359 968 1383 ,
989 1317 1054 1374 de
1072 1316 1269 1397 quibus
1285 1335 1404 1373 ante
1425 1315 1634 1374 differui
1653 1357 1670 1385 ‚
1691 1316 1754 1373 ad
1773 1321 1869 1374 Iu-

250 1395 539 1457 stinianum
579 1397 891 1478 perferrent.
923 1423 926 1427 ’
945 1404 1165 1456 Interim
1200 1395 1539 1456 Atalarichus
1576 1418 1640 1455 ex
1675 1402 1867 1478 quoti-

251 1480 407 1538 diana
439 1483 653 1560 crapula
694 1486 749 1539 in
786 1481 968 1540 tabem
1003 1480 1278 1539 inciderat.
1338 1481 1398 1539 Id
1431 1483 1640 1537 anxiam
1675 1479 1866 1539 habuit

250 1562 712 1620 Amalasuntham.
756 1567 900 1622 Nam
931 1576 1106 1642 neque
1141 1566 1291 1641 pueri
1326 1566 1381 1620 in
1413 1562 1462 1619 se
1496 1563 1679 1620 animo
1700 1560 1866 1622 fidere

249 1659 558 1721 poterat,eo
578 1640 835 1703 vecordiae
855 1645 1096 1723 delapso:
1120 1647 1189 1700 Et
1211 1644 1246 1701 fi
1265 1644 1291 1701 ἐ
1312 1646 1472 1702 rebus
1489 1643 1735 1701 humanis
1754 1650 1865 1704 exi-

250 1743 330 1781 ret
351 1725 685 1783 Atalarichus
708 1768 721 1788 ‚
752 1747 866 1783 non
885 1727 1129 1783 credebat
1148 1730 1311 1783 vitam
1329 1721 1475 1782 suam
1496 1727 1640 1783 extra
1652 1731 1864 1803 pericu-

251 1806 366 1863 lum
405 1805 521 1864 fore
554 1809 689 1864 inter
723 1825 894 1865 tantas
930 1807 1277 1865 Gotthorum
1296 1812 1595 1886 principum
1616 1806 1863 1867 offensas».

250 1893 481 1966 Propter
498 1888 607 1945 haec
628 1889 968 1948 Gotthorum
996 1891 1262 1969 Italiaeque
1281 1887 1624 1947 dominatum
1646 1892 1862 1950 v01ebat-

249 1971 541 2027 Iustiniano
564 1972 778 2028 *tradere
796 2012 813 2039 ,
843 1972 1173 2030 invenienda>
1192 1971 1358 2028 saluti.
1406 1972 1553 2029 Cum
1573 1975 1861 2031 Demetrio

252 2057 309 2108 ὅτ
341 2054 584 2130 Hypatio
620 2056 698 2108 vir
736 2057 1044 2111 Senatorius
1075 2053 1382 2111 Alexander
1416 2071 1654 2111 venerat.
1713 2056 1860 2113 Nam

246 2131 533 2212 postquam
574 2134 969 2192 Amalasunthae
1008 2138 1284 2216 navigium
1317 2139 1373 2191 in
1407 2135 1690 2216 Epidamni
1727 2159 1863 2216 por-

249 2234 368 2271 tum
407 2215 694 2294 pervenisse
726 2212 1056 2298 cognoverat
1088 2216 1409 2274 Iustin'ianus
1441 2261 1456 2282 ‚
1488 2215 1654 2295 ipsam
1677 2237 1859 2277 autem

249 2301 425 2354 multo
455 2304 566 2373 jam
589 2318 832 2377 tempore
855 2321 1062 2356 moram
1083 2298 1287 2356 trahere
1307 2340 1325 2368 ‚
1359 2300 1733 2358 Alexandrum
1752 2304 1860 2363 mie
1886 2304 1888 2365 l

246 2375 379 2436 serat
400 2418 416 2445 ‚
435 2398 494 2435 ut
514 2401 629 2458 quae
649 2380 1039 2439 Amalasunthae
1060 2380 1356 2462 agebantur
1373 2423 1391 2450 ,
1425 2379 1753 2459 speculatuS,
1772 2404 1862 2441 re-
1884 2382 1888 2454 l

246 2465 533 2518 nuntiaret.
580 2463 851 2520 Caeterum
888 2463 1291 2522 obtendebatur
1323 2467 1544 2519 materia
1572 2466 1857 2544 legationi,

249 2542 400 2621 quod
421 2541 496 2598 ob
512 2542 727 2620 Lilybaei
746 2550 1027 2624 negotium
1050 2590 1063 2611 ‚
1101 2562 1370 2603 narratum
1403 2543 1532 2602 mihi
1552 2546 1707 2612 alibi,
1739 2545 1858 2605 suc-

245 2621 477 2680 censeret
492 2630 787 2702 Imperator
805 2648 822 2685 :
839 2628 1097 2706 quodque
1113 2629 1309 2684 Hunni
1325 2626 1509 2684 decem
1526 2668 1543 2696 ,
1563 2626 1857 2687 castrorum

245 2709 302 2761 in
321 2702 505 2763 Africa
527 2706 839 2776 desertoreS‚
857 2712 910 2764 in
935 2710 1288 2789 Campaniam
1309 2707 1531 2789 profugi
1553 2751 1569 2772 ‚
1603 2709 1669 2766 ab
1687 2707 1854 2770 Vliari

243 2789 504 2865 Neapolis
523 2787 776 2865 praefeffto
801 2834 814 2854 ‚
839 2811 951 2848 non
971 2796 1188 2849 nolente
1205 2789 1587 2849 Amalasuntha
1607 2833 1624 2859 ,
1655 2792 1854 2872 recepti

242 2866 408 2926 effent
450 2891 464 2924 ε
506 2870 768 2950 quodque
810 2871 1013 2931 Gotthi
1047 2878 1102 2932 in
1137 2873 1376 2952 Gepidas
1423 2876 1556 2932 circa
1587 2877 1849 2931 ‘Sirmium

241 2955 460 3032 agentes
480 2955 538 3012 in
558 2953 757 3015 bellum
776 2956 1024 3036 impliciti
1047 2958 1361 3020 Gratianam
1377 2955 1566 3019 urbem
1584 2960 1640 3015 in
1634 2956 1847 3096 fiIllybrici

1676 3057 1729 3095 ni
1772 3056 1836 3096 us
