1888 3428
379 163 429 221 E
507 180 544 219 L
584 186 588 190 ⁴
623 179 663 216 ο
744 178 781 214 c,
865 174 888 212 1
967 174 1027 212 A.
1387 169 1492 214 111

12 254 64 312 in
80 250 258 311 Dania
273 267 400 307 cum
417 244 542 304 filiis
556 238 660 300 suis
682 277 703 308 ‚
737 240 964 321 ponitur
981 239 1038 294 in
1064 235 1250 295 locum
1283 244 1398 316 ejus
1417 242 1504 297 Si-

13 334 202 417 „erich

83 501 236 555 Birca
254 492 330 551 est
348 491 615 574 oppidum
640 483 989 545 Gotthorum
1008 525 1026 553 ,
1045 485 1100 541 in
1121 483 1309 542 medio
1327 485 1508 540 Sueo-

46 584 105 642 iae
124 578 361 660 positum
379 621 396 642 ,
425 596 541 633 non
569 576 736 652 longe
768 568 835 626 ab
869 590 939 626 eo
956 569 1165 647 templo
1185 566 1338 647 quod
1364 566 1509 623 celea

12 664 304 722 berrimum
323 663 563 717 Sueones
580 653 782 713 habent
798 655 856 709 in
881 653 1028 709 cultu
1056 652 1313 708 Deorum
1330 691 1347 719 ‚
1381 647 1510 708 Vb-

12 743 114 804 sola
148 745 333 804 dieto:
362 745 419 797 in
454 760 567 819 quo
603 739 731 794 loco
768 733 912 794 finus
947 733 1167 812 quidam
1199 737 1314 809 ejus
1344 729 1507 799 freti,

11 828 161 906 quod
181 823 457 883 'Balticum
479 822 565 881 vel
598 819 898 879 Barbarum
932 816 1161 885 dicitur,
1194 818 1253 873 in
1282 814 1511 872 boream

43 929 232 989 ergens
252 947 268 969 ,
303 924 525 985 portum
544 900 925 961 facitbarbaris
942 900 1201 981 gentibus
1222 940 1238 960 2
1269 918 1389 978 quae
1404 894 1515 954 hoc

70 1013 152 1049 are
169 984 368 1048 diffusae
387 987 650 1054 habitant,
672 984 968 1066 optabilem
987 1024 1003 1046 ,
1020 979 1110 1042 sed
1127 983 1278 1042 valde
1296 981 1516 1061 pericu-

35 1072 426 1131 osumincautis
460 1072 740 1151 &ignaris
779 1065 1044 1145 ejusmodi
1075 1067 1350 1124 locorum.
1389 1064 1514 1120 Bit«

13 1158 130 1213 cani
163 1158 310 1213 enim
346 1156 634 1233 piratarum
667 1148 1113 1218 excurfionibu5‚
1157 1167 1400 1228 quorum
1432 1144 1513 1202 ibi

13 1258 208 1318 magna
226 1239 382 1316 copia
398 1235 473 1293 est
493 1276 511 1304 ‚
543 1234 728 1312 saepius
751 1234 1093 1312 impugnati,
1126 1252 1252 1288 cum
1285 1232 1413 1287 vi&
1434 1249 1513 1284 ar=

14 1324 119 1376 mis
149 1335 431 1398 nequeunt
449 1316 681 1374 resistere
701 1357 717 1378 ‚
750 1314 932 1373 callida
962 1312 1142 1370 hostes
1185 1312 1513 1392 aggrediun—

14 1420 104 1459 tur
131 1420 242 1460 arte
271 1401 533 1477 decipere.
576 1402 671 1478 qui
709 1396 882 1455 finum
910 1396 1071 1453 maris
1101 1397 1383 1473 impacati,
1419 1407 1515 1472 per

14 1502 241 1542 centum
272 1489 328 1540 &
361 1483 589 1560 amplius
619 1479 784 1539 stadia
801 1479 1085 1537 latentium
1103 1475 1342 1535 molibus
1357 1473 1518 1533 saxo-

13 1587 136 1624 rum
159 1563 502 1622 obstruentes
520 1603 537 1630 ‚
564 1561 925 1641 periculosum
937 1581 1090 1640 aeque
1104 1557 1212 1617 suis
1226 1580 1284 1616 ac
1301 1557 1518 1639 praedoss

13 1646 177 1706 nibus
194 1651 293 1704 iter
322 1643 536 1701 meandi
561 1642 815 1712 *fecerunt
833 1681 852 1707 ,
889 1641 955 1699 ad
983 1661 1152 1720 quam
1187 1639 1478 1698 stationem
1499 1679 1523 1709 ,

14 1751 134 1810 quae
151 1725 407 1789 tutiffima
435 1725 509 1783 est
528 1766 546 1794 ‚
577 1728 637 1782 in
671 1726 959 1783 maritimis
993 1720 1242 1782 Sueoniae
1274 1723 1522 1804 regioni-

15 1813 119 1870 bus
136 1811 308 1870 solent
324 1813 616 1866 Danorum
636 1849 652 1876 ‚
671 1807 1171 1867 Nordmannorum
1184 1822 1207 1875 ‘,
1226 1807 1516 1864 Slavorum

15 1912 176 1974 atque
195 1892 548 1952 Sembrorum
567 1911 731 1948 naves
749 1892 948 1969 aliique
965 1889 1190 1969 Scythiae
1203 1888 1395 1969 populi
1412 1908 1517 1967 pro

18 1975 233 2037 diverfis
291 1977 747 2034 commerciorum
783 1969 1182 2031 neceffitatibus
1224 1969 1519 2030 solenniter·

16 2061 332 2117 convenire.
374 2063 435 2115 Iu
455 2079 522 2116 eo
541 2075 707 2136 portu
731 2052 916 2114 Confe
926 2053 1030 2113 ffor
1049 2054 1264 2113 domini
1283 2051 1517 2135 egressus

17 2141 228 2201 insolita
244 2141 483 2222 populos
500 2141 762 2221 appellare
800 2141 957 2218 caepit
971 2139 1262 2220 legatione.
1307 2139 1518 2216 quippe

21 2228 264 2283 Sueones
280 2231 335 2283 &
357 2221 768 2291 Gotthi,vel,ita
785 2220 822 2279 fi
841 2222 1034 2280 melius
1052 2218 1519 2289 dicuntur‚Nor·d-·-

19 2308 207 2364 manni
227 2323 447 2387 propter
464 2305 747 2364 barbaricae
772 2302 1100 2363 excursionis
1117 2323 1386 2383 tempora,
1405 2322 1519 2383 qua.

20 2393 203 2469 paucis
219 2392 371 2446 annis
390 2390 551 2446 multi
565 2409 717 2468 reges
734 2405 962 2446 cruento
980 2387 1250 2445 dominati
1265 2384 1390 2444 sunt
1407 2387 1519 2443 ime-

20 2474 207 2550 peri0,
241 2470 555 2547 Christianae
588 2473 867 2552 religionis
889 2474 1109 2549 penitus
1141 2469 1336 2537 obliti,
1373 2466 1521 2527 haud

23 2550 173 2612 facile
206 2572 456 2634 poterant
491 2552 558 2612 ad
592 2552 1109 2632 fidempersuaderi.
1148 2554 1458 2632 accepimus
1485 2549 1519 2609 εὶ

23 2633 156 2713 saepe
172 2636 320 2694 (ὶὶἃο
341 2658 466 2715 rege
482 2638 775 2695 Danorum
793 2639 959 2694 Suein
975 2678 994 2705 ‚
1027 2655 1162 2695 tunc
1178 2634 1322 2717 apud
1340 2637 1522 2692 Suco-

27 2736 125 2774 nes
141 2717 450 2798 imperitasse
466 2721 742 2797 quendam
773 2720 925 2800 Ring
953 2740 1078 2778 cum
1112 2718 1237 2777 filiis
1263 2717 1426 2776 Erich
1461 2722 1522 2775 δε

26 2797 293 2860 Ermundi
310 2843 327 2864 ‚
359 2801 643 2884 ipsumque
658 2805 810 2884 Ring
824 2822 945 2861 ante
961 2800 1011 2860 se
1029 2798 1267 2861 habuiffe
1283 2799 1521 2865 Amind,

26 2880 198 2940 Biorn
217 2922 235 2949 ‚
268 2889 321 2942 &
339 2884 523 2965 olaph
537 2927 557 2955 ‚
587 2885 654 2943 de
672 2886 873 2966 quibus
889 2890 945 2943 in
962 2884 1124 2967 gestis
1141 2886 1339 2965 legitur
1354 2882 1522 2941 santsti

27 2962 274 3047 Ansgarii
288 3007 306 3039 ‚
336 2967 572 3049 aliosque
586 2989 823 3049 quorum
841 2990 959 3029 non
974 2985 1271 3031 occurrunt
1286 2963 1523 3099 vocablu-

1476 3062 1524 3097 a·
