1888 3428
190 164 640 224 Go'rTmcAE
687 158 1105 219 Hxs'romffi
1154 161 1434 220 L1B.1V.
1513 158 1637 238 425'

9 242 310 310 ¹referantur
329 268 396 305 eo
415 245 559 306 unde
595 259 886 305 venerant:
919 239 1227 319 eodemque
1248 258 1495 322 tempore
1513 261 1635 322 quae

15 331 84 391 ab
119 327 329 389 Occasu
349 334 576 387 veniunt
601 346 797 392 naves,
832 323 986 382 nullo
1020 326 1169 380 venti
1188 325 1386 381 auxilio
1405 366 1421 391 ‚
1451 323 1636 382 silente

16 435 183 495 quam
217 415 449 471 maxime
482 414 621 470 coelo
637 451 654 478 ‚
693 404 977 488 prosperos
1010 403 1243 462 habeant
1276 403 1472 462 cursus.
1515 427 1633 484 quae

14 498 103 555 ine
119 494 213 554 diu
234 496 542 574 expendens
562 538 576 558 ‚
610 491 898 568 multoque
916 506 1166 566 tempore
1181 489 1236 544 in
1253 488 1436 562 animo
1456 490 1636 545 revol-

15 598 236 646 ven5,ex
254 576 595 666 intelligendi
611 569 920 632 difficultate
938 569 1148 627 obortae
1170 570 1286 627 vitae
1306 568 1464 627 taedio
1492 589 1643 624 mor-

18 677 134 720 tem
149 662 433 718 invenerit.
479 662 564 717 Sic
590 657 716 714 &in
741 651 884 712 freto
907 696 926 721 ,
955 652 1109 732 quod
1131 652 1362 708 Siciliam
1385 648 1458 707 -ab
1492 652 1636 707 Italia

19 740 294 821 dispescit,
334 741 505 799 multa
536 736 842 818 specstantur
875 735 1147 794 miracula.
1186 733 1462 792 Videntur
1491 733 1639 789 enirn

16 827 191 883 Ionici
209 827 368 883 maris
385 844 451 881 eo
471 819 521 879 se
540 839 796 900 torquere
817 818 972 876 undae
991 858 1008 885 ,
1027 833 1353 874 cumtamen
1371 815 1437 871 ab
1458 816 1638 872 Ocea-

20 928 98 966 no
118 911 173 964 &
206 905 455 965 Gadibus
485 906 663 961 veniat
703 922 866 960 mare.
908 903 1194 979 Aquarum
1228 896 1437 977 insuper
1473 895 1643 954 crebri

19 993 257 1048 vortices
289 983 581 1047 latentibus
615 983 779 1044 causis
795 1003 957 1041 naves
986 999 1237 1040 evertunt
1255 1022 1272 1048 ,
1299 979 1442 1038 unde
1459 977 1641 1036 absor-

19 1070 137 1129 beri
155 1070 183 1128 ὲ
203 1068 477 1146 Charybdi
497 1090 582 1127 eas
600 1072 769 1147 poetae
786 1064 1100 1145 fabulantur
1120 1105 1135 1131 ,
1171 1084 1290 1143 quae
1318 1064 1409 1121 tali
1427 1081 1642 1140 tempo-

18 1157 153 1211 rein
172 1149 315 1211 freto
335 1150 829 1232 deprehenduntur.
878 1145 1118 1205 Censent
1144 1166 1326 1203 autem
1356 1145 1640 1224 scriptores

18 1236 95 1294 illi
116 1235 180 1293 de
200 1235 399 1313 quibus
416 1231 693 1313 postremo
715 1235 933 1290 locutus
951 1228 1066 1288 sum
1084 1274 1097 1294 ‚
1121 1250 1180 1286 ea
1195 1249 1313 1307 quae
1332 1232 1389 1299 in
1404 1225 1554 1284 fretis
1572 1248 1639 1283 o-

20 1316 244 1374 mnibus
266 1320 443 1375 mirari
463 1313 696 1374 solemus
712 1356 728 1383 ,
749 1337 812 1373 ex
830 1333 1066 1392 utroque
1083 1314 1267 1369 littore
1286 1307 1459 1367 causas
1473 1307 1644 1365 habe-

21 1419 82 1457 re
111 1399 463 1478 compreffam
490 1400 636 1456 enim
666 1400 722 1454 in
756 1397 961 1455 aretum
995 1396 1107 1451 vim
1141 1414 1290 1473 aquae
1324 1389 1643 1449 enormibus

22 1481 352 1561 quibusdam
378 1479 645 1554 subjacere
663 1477 1075 1538 neceffitatibuS.
1118 1496 1284 1556 quare
1318 1495 1433 1531 non
1462 1476 1645 1530 conti-

20 1584 140 1622 nuo
156 1604 175 1630 ‚
202 1562 238 1621 fi
270 1563 335 1620 ab
355 1565 530 1620 Hiero
547 1562 612 1621 ad
632 1564 949 1641 Byzantium
965 1579 1227 1639 aquarum
1243 1555 1294 1615 se
1312 1555 1445 1614 ferat
1463 1558 1642 1633 impe-

21 1663 112 1703 tus
130 1686 146 1712 ‚
166 1646 243 1702 ibi
266 1666 406 1702 mare
423 1651 476 1701 &
497 1661 702 1723 pontus
715 1646 961 1701 Euxinus
978 1639 1214 1699 desinere
1230 1638 1507 1697 dicenduS.
1550 1658 1644 1693 ne-

19 1748 129 1807 que
147 1732 294 1784 enim
314 1726 484 1785 solido
516 1727 707 1783 nititur
737 1722 1098 1783 fundamento
1132 1721 1242 1781 haec
1276 1723 1443 1779 illatio
1461 1741 1642 1785 ,cum

21 1808 357 1890 probabilior
376 1814 429 1866 δέ
448 1807 534 1866 hic
553 1810 700 1866 causa
712 1807 776 1864 ab
798 1804 1055 1888 angustiis
1083 1802 1250 1861 semet
1285 1801 1495 1861 offerat.
1539 1800 1641 1858 Sed

22 1912 203 1972 neque
218 1888 267 1950 se
284 1894 436 1971 plane
454 1888 522 1948 fic
543 1909 603 1948 ut
619 1891 692 1948 iili
707 1889 895 1948 dicunt
913 1909 993 1945 res
1009 1885 1185 1944 habet.
1204 1884 1475 1944 Referunt
1491 1888 1638 1941 enim

21 1974 277 2032 locorum
294 1975 511 2031 illorum
530 1973 815 2052 piscatores
831 2013 848 2041 ,
868 1992 982 2029 non
999 1989 1223 2027 ornnem
1244 1970 1298 2024 in
1314 1969 1640 2046 Byzantium

23 2062 219 2137 aquam
235 2055 402 2114 fluere
421 2078 436 2112 t
469 2053 556 2114 sed
573 2074 776 2135 partem
795 2054 1014 2134 quidem
1029 2058 1144 2128 ejus
1172 2050 1501 2130 superiorem
1520 2070 1647 2105 ,noa

24 2136 212 2218 bisque
247 2136 590 2217 conspicuam
627 2159 694 2195 eo
726 2142 872 2216 rapi:
918 2154 969 2193 at
986 2154 1104 2213 quae
1119 2132 1299 2192 subter
1329 2131 1452 2190 sunt
1473 2151 1645 2211 aquae,

21 2218 335 2301 abyffusque
365 2216 432 2277 'ex
467 2240 522 2277 re
557 2228 824 2282 vocantur
840 2262 854 2284 ‚
886 2221 940 2274 in
976 2221 1306 2275 contrarium
1339 2211 1497 2281 ferri,
1548 2213 1642 2269 ad·-

24 2301 327 2383 versarique
343 2306 578 2359 omnino
596 2303 821 2359 latentes
840 2298 1236 2379 apparentibus.
1278 2299 1640 2355 Documento

26 2383 130 2442 effe
169 2389 300 2444 retia
332 2382 563 2463 piscibus
591 2383 864 2464 captandis
899 2385 1130 2440 multum
1164 2378 1381 2438 demiffa
1399 2421 1414 2447 ‚
1448 2398 1566 2458 quae
1588 2382 1640 2434 vi

25 2465 182 2530 aestus
213 2469 450 2527 Hierum
484 2463 666 2525 versus
699 2464 944 2523 fluitent.
985 2465 1064 2521 At
1099 2465 1155 2519 in
1186 2465 1376 2520 Lazica
1405 2463 1641 2518 marinos

25 2547 228 2615 fluetus
259 2550 503 2629 undique
537 2552 592 2606 in
621 2547 671 2605 se
695 2565 910 2605 ruentes
939 2565 1075 2604 terra
1105 2543 1364 2602 sustinens
1382 2562 1637 2620 retroque

27 2631 233 2711 pellens
251 2671 268 2698 ‚
296 2633 388 2693 illo
406 2634 462 2688 in
492 2633 618 2690 loco
637 2671 654 2697 ,
672 2632 864 2708 'primo
883 2648 1042 2709 atque
1061 2632 1225 2686 unico
1246 2669 1262 2697 ‚
1294 2624 1461 2683 finem
1482 2625 1641 2702 ponit

26 2716 233 2792 aequori
252 2754 270 2782 ,
306 2712 372 2771 ab
387 2708 503 2793 ipso
525 2730 725 2772 naturae
739 2710 937 2792 opifice
954 2709 1329 2768 constitutum·
1380 2709 1636 2784 Namque

31 2791 129 2851 ubi
154 2794 218 2853 ad
236 2794 292 2853 id
311 2795 462 2853 littus
480 2799 722 2874 pervenit
739 2814 882 2852 mare
906 2835 923 2861 ‚
943 2815 1120 2872 neque
1137 2788 1482 2872 progreditur
1499 2827 1517 2851 ‚
1540 2808 1638 2841 ne-

33 2884 142 2954 que
159 2875 357 2935 scandit
376 2882 599 2955 amplius
619 2918 635 2942 ‚
672 2898 982 2955 quanquam
1002 2895 1088 2933 tot
1107 2893 1266 2953 atque
1284 2873 1444 2929 tantis
1458 2868 1643 2925 flumi-

31 2976 168 3026 num
187 2957 336 3026 ostiis
352 2956 857 3028 circumdatum,sed
876 2957 1078 3015 recedit
1093 2955 1400 3034 acceditque
1419 2956 1636 3012 iterum,

841 3040 951 3098 Dd
1003 3059 1029 3115 5
1514 3029 1641 3085 suo-
