1888 3428
140 118 153 141 Ι

176 162 290 228 Go
309 181 617 227 TTHICAE
656 161 757 219 H1
775 166 1058 218 sfronue
1096 155 1246 212 Ltn.
1265 158 1384 212 ΙΙΙ.
1514 172 1627 233 379

17 250 147 317 inde
164 255 371 333 equites
392 252 476 309 bis
495 246 640 306 mille
658 243 825 303 mittit
838 243 896 298 in
925 240 1188 297 Picenum
1210 279 1227 302 ‚
1271 255 1333 294 ut
1348 235 1530 294 sociati
1547 254 1631 300 te-

25 337 285 396 nentibus
302 335 379 393 ibi
397 333 445 393 se
466 328 704 390 barbaris
720 368 737 394 ,
769 321 1026 383 Iohannis
1044 325 1099 378 ὃς
1117 318 1387 378 Valeriani
1405 340 1631 377 manum

23 419 365 498 depellerent.
418 419 497 474 At
530 415 625 493 qui
652 415 709 467 in
740 403 948 464 Rusciae
982 399 1371 460 obsidebantur
1389 397 1599 459 castello
1612 443 1631 469 ,

23 522 149 559 cum
180 507 290 577 jam
311 501 500 558 ultima
527 497 779 553 alimenta
807 480 1115 545 defecissent
1137 524 1155 552 ‚
1185 505 1283 542 nec
1310 480 1338 540 ὲ
1364 484 1632 541 Romanis

22 585 202 641 auxilii
219 582 333 660 spes
353 575 633 661 supereffet
653 615 670 636 ‚
704 567 866 630 missis
879 570 943 627 ad
960 569 1208 627 Totilam
1226 564 1443 623 satellite
1462 565 1633 622 Gon-

21 667 128 725 dila
144 672 197 724 &
220 661 448 723 Deifero
464 661 624 727 Italo,
654 671 851 736 rogant
869 649 1073 710 admiffi
1091 652 1303 708 veniam
1319 654 1372 705 δε
1385 646 1632 705 salutem.

20 749 238 806 Totilas
272 747 470 806 caeteris
498 748 722 820 impune
753 757 868 794 rem
903 734 1168 792 abituram
1201 727 1447 812 promifit
1465 774 1480 795 ,
1515 750 1632 787 uno

22 830 89 889 ad
107 850 313 909 paenam
331 843 557 905 excepto
578 821 864 880 Chalazare
884 858 901 884 ,
935 821 1029 898 qui
1049 821 1194 897 prius
1212 830 1483 872 conventa
1495 833 1633 870 con-

21 910 254 973 fuderat.
297 915 380 970 Sic
394 924 615 986 accepto
632 908 688 961 in
702 900 1028 982 potestatem
1050 898 1262 956 castello
1280 895 1633 953 Chalazarem

22 993 274 1052 manibus
302 996 447 1074 prius
464 986 900 1072 genitalibusque
927 977 1453 1062 praecifisinterfecit.
1485 978 1631 1035 mili-

21 1094 144 1134 tum
162 1096 377 1135 manere
405 1070 718 1132 volentibus
751 1064 1008 1126 concessit
1026 1064 1117 1122 sua
1148 1066 1378 1121 retinere
1398 1101 1416 1125 ,
1457 1082 1515 1118 ac
1536 1082 1635 1139 pta.-

21 1179 282 1218 remcum
300 1155 530 1216 Gotthis
554 1155 804 1212 militiam
834 1149 1031 1206 habere
1052 1188 1067 1215 ‚
1099 1145 1249 1226 quod
1267 1150 1322 1201 in
1343 1146 1453 1202 aliis
1470 1146 1635 1222 captis

20 1241 166 1299 bello
184 1245 314 1301 locis
331 1237 501 1297 facere
521 1235 746 1295 solebat.
787 1230 987 1312 quibus
1006 1229 1060 1287 id
1079 1250 1191 1287 non
1211 1231 1459 1307 placeret,
1478 1229 1515 1282 ii
1535 1246 1634 1283 nu-

23 1323 78 1382 di
94 1345 206 1403 quo
227 1324 427 1382 vellent
445 1325 520 1378 ire
556 1316 862 1377 sinebantur
881 1356 899 1381 ‚
933 1334 1000 1370 ne
1034 1314 1236 1368 invitus
1255 1311 1401 1389 figna
1420 1315 1535 1384 ejus
1553 1305 1636 1364 se-

21 1424 278 1485 queretur
294 1407 604 1485 quisquam.
649 1399 935 1477 octoginta
974 1395 1170 1452 milites
1203 1394 1446 1450 Romani
1472 1388 1637 1447 rebus

21 1484 292 1547 dereliffis
323 1489 635 1544 Crotonem
654 1500 866 1539 venere.
909 1480 1083 1535 caeteri
1107 1495 1327 1533 manere
1352 1472 1513 1531 rebus
1531 1471 1635 1530 suis

20 1569 237 1631 servatis
256 1571 575 1627 maluerunt.
619 1565 995 1641 Italispaganis
1013 1560 1215 1617 ademit
1242 1576 1367 1623 res,
1406 1574 1636 1633 corpora

20 1651 90 1710 ab
122 1656 278 1711 omni
310 1652 454 1708 malo
486 1648 651 1706 libera
685 1645 918 1722 reliquit.
963 1643 1248 1702 Antonina
1279 1657 1407 1695 vero
1437 1676 1462 1702 ,
1494 1656 1635 1694 uxor

18 1736 250 1792 Belisarii
268 1752 392 1790 cum
413 1771 430 1796 ,
453 1723 636 1787 ut'dixi
658 1771 671 1791 ,
692 1724 1012 1805 Byzantium
1030 1741 1245 1780 mortua
1255 1725 1368 1795 jam
1386 1713 1633 1798 Augusta

16 1815 277 1884 veniflet,
305 1815 480 1872 oravit
494 1818 885 1890 Imperatorem
906 1847 922 1873 ,
963 1823 1024 1864 ut
1050 1808 1094 1862 is
1116 1805 1370 1860 maritum
1388 1799 1544 1857 suum
1565 1799 1632 1857 ab

21 1901 166 1959 Italia
185 1911 455 1957 revocaret
476 1918 491 1951 t
532 1913 629 1951 nec
648 1889 931 1949 difficulter
947 1888 1192 1945 obtinuit
1218 1927 1235 1952 ‚
1260 1883 1412 1963 quod
1430 1883 1634 1940 bellum

21 1981 50 2040 ὲ
83 1982 262 2041 Medis
289 2000 450 2062 grave
483 1975 761 2054 insurgens
793 1977 849 2029 in
883 1971 938 2029 id
967 1967 1249 2027 consilium
1274 1963 1632 2023 Iustinianum

15 2066 338 2145 impelleret.
378 2063 511 2119 Hoc
523 2076 771 2135 ternpore
788 2059 842 2111 in
861 2048 1463 2133 Imperatoreminfidiae
1483 2045 1634 2106 faetae

21 2147 180 2217 sunt,
211 2164 329 2226 quae
345 2141 634 2225 quomodo
653 2140 948 2197 coaluerint
968 2177 983 2198 ‚
1003 2154 1227 2216 quoque
1250 2131 1420 2189 modo
1441 2134 1496 2187 in
1515 2133 1636 2188 irri-

23 2250 143 2289 tum
177 2228 466 2288 ceciderint
484 2265 500 2291 ,
538 2222 787 2281 narrabo,
829 2219 1094 2276 Artabani
1115 2258 1131 2293 ‚
1166 2218 1262 2295 qui
1294 2213 1635 2272 Gontharim

14 2311 217 2372 ·Africae
235 2308 533 2370 invasorem
554 2305 924 2384 prostraverat,
948 2321 1005 2359 ut
1029 2303 1085 2357 in
1104 2296 1469 2378 superioribus
1487 2295 1634 2356 ano-

25 2396 108 2454 bis
128 2407 489 2453 memoratum
509 2390 580 2446 est
601 2430 616 2451 ‚
646 2384 1124 2466 magnasscupiditas
1142 2378 1412 2439 incesserat
1429 2375 1634 2436 facien„

25 2478 78 2538 di
95 2482 313 2557 ,nuptias
331 2495 455 2533 cum
476 2472 724 2547 Praejeeta
743 2464 997 2549 desponsa
1015 2464 1480 2543 libi,1mperatoris
1501 2459 1636 2519 eso*¹

23 2582 147 2619 rore
164 2563 347 2641 genita
371 2579 385 2613 ε
427 2558 645 2615 volente
666 2560 719 2611 ὃς
738 2545 872 2631 ipsa,
909 2571 1024 2607 non
1041 2548 1279 2606 hominis
1298 2565 1482 2604 amore
1498 2584 1514 2607 ‚
1544 2541 1635 2603 sed

25 2643 175 2723 quod
211 2645 434 2724 gratiam
455 2636 503 2696 se
524 2637 720 2696 debere
742 2631 1052 2715 agnosceret
1069 2673 1086 2699 ‚
1106 2634 1222 2690 ulto
1261 2629 1434 2686 mariti
1450 2647 1635 2707 quon-

26 2727 148 2784 dam
169 2724 328 2805 ipfius
346 2720 653 2781 Areobindi
669 2738 856 2776 necem
875 2761 889 2781 ‚
920 2715 1111 2774 deinde
1139 2735 1240 2793 pro
1265 2710 1433 2770 semet
1452 2726 1635 2789 erepta

27 2813 84 2866 &
100 2809 503 2888 captivitate‚&,
521 2802 672 2884 quod
690 2821 806 2857 non
825 2802 1006 2856 minus
1022 2799 1328 2875 captivitate
1350 2791 1635 2874 perhorreo.

25 2888 200 2948 scebat
218 2932 236 2960 ‚
269 2888 433 2947 cubili
451 2882 808 2943 Gontharidis
827 2901 941 2961 quo
957 2887 1070 2958 jam
1084 2881 1305 2957 jamque
1324 2871 1639 2934 deducenda

22 2970 216 3059 fuerat.
256 2974 391 3031 Haec
409 2991 533 3029 cum
552 2971 688 3027 inter
706 2987 799 3025 eos
818 2962 1121 3045 placuiffent
1137 3002 1156 3031 ‚
1197 2957 1632 3092 PraejeftargAffi

1411 3055 1463 3096 ta
1508 3053 1634 3092 anes*
