1888 3428
1609 114 1636 122 f-

233 187 351 253 354
491 207 530 241 μ
571 173 960 247 ΫΡΒοεοΡΙῙ
1004 168 1525 227 CAEsAREENsts
1741 248 1752 252 ,
1820 234 1825 237 ,

169 288 173 290 >
227 252 409 334 pofito
425 252 518 331 qui
536 253 591 311 id
609 271 816 328 curaret
834 294 852 322 ,
870 274 968 329 nec
985 253 1098 309 ullo
1120 292 1137 319 ‚
1167 268 1228 327 ut
1246 251 1448 308 militiae
1470 269 1595 308 mos
1612 245 1717 320 est,
1742 246 1846 314 ἀεὶ

227 354 520 393 cumeunte
559 339 747 395 maenia
782 338 877 415 qui
914 334 1255 393 excubitores
1290 333 1424 413 quid
1468 352 1688 413 agerent
1724 357 1847 415 per-

228 420 589 476 cunctaret-ur.
640 417 726 475 sed
760 439 862 476 nec
899 418 1236 474 urbanorum
1273 413 1558 494 quisquam
1594 416 1848 477 custodiae

223 500 351 578 ipfis
370 505 634 581 particeps
651 519 781 557 erat.
825 521 947 557 narn
971 507 1028 557 δι’
1046 501 1217 578 pauci,
1241 517 1302 555 ut
1321 497 1431 555 dixi
1453 515 1609 555 antea
1627 539 1644 566 ‚
1681 498 1850 558 resta-

224 583 391 648 bant,
432 582 606 641 &hos
640 582 779 662 ipsos
818 580 987 640 fames
1018 584 1215 638 mirum
1235 583 1291 636 in
1329 579 1559 637 modum
1579 583 1851 641 exederat.

222 664 378 746 Ergo
405 664 565 722 Isauri
600 683 874 744 quatuor,
909 685 1076 744 prope
1107 662 1409 720 Asinariam
1445 682 1658 740 portam
1679 686 1848 723 excu-

227 746 418 805 bantes
433 789 448 813 ‚
474 751 651 821 nochis
670 767 916 824 ternpore
938 765 1117 824 capt0‚
1140 767 1254 826 quo
1280 744 1517 802 dormire
1539 745 1847 823 permissum

228 834 428 888 caeteris
452 835 606 905 juxta
627 830 888 886 militibus
906 871 921 896 ‚
953 833 1016 886 ad
1037 828 1178 905 ipsos
1199 845 1381 884 autem
1402 832 1655 885 maeniurn
1677 833 1845 887 tutela
1886 824 1888 829 ¹

222 910 493 988 spe&abat
512 954 528 979 ‚
569 913 633 969 de
667 915 844 990 pinnis
871 911 1109 968 demissis
1137 908 1362 967 funibus
1395 913 1490 988 qui
1520 909 1584 966 ad
1612 908 1843 969 humum

223 998 599 1074 pertingerent
619 1036 636 1062 ,
657 1016 751 1051 eos
771 994 1034 1051 ambabus
1055 991 1357 1069 prensantes
1377 990 1627 1048 manibus
1643 1037 1658 1056 ,
1698 1013 1847 1051 extra

166 1113 169 1115 -
225 1080 420 1133 maenia
439 1075 760 1133 delabuntur
786 1118 802 1143 ,
835 1084 890 1132 δε
924 1077 986 1133 ad
1018 1077 1264 1131 Totilam
1285 1073 1544 1154 progressi
1574 1071 1847 1153 spondent

223 1157 392 1236 seipsi
424 1157 763 1235 Gott'nisque
799 1156 1061 1214 militibus
1098 1158 1290 1213 urbem
1322 1153 1702 1233 patefabffiros.
1739 1156 1844 1215 esse

225 1243 373 1296 enim
400 1239 454 1295 id
492 1238 593 1296 suae
630 1238 908 1317 potestatis
938 1246 991 1294 &
1021 1238 1243 1316 quidem
1282 1233 1549 1316 perfacile.
1592 1242 1779 1317 Atque
1798 1244 1846 1297 is

166 1337 167 1340 ’
223 1342 450 1399 magnas
476 1339 651 1400 grates
681 1342 1012 1400 magnasque
1040 1323 1291 1398 pecunias
1313 1320 1617 1397 pollicitus,
1656 1319 1691 1376 fi
1714 1342 1845 1400 pro-
1878 1377 1880 1381 Α

224 1401 372 1460 missa
391 1402 823 1481 exsequerentur,
845 1403 910 1459 de
930 1402 1025 1460 suo
1047 1405 1308 1459 comitatu
1326 1400 1467 1458 duos
1481 1421 1606 1459 cum
1625 1406 1698 1460 eis
1713 1407 1845 1482 mit-
1886 1400 1888 1404 ¹

223 1488 291 1541 tit
311 1526 328 1551 ,
362 1484 698 1563 inspecturos
716 1486 899 1542 locum
922 1528 938 1553 ‚
982 1506 1088 1564 qua
1106 1483 1339 1541 Gotthis
1365 1485 1539 1542 aditus
1559 1489 1843 1562 promitte-

221 1567 404 1625 batur.
446 1570 547 1637 Hi,
572 1587 630 1625 ut
651 1569 715 1624 ad
735 1570 923 1627 maenia
936 1586 1160 1625 ventum
1182 1567 1256 1624 est
1274 1608 1291 1634 ‚
1308 1571 1527 1646 arreptis
1545 1567 1767 1626 funibus
1783 1566 1885 1626 in)

223 1647 434 1707 summa
456 1655 644 1708 maenia
664 1656 942 1708 enituntur
962 1692 979 1718 ,
1015 1654 1234 1707 nemine
1252 1653 1441 1706 c'ontra
1460 1672 1653 1708 vocem
1673 1649 1840 1708 eden-

223 1748 278 1788 te
299 1774 315 1799 ,
336 1751 428 1788 aut
443 1739 675 1789 omnino
696 1773 711 1797 ‚
733 1732 883 1810 quod
904 1731 1161 1812 agebatur
1179 1772 1195 1799 ‚
1228 1731 1503 1789 sentiente.
1535 1733 1610 1789 ibi
1629 1731 1841 1791 adstan-

225 1814 374 1870 tibus
392 1814 686 1872 ostendunt
702 1814 861 1871 Isauri
879 1857 893 1875 ‚
912 1836 1075 1893 quam
1098 1834 1211 1869 non
1231 1813 1399 1870 modo
1420 1813 1693 1872 adscensus
1711 1815 1839 1874 effet

166 1971 170 1975 .
225 1893 392 1954 facilis
408 1938 425 1964 ,
460 1895 548 1953 sed
568 1903 652 1964 &‚
689 1894 974 1976 postquam
997 1893 1301 1953 adscensum
1321 1915 1430 1953 erat
1451 1936 1467 1961 ‚
1499 1894 1763 1975 quidlibet
1780 1920 1855 1963 ει-ῚΙ

225 1979 389 2057 gendi
408 1979 564 2056 plena
582 1980 814 2040 libertas,
830 1979 981 2036 nullo
999 1977 1287 2034 bominum
1308 1979 1595 2036 obstituro.
1642 1980 1701 2037 Id
1718 1984 1843 2038 To-

224 2061 331 2117 tilae
363 2064 670 2118 renuntiare
700 2059 869 2135 juffos
906 2061 1205 2118 dimittunt.
1253 2059 1484 2118 Gavisus
1501 2062 1692 2119 auditis
1710 2065 1838 2120 To-

224 2143 344 2197 tilas
359 2183 377 2209 ‚
416 2144 591 2222 aliqua
609 2162 790 2200 tamen
809 2143 1039 2200 haerente
1061 2142 1390 2222 suspicione',
1426 2165 1539 2200 non
1558 2142 1677 2201 satis
1695 2143 1839 2202 Isau-

224 2228 296 2280 ris
315 2224 584 2281 credebat.
627 2228 760 2282 Non
781 2227 964 2282 multis
984 2224 1102 2301 post
1141 2225 1331 2301 diebus
1365 2225 1592 2284 redeunt
1623 2217 1687 2285 ad
1707 2248 1835 2286 eum
1875 2227 1879 2231 ’

226 2306 401 2364 eidem
421 2306 670 2364 homines
689 2307 751 2365 ad
769 2306 1036 2385 agendum
1058 2310 1334 2365 incitantes
1349 2349 1366 2374 ‚
1409 2309 1607 2387 quibus
1633 2331 1756 2366 cum
1775 2333 1839 2367 a-

225 2388 330 2444 lios
349 2390 488 2445 duos
508 2394 675 2447 mittit
700 2392 909 2446 Totilas
925 2431 940 2455 ‚
976 2409 1035 2446 ut
1053 2395 1103 2444 ἃ
1123 2389 1179 2445 hi
1196 2392 1389 2447 cunsta
1407 2390 1543 2447 bene
1565 2394 1836 2470 explorata

223 2467 322 2526 sibi
342 2468 616 2529 referrent.
661 2473 734 2528 illi
765 2469 950 2528 reversi
972 2471 1239 2550 prioribus
1259 2475 1611 2552 congruentia
1632 2495 1837 2530 renun-

223 2555 377 2610 tiant.
421 2558 629 2611 Interea
650 2555 890 2611 Rotnani
919 2556 1114 2610 milites
1143 2556 1373 2633 aliquam
1409 2557 1565 2611 multi
1595 2553 1835 2631 specula-

222 2646 346 2690 tum
367 2635 532 2692 erniffi
552 2636 617 2692 ab
651 2635 783 2693 urbe
803 2656 911 2692 non
932 2637 1097 2715 longe
1116 2639 1170 2691 in
1199 2641 1278 2692 via
1297 2637 1483 2693 decem
1502 2639 1560 2692 in
1582 2637 1853 2697 Gotthos·

223 2716 474 2773 incidunt
505 2761 521 2784 ‚
566 2740 705 2795 quos
733 2718 797 2774 ad
826 2716 876 2774 se
897 2719 1186 2797 perduC’tos
1216 2715 1343 2775 Besa
1368 2721 1662 2798 interrogat
1697 2722 1834 2798 quid

226 2802 449 2875 agitaret
482 2803 717 2857 Totilas.
756 2800 1110 2877 Respondent
1144 2799 1344 2857 Gottbi
1365 2802 1420 2856 in
1452 2799 1540 2878 spe
1571 2822 1696 2857 eum
1729 2800 1831 2860 effe

223 2878 409 2937 Isauris
439 2883 645 2961 aliquot
680 2881 1036 2961 prodentibus
1070 2882 1332 2962 capiendae
1365 2883 1526 2940 urbis.
1561 2904 1685 2939 narn
1715 2888 1830 2959 jam

229 2967 343 3044 ejus
377 2968 454 3025 rei
478 2962 623 3027 fama
664 2985 759 3047 per
787 2961 1142 3027 barbarorum
1177 2967 1470 3025 exercitum
1502 2967 1834 3028 manaveran'¹

1697 3049 1829 3105 Hoc
