1931 3428
307 174 640 229 LtssER
722 171 1250 242 QVARTVS.
1473 179 1583 254 841

29 254 356 316 ifficultatem
411 268 590 330 partus
623 253 942 329 periclitata,
993 248 1167 307 statim
1205 251 1458 314 defuncta
1492 259 1592 317 est.

54 334 121 396 oc
138 358 279 395 anno
310 332 729 392 Theudebertus
764 329 1211 406 &Theudericus
1247 357 1398 414 reges
1427 342 1598 398 Fran-

25 415 215 484 orum,
247 415 503 491 adversus¹
526 414 871 474 Clotharium
899 428 1157 490 patruum
1176 412 1329 470 suum
1368 420 1595 479 dimica-

11 520 154 569 unt,
186 504 370 578 inquo
393 500 680 557 certamine
714 518 776 554 ex
812 512 1036 572 utraque
1068 512 1214 573 parte
1234 500 1402 556 multa
1431 506 1593 568 millia

25 582 314 645 eciderunt.

441 748 501 812 C
554 770 601 812 A
670 769 725 810 P.
821 747 892 811 Χ
912 748 979 812 X
1002 748 1091 811 X.

134 899 210 946 De
225 887 430 963 transitu
440 887 569 945 beati
583 887 798 964 Gregorii
816 887 1035 964 Papam&
1051 890 1158 967 ejus
1161 887 1448 964 finalitate.

126 1029 249 1083 Vnc
276 1028 438 1082 etiam
473 1023 663 1083 beatus
704 1024 1015 1105 Gregorius
1033 1029 1299 1107 migravit
1332 1030 1398 1087 ad
1432 1030 1597 1090 Chri-2

126 1105 300 1174 stum,
331 1127 456 1164 cum
490 1113 601 1183 jam
635 1109 804 1164 Focas
833 1129 925 1185 per
956 1109 1312 1169 indiffionem
1347 1114 1601 1174 octavam

28 1209 138 1248 nno
161 1207 408 1268 regnaret
442 1187 694 1246 secundo·
751 1190 925 1264 Cujus
941 1193 996 1248 in
1017 1192 1198 1249 locum
1219 1194 1283 1251 ad
1301 1195 1602 1273 Apostola-

22 1292 83 1329 us
101 1268 345 1334 officium
365 1269 683 1328 Sabinianus
701 1270 775 1327 est
795 1273 1092 1343 ordinatus,
1118 1276 1238 1331 Fuit
1256 1296 1440 1338 autem
1470 1296 1604 1337 tunc

27 1355 170 1415 ,iems
188 1350 382 1432 frigida
399 1355 558 1410 nimis
574 1394 591 1421 ,
632 1360 683 1409 δέ
707 1371 933 1412 mortuae
952 1353 1073 1411 sunt
1105 1359 1240 1418 vites
1272 1358 1408 1437 pene
1444 1363 1500 1418 in
1535 1383 1603 1421 ο-

60 1434 218 1492 nibus
236 1431 587 1494 locisMesses
605 1457 829 1515 quoque
850 1440 1042 1515 partim
1063 1437 1267 1498 vastatae
1288 1440 1407 1499 sunt
1429 1440 1456 1499 Ξι
1479 1466 1607 1504 mu·-

26 1517 179 1584 ibus,
211 1520 402 1596 partim
440 1516 684 1597 percuffae
726 1519 945 1575 uredine
989 1541 1344 1585 evanuerunt.
1389 1524 1605 1583 Debuit

30 1602 201 1659 tenim
221 1616 353 1656 tunc
373 1598 609 1657 mundus
623 1597 822 1657 famem
841 1599 1088 1681 sitimque
1108 1606 1215 1680 pati
1231 1646 1249 1672 ‚
1270 1608 1490 1684 quando
1511 1609 1609 1670 de..

31 1682 224 1738 edente
242 1698 395 1739 tanto
415 1682 641 1740 doctore
661 1723 676 1750 ‚
706 1685 908 1739 animas
939 1683 1229 1742 hominum
1247 1684 1487 1766 spiritalis
1508 1694 1606 1748 ali-

57 1767 196 1819 oniae
232 1767 453 1841 penuria
483 1761 694 1843 fitisque
716 1764 927 1849 ariditaff,
946 1765 1150 1825 invasit.
1202 1770 1364 1827 Libet
1380 1793 1464 1828 me
1484 1771 1605 1829 sane

39 1867 165 1903 auca
185 1885 202 1910 ‚
225 1845 289 1902 de
312 1844 547 1921 ejusdem
569 1846 709 1904 beati
726 1849 984 1926 Gregorii
1004 1854 1154 1928 Papae
1174 1848 1373 1930 scriptis
1396 1895 1412 1920 ‚
1434 1876 1612 1932 quan-

8 1927 124 1986 :lam
143 1926 439 2006 Epistolam
458 1927 583 1985 huic
611 1928 1113 2007 opusculoinserere
1134 1971 1151 1996 ‚
1186 1951 1245 1989 ut
1264 1934 1426 2012 poffit
1443 1939 1610 2015 Liqui-

27 2013 122 2077 ‚ius
144 2009 394 2090 agnosci,
427 2031 588 2090 quam
608 2010 823 2070 humilis
843 2010 937 2069 iste
970 2016 1048 2071 vir·
1063 2010 1224 2071 fuerit
1241 2056 1257 2082 ‚
1288 2038 1613 2098 quantaeque

22 2094 323 2150 nnocentiae
342 2099 395 2150 &
414 2091 717 2150 sanetitatis.
760 2096 868 2151 Hic
889 2094 1121 2179 denique
1144 2138 1158 2162 ,
1194 2118 1320 2165 cum
1342 2099 1612 2159 accusatus

35 2173 147 2254 pud
167 2173 484 2237 Mauritium
504 2171 815 2254 Augustum
839 2174 1052 2258 ejusque
1072 2176 1213 2236 filios
1229 2178 1404 2246 fuiffet
1418 2224 1434 2250 ‚
1457 2183 1612 2264 quod

78 2257 251 2312 alcum
270 2256 540 2336 quendam
570 2254 896 2336 Episcopum
933 2262 989 2315 in
1022 2259 1262 2320 custodia
1295 2286 1392 2346 pro
1429 2264 1616 2326 solidis

50 2335 277 2394 ccidifl'et
294 2379 310 2405 ,
332 2337 560 2396 scribens
581 2360 679 2418 pro
699 2338 794 2397 hac
814 2361 866 2397 re
886 2339 1183 2420 Epistolam
1207 2345 1497 2405 Sabiniano
1516 2349 1612 2404 suo

16 2478 19 2482 ,
40 2417 342 2499 pocrifiario
357 2460 375 2486 ‚
407 2424 646 2501 quierat
680 2423 819 2501 apud
858 2423 1398 2507 Constantinopolim
1422 2471 1438 2497 ,
1476 2432 1618 2487 inter

9 2519 195 2560 caetera
224 2499 289 2557 fic
307 2506 397 2559 ait.
446 2516 598 2562 Vnum
614 2504 677 2580 est
696 2507 822 2581 quod
837 2508 1046 2566 breviter
1060 2509 1294 2587 fitggems
1315 2512 1618 2586 streniffimic

9 2585 205 2642 dominis
233 2584 398 2661 nostris
420 2626 436 2648 ,
466 2591 585 2662 quia
591 2587 643 2661 fi
656 2608 736 2663 ego
748 2589 912 2658 servm
927 2610 1089 2648 eorum
1104 2599 1165 2649 -in
1185 2611 1391 2650 mortem
1425 2607 1621 2673 Lango-

12 2667 268 2725 bardorum
287 2687 361 2725 me
380 2671 573 2742 miscere
592 2670 829 2742 voluffrn
849 2712 866 2738 ‚
891 2675 1026 2730 hodie
1041 2677 1466 2752 Langobardorum
1475 2699 1618 2755 gens,

10 2767 99 2806 nec.
113 2767 272 2824 regem
287 2788 305 2816 ,
339 2770 423 2809 nec
439 2753 608 2818 duces,
629 2773 711 2810 nec
731 2757 927 2811 comites
941 2756 1136 2814 haberet
1152 2801 1165 2821 ,
1188 2774 1339 2835 atque
1358 2762 1408 2816 in
1419 2760 1622 2835 fitmma

41 2829 277 2903 onfufione
308 2832 456 2906 divifiz
487 2837 613 2907 «ssot.
659 2836 754 2893 Sed
777 2840 892 2911 quia
925 2850 1083 2895 Deum
1115 2843 1297 2908 timeo,
1329 2845 1381 2898 in
1417 2859 1622 2902 mortem

13 2905 262 2988 cujuslibet
281 2914 486 2974 hominis
502 2936 576 2973 me
593 2918 782 2991 miscere
786 2919 1018 2992 formido.
1065 2926 1256 2979 Malous
1285 2939 1450 2981 autem
1478 2923 1625 2995 ifilem

14 2993 252 3081 Episcopus
270 3015 424 3075 neque
439 3001 490 3056 iri
512 2998 841 3077 custodiafuit
861 3041 877 3065 ‚
916 3023 1067 3077 neque
1099 3007 1150 3062 in
1164 3007 1330 3081 aliqua
1346 3000 1622 3077 afflet-ione,

96 3073 104 3078 ’
808 3082 975 3166 Ggg
1022 3102 1050 3160 5
1534 3086 1627 3163 fid
