1888 3428
230 163 354 227 490
452 182 455 184 >
580 150 733 207 PRo
759 165 972 206 comt
1015 146 1577 212 CAEsAREEN'sts
1658 167 1669 175 ‘⁷

229 248 352 289 turn
376 249 501 288 cum
518 232 746 289 Pacurio
765 234 994 290 Peranio
1031 231 1057 306 (
1073 234 1114 288 is
1133 233 1421 292 Romanos
1454 235 1750 317 Hydrunte
1767 244 1884 320 quix

235 331 387 371 erant
419 313 640 395 regebat
664 319 687 386 )
725 317 995 394 colloquia
1032 313 1287 374 miscuere
1311 336 1367 375 ut
1386 314 1451 377 de
1469 318 1560 378 sua
1573 318 1736 381 salute
1753 321 1863 383 fide

231 415 449 477 accepta
463 396 534 455 'ab
553 397 856 456 Iustiniano
876 402 1207 476 Imperatore
1229 439 1246 466 ,
1280 400 1550 460 Romanis
1583 401 1687 462 sese
1718 407 1865 464 mili-

230 496 455 561 temque
475 483 664 539 &loca
682 477 782 539 suae
815 478 1069 538 custodiae
1100 480 1342 560 permissa
1360 485 1646 544 traderent.
1693 491 1865 568 Super

229 561 314 619 his
335 562 882 642 pactisconsultatum
915 566 956 622 it
989 567 1310 640 Byzantium
1342 572 1612 627 Pacurius.
1654 572 1734 628 At
1764 575 1862 629 Sa-

227 644 373 702 lonis
392 643 668 725 profectus
685 644 880 704 Narses
909 651 966 705 in
996 649 1246 705 Totilam
1263 651 1267 652 ⁷
1282 647 1640 731 Gotthosque
1659 653 1773 711 ibat
1794 676 1885 712 0--

228 730 490 787 mnicum
510 731 745 787 exercitu
765 771 782 799 ,
817 751 1024 812 magno
1055 734 1340 812 imprimis.
1385 732 1507 792 satis'¹
1538 739 1688 794 enim
1718 740 1863 797 mul-‘-

228 819 310 867 tas
337 810 402 867 ab
424 817 757 891 Imperatore
791 819 1042 893 pecunias
1070 833 1346 893 acceperat
1372 859 1389 885 ,
1425 818 1572 876 unde
1591 825 1646 877 &
1677 824 1861 900 copias

227 894 478 974 ingentes
497 893 856 954 conscriberet
870 937 887 963 ‚
919 904 974 955 &
1010 898 1128 977 quae
1148 897 1295 955 bello
1312 898 1592 959 nec'effaria
1618 923 1824 981 pararet
1841 948 1857 969 ‚

225 993 481 1055 praeterea
503 982 665 1036 veteri
684 1000 777 1057 per
794 982 994 1037 Italiam
1017 982 1173 1039 militi
1190 1003 1308 1060 quae
1323 981 1667 1044 debebantur
1683 986 1862 1046 exsol-

225 1054 397 1118 veret.
442 1060 689 1117 Tardum
725 1064 872 1118 enim
919 1084 1127 1121 nomen
1161 1060 1338 1122 factus
1368 1084 1480 1125 erat
1515 1072 1854 1145 Imperator,

224 1145 403 1200 multo
422 1141 593 1220 elapso
616 1158 866 1221 tempore
895 1146 1047 1224 quod
1080 1148 1235 1203 militi
1255 1168 1316 1203 ex
1341 1148 1560 1227 publico
1593 1150 1858 1231 stipendia

221 1223 291 1281 de
313 1246 463 1281 more
488 1225 628 1281 nulla
648 1224 1022 1303 processerant.
1068 1227 1321 1306 Sperabat
1341 1251 1404 1286 ex
1423 1236 1611 1290 eadem
1631 1238 1859 1312 pecunia

221 1309 366 1365 vinci
386 1304 532 1385 pofl'e
549 1309 762 1363 animos
787 1329 980 1367 eorum
1006 1313 1100 1388 qui
1124 1310 1188 1367 ad
1219 1312 1469 1371 Totilam
1489 1313 1861 1397 perfugerant,
1882 1365 1885 1371 .

221 1406 286 1447 ut
305 1389 616 1447 commodis
637 1388 844 1448 deliniti
864 1410 1084 1450 mutatae
1116 1390 1243 1451 fidei
1273 1399 1657 1474 poenitentiam
1676 1398 1857 1458 osten-

219 1470 437 1530 derent.
478 1473 1073 1555 Negligentiambenim
1109 1473 1292 1543 suam,
1333 1500 1441 1559 qua
1470 1484 1633 1539 nimis
1667 1482 1762 1540 diu
1796 1487 1854 1541 in

219 1552 367 1613 bello
385 1555 492 1613 hoc
514 1555 936 1616 administrando
958 1557 1077 1615 usus
1094 1555 1271 1618 fuerat
1287 1561 1627 1627 Iustinianus‚
1645 1564 1879 1646 postte?

219 1658 376 1695 mum
401 1641 632 1719 egregiis
654 1642 929 1717 paratibus
952 1661 1275 1701 correxerat.
1316 1644 1510 1703 Narses
1529 1649 1730 1728 quippe
1747 1652 1854 1706 im-

220 1723 434 1800 perium
453 1722 573 1779 belli
594 1722 656 1778 ad
676 1721 724 1778 se
743 1722 966 1781 derivari
986 1723 1174 1782 videns
1193 1767 1210 1793 ‚
1253 1727 1471 1807 dignam
1495 1730 1630 1787 duce
1662 1751 1847 1790 curam

219 1821 432 1882 ceperat
453 1846 469 1871 ‚
499 1807 630 1862 clare
652 1804 867 1862 edicens
886 1846 903 1873 ,
934 1826 1049 1862 non
1068 1806 1290 1865 aliterin
1306 1811 1412 1867 hoc
1446 1809 1497 1869 se
1526 1817 1849 1891 Imperatori

217 1890 518 1965 pariturum
540 1928 557 1954 ,
587 1886 683 1943 nisi
720 1892 858 1944 vires
894 1886 990 1944 fibi
1025 1906 1179 1946 tanto
1213 1894 1370 1971 operi
1397 1892 1687 1955 neceffariae
1721 1895 1849 1977 sup-

216 1969 603 2048 peditarentur.
648 1972 729 2026 Sic
761 1969 826 2026 ab
860 1975 1188 2048 Imperatore
1208 1975 1397 2032 nactus
1431 1977 1661 2035 militem
1691 1986 1848 2047 &ar-‘-

218 2072 307 2110 rna
346 2072 442 2129 pro
481 2052 743 2131 dignitate
777 2054 1044 2109 Romanae
1073 2057 1149 2110 rei
1181 2097 1196 2117 ,
1237 2056 1348 2137 ipse
1381 2057 1540 2118 studii
1571 2063 1841 2143 impiger,
1868 2127 1869 2130 Ἴ

218 2137 516 2191 exercitum
550 2132 903 2214 magnificum
938 2133 1261 2196 confecerat.
1307 2143 1452 2198 Nam
1481 2162 1670 2221 praeter
1698 2167 1842 2224 quos

205 2237 421 2297 magno
442 2238 671 2274 numero
692 2220 955 2296 Byzantio
993 2219 1132 2297 e‘que
1167 2226 1322 2279 omni
1341 2223 1572 2283 Thracia
1605 2226 1872 2306 adduce-x

216 2298 342 2366 bat,
378 2301 578 2367 multos
612 2322 675 2358 ex
706 2303 915 2380 Illyrico
934 2302 1174 2382 collegit.
1216 2304 1482 2363 Iohannes
1501 2327 1752 2388 praeterea
1782 2317 1840 2369 δε

214 2402 339 2439 cum
360 2379 454 2438 suo
477 2383 646 2439 milite
667 2388 866 2440 &cum
907 2405 975 2441 eo
1009 2406 1176 2464 quem
1210 2384 1358 2446 socer
1392 2387 1486 2469 ipsi
1526 2392 1839 2452 Germanus

214 2466 534 2545 reliquerat,
568 2463 663 2544 ipfi
683 2463 732 2522 se
761 2465 1009 2524 addebat.
1053 2472 1251 2526 Praeter
1268 2469 1370 2528 hos
1405 2473 1669 2532 Audovin
1689 2478 1838 2533 Lan-

211 2545 589 2626 gobardorum
625 2568 714 2605 rex
734 2589 752 2616 ‚
783 2566 904 2606 tum
923 2545 1104 2607 federe
1122 2547 1331 2615 sociali,
1365 2572 1484 2612 tum
1507 2561 1748 2634 pecuniis
1766 2558 1834 2616 ab

210 2629 855 2705 Imperatorelustiniano
886 2635 944 2690 in
978 2632 1034 2691 id
1066 2631 1329 2693 adducfftus
1353 2678 1371 2705 ,
1404 2634 1696 2696 diletios‘e*
1729 2638 1836 2698 suis

207 2708 358 2774 bello
380 2715 628 2793 egregios
647 2712 730 2771 bis
750 2715 896 2772 mille
914 2710 1248 2795 quingentos
1264 2759 1281 2786 ‚
1319 2721 1518 2778 auxilio
1537 2724 1583 2778 ei
1603 2720 1834 2792 miserat,

211 2816 354 2874 quos
391 2793 680 2854 ministeria
702 2795 1098 2876 sequebantur,
1133 2821 1248 2857 non
1288 2806 1469 2859 minus
1504 2805 1604 2860 tria
1635 2809 1795 2863 millia
1817 2845 1833 2873 ,

208 2878 406 2934 idonea
429 2876 607 2956 &ipsa
628 2880 839 2956 praeliis.
877 2880 958 2936 Ex
987 2882 1331 2941 Herulorum
1368 2906 1497 2942 vero
1535 2905 1697 2966 gente
1730 2891 1832 2945 tria

210 2964 375 3023 miliia
391 2960 601 3021 Narseti
634 2959 684 3021 se
703 2961 1055 3042 adjunxerant
1075 3004 1092 3034 ‚
1124 2969 1335 3046 equites
1367 2988 1561 3027 omnes
1583 3009 1600 3039 ‚
1629 2972 1828 3048 quibus

1668 3050 1833 3109 duces
