1888 3428
252 211 330 284 84
570 208 962 266 Pssoc'opu
1025 206 1581 280 CAESAREE-usts
1799 263 1802 265 ,

173 284 176 287 ’
247 290 434 347 Deum
471 306 570 346 nec
600 287 852 347 h'omines
879 294 1061 347 vereri.
1104 308 1219 345 non
1249 285 1595 361 jurisjurandi
1615 283 1717 342 ulla
1734 282 1857 341 reli-*-

247 372 366 449 gio,
405 389 519 426 non
559 369 807 429 obsidum
827 393 948 429 cura
966 412 982 439 ‚
1016 366 1218 427 etiamfi
1238 371 1542 448 principum
1561 369 1698 425 inter
1716 363 1862 444 ipsos

251 450 406 511 liberi
432 449 534 507 sint
566 471 658 509 aut
682 449 866 510 fratres
895 475 910 510 z
944 473 1041 510 nec
1069 455 1358 530 quicquam
1394 449 1535 527 apud
1566 449 1685 507 illos
1716 445 1860 503 aliud

198 572 201 574 -
247 554 350 612 pax
369 575 386 601 ‚
419 554 584 612 quam
604 532 839 592 hostium
858 553 1050 592 metus.
1095 533 1293 591 Federa
1311 552 1435 588 cum
1466 528 1585 609 ipfis
1607 528 1858 586 Belisario

247 614 402 694 quod
418 618 630 673 initium
652 660 665 681 ‚
702 638 863 695 quem
885 614 1049 673 finem
1068 613 1348 693 habuerint
1367 611 1700 669 memorabo.
1750 609 1877 667 Vbi

248 696 452 754 classem
473 701 528 754 in
545 695 787 756 Africam
809 702 986 755 venire
1002 700 1289 777 cognitum
1307 693 1380 751 est
1403 736 1419 762 ‚
1443 696 1621 750 Mauri
1642 713 1708 749 ne
1727 691 1860 771 quid

247 779 375 837 inde
393 783 516 838 mali
539 784 859 859 acciperent,
874 783 1145 843 timente5‚
1169 775 1426 835 muliebre
1447 768 1755 855 responsum
1772 794 1859 830 ex-

171 926 173 930 ⁴
247 863 519 940 petivere:
556 882 735 941 neque
758 866 901 919 enim
924 882 1045 918 mos
1066 862 1337 916 vaticinari
1358 861 1516 915 viros.
1549 856 1762 914 feminae
1782 853 1861 911 sa-

250 940 453 1000 crificio
492 942 709 1001 limfatae
743 962 944 1001 canunt
984 961 1210 999 ventura
1247 963 1260 997 t
1295 961 1476 997 earum
1500 939 1654 997 dietis
1673 937 1861 995 eadem

248 1046 369 1103 quae
387 1023 561 1102 priscis
579 1029 805 1083 oraculis
824 1024 977 1083 fides.
1020 1027 1183 1080 Tunc
1201 1063 1216 1091 ‚
1252 1041 1313 1080 ut
1328 1040 1594 1081 narratum
1613 1061 1630 1087 ,
1665 1017 1860 1077 consu-
1886 1093 1888 1095 .

249 1108 510 1174 lentibu3‚
530 1108 814 1186 praedixere
831 1108 1099 1173 muliere3‚
1119 1127 1182 1163 ex
1200 1109 1349 1183 aquis
1367 1106 1658 1161 exercitum
1678 1143 1694 1169 ,
1715 1103 1860 1158 exci-

251 1187 403 1244 dium
422 1191 670 1246 Vandalae
691 1192 868 1267 gentis
886 1229 901 1254 ‚
922 1187 1124 1244 cladem
1148 1187 1470 1243 Maurorum
1491 1226 1508 1251 ‚
1543 1184 1637 1242 ubi
1656 1182 1862 1241 imber-

252 1267 337 1326 bis
367 1269 474 1326 dux
508 1272 772 1328 Romanis
804 1267 967 1327 foret.
1010 1268 1327 1324 HisMauri
1366 1266 1556 1323 auditis
1575 1263 1862 1343 postquam

250 1371 316 1406 ex
338 1355 469 1407 mari
488 1370 681 1409 terram
701 1354 946 1432 attigerat
968 1348 1154 1417 clasfiS‚
1170 1350 1354 1428 perciti
1374 1346 1686 1414 formidine,
1708 1350 1863 1404 Van-

248 1430 497 1490 dalorum
515 1431 823 1491 societatem
840 1431 1145 1489 abnuerunt
1161 1452 1176 1487 τ
1190 1428 1276 1488 sed
1295 1428 1457 1488 miffis
1473 1430 1536 1487 ad
1552 1428 1862 1486 Belisarium

248 1513 462 1593 legatiS,
482 1538 628 1594 pace,
646 1535 709 1573 ut
727 1534 848 1573 ante
864 1514 1118 1578 diximuS,
1135 1511 1342 1571 firmata
1362 1553 1379 1580 ,
1402 1529 1647 1591 quaerunt
1667 1513 1862 1568 intenti

251 1615 417 1672 quem
434 1601 641 1654 exitum
666 1618 812 1654 arma
837 1593 1000 1655 effent
1016 1594 1270 1652 habitura.
1305 1592 1567 1671 Collapfis
1584 1593 1862 1652 Vandalo-

252 1694 375 1733 rum
397 1677 554 1735 rebus
573 1718 588 1739 ‚
625 1676 808 1735 misere
841 1681 897 1734 in
930 1675 1090 1734 castra
1107 1677 1389 1737 Romana,
1420 1675 1585 1732 visum
1605 1678 1787 1753 ecquis
1805 1677 1879 1730 in·

254 1759 483 1816 ducibus
519 1759 684 1816 barba
701 1777 917 1816 careret.
963 1757 1054 1815 ubi
1093 1779 1284 1814 omnes
1319 1754 1638 1836 conspexere
1666 1755 1860 1813 barba-

253 1858 342 1898 tos
360 1876 377 1908 9
405 1862 521 1897 non
539 1845 591 1898 in
613 1839 832 1920 praesens
848 1840 1007 1897 sedin
1027 1836 1230 1896 futuras
1247 1857 1426 1896 aetates
1445 1842 1707 1917 pertinere
1727 1859 1860 1916 prae-

253 1922 458 2001 sagium
489 1921 878 1980 arbitrabantur
896 1962 911 1987 ‚
944 1925 1439 2000 interpretationem
1465 1942 1577 2000 quo
1599 1919 1860 1999 optabant

251 2004 541 2062 trahenteS.
584 2004 868 2083 statimque
887 2009 1094 2075 animus
1116 2023 1224 2061 erat
1241 2023 1487 2081 rumpere
1512 1999 1690 2059 federa
1726 2024 1739 2057 ε
1771 1999 1859 2058 sed
1886 2042 1888 2051 2

214 2112 218 2115 ·
254 2084 487 2143 terrebat
504 2087 729 2145 Belisarii
749 2085 892 2143 fama
924 2108 938 2141 :
962 2084 1064 2164 qui
1084 2086 1257 2144 donec
1276 2083 1487 2152 adeffet,
1509 2085 1574 2142 de
1593 2086 1858 2142 Romanis
1886 2124 1888 2150 ξ

255 2168 540 2225 victoriam
576 2167 778 2246 sperare
811 2189 924 2225 non
945 2164 1229 2225 audebant.
1269 2167 1353 2224 sed
1376 2166 1529 2223 fimul
1548 2164 1690 2223 abire
1708 2167 1858 2222 illum
1883 2186 1888 2204 ¹

255 2270 362 2306 una
382 2272 503 2307 cum
524 2248 828 2308 satellitibus
845 2271 903 2306 ac
924 2248 1316 2327 proteffitoribus
1336 2290 1353 2316 ,
1384 2249 1594 2327 impleri
1613 2246 1692 2304 his
1712 2288 1730 2314 ,
1760 2267 1859 2304 nec

255 2335 435 2391 minus
454 2332 703 2389 Vandalis
721 2335 935 2411 captivis
955 2341 1108 2387 naves
1129 2330 1399 2388 audierant
1422 2370 1440 2395 ,
1461 2330 1647 2386 sumtis
1664 2349 1859 2407 repen-
1880 2329 1888 2410 3

256 2416 504 2474 marinis,
520 2415 663 2471 nulla
682 2417 731 2469 vi
745 2417 804 2470 in
819 2410 985 2470 Afros
1000 2411 1325 2470 abstinuere:
1347 2413 1542 2468 milites
1560 2413 1704 2468 enim
1725 2431 1858 2489 pau-
1879 2414 1888 2476 ὲ

257 2495 535 2551 cifdiverfis
553 2500 606 2552 in
624 2493 823 2552 finibus
845 2539 857 2559 ,
885 2495 1115 2552 necdum
1138 2499 1297 2573 parati
1315 2493 1431 2550 satis
1447 2491 1510 2548 ab
1528 2497 1592 2550 iis
1610 2513 1727 2571 quae
1745 2489 1886 2554 bel-l

256 2576 311 2630 lo
329 2575 622 2644 necessaria,
637 2575 1077 2635 incumbentibus
1100 2576 1337 2654 undique
1353 2574 1590 2632 barbaris
1608 2571 1888 2645 obfistereb

256 2678 371 2714 non
390 2678 657 2737 poterant,
676 2681 850 2739 neque
867 2658 1102 2715 incursus
1117 2655 1350 2730 crebrOS,
1367 2655 1453 2714 sed
1471 2649 1888 2734 furtiv08,pro—i

257 2739 458 2797 hibere.
502 2746 580 2797 Ita
614 2740 723 2799 caesi
757 2740 940 2821 paffim
968 2745 1099 2808 viri,
1131 2740 1384 2797 mulieresv
1398 2742 1656 2818 puerique
1676 2741 1732 2794 in
1751 2714 1878 2794 ser--¹

259 2825 453 2879 vitium
473 2823 617 2880 ducii
638 2864 654 2888 ‚
688 2823 860 2901 praeda
878 2822 941 2878 ab
961 2824 1115 2879 omni
1135 2824 1305 2878 limite
1324 2838 1469 2900 rapta
1487 2864 1502 2886 ,
1540 2819 1669 2899 fuga
1695 2754 1888 2951 uadi-3

258 2924 364 2981 que
383 2907 593 2983 ingens,
633 2906 766 2962 Haec
783 2900 1029 2962 Belisario
1041 2908 1151 2978 jam
1171 2906 1440 2983 naviganti
1459 2906 1701 2961 nuntiata
1720 2941 1736 2967 ‚
1769 2919 1873 2968 res

260 2989 393 3046 verti
433 2984 539 3067 ipse
569 3007 682 3047 non
709 3004 924 3067 poterat
957 3008 971 3046 ε
1004 2983 1089 3047 sed
1118 2986 1410 3068 regendam
1436 2983 1681 3048 Africam
1700 2981 1855 3038 Solo·
1868 2974 1888 3055 31

413 3107 417 3109 >
673 3067 682 3075 ‘
1698 3051 1888 3149 moni&

1860 3248 1888 3428 3

1870 2949 1888 2964 -νέ
