1888 3428
0 265 1 270 ,
206 199 1148 262 H1STORIAEVANDAL10AE
1188 203 1415 261 L1B.1.
1560 222 1600 276 9

5 284 240 345 fortuna.¹
280 285 432 343 Solet
447 286 592 343 enim
611 284 674 341 ii‘s
690 283 785 359 qui
803 299 903 337 nec
918 280 1188 362 ingeniosi
1206 282 1327 342 sunt
1346 327 1364 353 ‚
1396 304 1496 343 nec
1513 285 1604 344 ad-

0 363 269 428 ‘versorum
301 366 535 426 remedia
566 385 659 445 per
691 362 740 422 se
767 365 997 442 reperire
1028 360 1206 423 faciles
1233 405 1249 427 ‚
1289 364 1325 421 fi
1364 367 1606 445 improbi

5 449 155 509 fimul
170 470 284 509 non
302 448 403 507 fint
421 491 438 519 ,
465 445 713 507 favere&
730 448 981 523 opitulari
1004 446 1159 503 Deus
1178 450 1234 504 in
1258 450 1497 505 maximo
1520 470 1606 507 re-

6 553 121 603 rum
140 530 471 592 discrimine:
504 529 654 610 quod
671 546 803 586 tunc
822 528 896 583 illi
914 531 1143 608 principi
1161 532 1416 609 contigit.
1456 532 1604 589 Nam

6 612 281 674 confestim
303 616 477 672 nuntii
499 615 569 673 illi
586 612 813 673 veniunt
826 609 893 667 de
908 608 1206 668 interfeffis
1224 616 1279 669 in
1300 607 1483 671 Africa
1496 618 1607 671 Ate

7 700 90 756 tali
108 695 497 778 magistratibus
526 715 540 751 t
576 701 631 753 &
665 693 694 751 a
728 696 991 772 Byzantio
1022 698 1244 752 navium
1280 716 1480 776 magna
1500 698 1605 767 νίς,

6 781 289 857 plurimum
305 785 358 838 δε
377 780 557 836 militis
578 774 755 835 ferens
774 817 789 843 ‚
821 773 1179 856 inexspectata
1194 780 1251 834 in
1270 776 1434 853 ipfius
1451 781 1606 838 auxi-

7 865 127 918 {ium
145 862 320 920 aderat
353 882 367 917 ε
406 860 514 938 ipse
533 880 781 938 praeterea
796 860 1047 916 inimicus
1068 862 1259 918 Attalo
1276 858 1451 919 factus
1467 863 1607 920 Ala-

7 944 169 1001 :ichus
183 947 380 1023 regiam
400 944 472 1000 illi
487 942 710 1021 speciem
729 942 1044 1010 detraxerat,
1059 948 1186 1000 &in
1204 947 1468 1022 privatam
1486 941 1607 1004 for-

8 1047 183 1083 :unam
214 1025 489 1083 redactum
508 1065 526 1092 ,
559 1024 772 1105 insuper
804 1029 1077 1103 captivum
1107 1024 1358 1085 habebat.
1399 1026 1605 1107 quibus

8 1107 155 1165 rebus
173 1106 432 1166 confectis
449 1107 732 1166 Alarichus
749 1108 949 1166 morbo
967 1107 1322 1190 extinguitur.
1361 1113 1442 1168 At
1458 1112 1605 1170 Wi-

8 1188 355 1271 ffgotthorum
377 1196 638 1249 exercitus
659 1191 937 1270 Ataulpho
960 1189 1168 1249 ducein
1189 1191 1425 1250 Galliam
1444 1190 1495 1250 se
1513 1196 1603 1252 in-

19 1276 106 1330 icit
127 1313 142 1341 ,
175 1273 268 1330 ubi
287 1276 460 1330 vifitus
479 1275 658 1351 praelio
676 1273 1070 1331 Constantinus
1093 1295 1216 1331 cum
1236 1271 1357 1333 filiis
1374 1277 1596 1349 interiit.

9 1355 329 1411 &Iontamen
348 1363 398 1413 &
413 1359 742 1413 Britanniam
764 1358 1002 1414 Romani
1021 1360 1253 1435 recipere
1269 1375 1601 1436 potuerunt:

10 1435 82 1493 led
103 1437 291 1494 mansit
322 1437 387 1494 ab
417 1460 484 1495 eo
514 1456 758 1516 tempore
790 1436 884 1496 sub
923 1436 1262 1496 insefforibus
1293 1438 1476 1497 insula.
1521 1443 1603 1498 At

10 1519 197 1576 Gotthi
215 1517 433 1576 transito
451 1525 688 1598 primum
707 1519 967 1578 Danubio
983 1522 1319 1578 Pannoniam
1338 1540 1561 1584 tenuere
1582 1542 1600 1579 ε

10 1601 183 1658 leinde
203 1604 541 1677 Imperatoris
564 1601 785 1658 conceff
778 1624 809 1658 u
827 1601 1114 1659 Thraciam
1132 1601 1441 1660 habitarunt
1459 1643 1477 1670 ,
1500 1624 1601 1662 nec

12 1682 68 1740 bi
104 1684 336 1740 multum
374 1687 566 1740 morati
601 1681 830 1751 invasere
851 1683 1213 1741 Occidentem
1252 1704 1266 1738 ε
1304 1704 1422 1764 quae
1440 1686 1600 1745 latius

11 1769 175 1822 ›mnia
209 1768 265 1821 in
298 1764 574 1820 Gotthicis
591 1762 822 1822 exsecuti
839 1761 1037 1823 sumus.
1080 1764 1307 1824 Vandali
1327 1767 1390 1825 ad
1411 1768 1600 1827 Moeo-

17 1847 157 1905 idem
176 1862 378 1904 veteres
396 1846 700 1904 habuerunt
714 1845 879 1904 sedes:
895 1847 1020 1906 inde
1035 1844 1178 1905 fama
1194 1847 1348 1926 preffi
1366 1849 1430 1907 ad
1448 1851 1597 1909 Ger·-

12 1951 184 1987 nanos
201 1970 217 1992 ,
248 1934 340 2009 qui
359 1950 503 1986 nunc
523 1930 710 1988 Franci
728 1930 983 1988 dicuntur
1001 1971 1018 1998 ,
1039 1929 1330 2010 Rhenique
1351 1949 1526 2011 partes
1543 1932 1596 1991 se

19 2011 156 2069 ulere
176 2054 191 2077 ‚
220 2009 422 2069 adscitis
444 2012 629 2070 Alanis
652 2054 667 2079 ,
696 2012 964 2070 Gotthica
984 2010 1166 2091 &ipsa
1183 2017 1421 2072 natione.
1464 2015 1594 2075 inde

13 2093 309 2174 Bodigisclo
344 2094 477 2151 duce
511 2099 567 2152 in
585 2093 840 2175 Hispania
858 2094 1215 2153 consederunt
1237 2137 1253 2165 ‚
1286 2119 1403 2176 quae
1421 2101 1596 2176 prima

14 2175 63 2234 :st
81 2176 146 2235 ab
166 2178 393 2234 Oceano
411 2178 792 2236 Romanorum
815 2180 1111 2257 provincia.
1158 2180 1306 2236 Cum
1338 2177 1444 2237 hoc
1464 2181 1595 2239 Go-

14 2257 201 2340 ligisclo
219 2258 495 2338 paciscitur
511 2263 801 2318 Honorius
820 2302 836 2327 ‚
874 2279 934 2320 ut
968 2260 1075 2318 fine
1094 2264 1427 2340 populorum
1447 2266 1594 2323 malo

15 2362 107 2398 am
125 2340 298 2400 sedem
316 2360 562 2402 tenerent
582 2367 596 2402 ε
616 2364 850 2423 cumque
874 2345 957 2403 lex
978 2340 1104 2402 effet
1122 2343 1264 2423 apud
1282 2347 1593 2409 Romanos,

16 2422 26 2480 i
48 2428 137 2504 qui
157 2445 236 2481 res
252 2422 365 2482 suas
383 2446 497 2483 non
518 2425 845 2505 poffiderent
863 2433 917 2485 δε
936 2430 1157 2505 triginta
1172 2431 1296 2484 anni
1315 2427 1592 2487 elaberen-

18 2526 79 2563 ur
98 2545 116 2573 ‚
151 2507 247 2564 illis
280 2527 379 2565 nec
410 2508 546 2566 ultra
562 2511 743 2566 liceret
761 2529 843 2566 res
861 2508 889 2567 a
907 2506 1283 2590 poffefforibus
1304 2509 1592 2582 vindicare,

17 2588 75 2646 ed
93 2587 475 2667 praescriptione
491 2591 558 2649 ab
571 2591 778 2668 judicio
805 2609 1216 2651 removerentur
1236 2632 1253 2658 ,
1286 2614 1482 2652 novam
1503 2613 1593 2653 tu-=

18 2672 55 2725 it
72 2709 90 2737 ,
120 2671 250 2729 neid
268 2690 479 2752 tempus
498 2673 650 2754 quod
676 2673 903 2736 Vandali
919 2678 1181 2734 Romano
1196 2678 1250 2733 in
1269 2674 1386 2733 solo
1408 2698 1591 2736 mora-

21 2768 176 2808 entur
191 2752 253 2808 ad
271 2754 572 2830 patiendam
593 2754 1042 2836 praescriptionem
1060 2759 1261 2819 valeret
1275 2761 1592 2840 quicquam.

21 2854 42 2889 s
57 2850 166 2891 erat
185 2833 491 2895 Occidentis
510 2838 672 2897 status
690 2860 814 2898 cum
832 2842 1154 2899 Honorium
1184 2842 1412 2899 morbus
1427 2843 1591 2900 rebus

21 2918 239 2973 numanis
257 2922 469 2977 exemit.
507 2921 675 2980 Paulo
694 2941 814 2980 ante
831 2927 888 2980 in
904 2921 1214 2982 societatem
1231 2927 1445 3002 Imperii
1465 2941 1590 2981 cum

22 2995 107 3077 pso
142 3018 354 3063 venerat
392 3002 748 3066 Constantius
766 3045 786 3078 ,
820 3008 1267 3070 inmatrimonio
1303 3006 1600 3145 IJIacidilam

947 3092 1004 3149 A
1051 3105 1075 3167 5
1535 3107 1594 3154 a<
