1888 3428
215 158 335 235 478
541 155 930 209 Pssocopu
970 149 1522 207 CAESAREENSIS

212 241 417 319 septem
443 239 496 292 &
518 233 871 313 quadraginta
895 247 954 287 ut
975 272 991 298 ‚
1027 229 1236 309 oppido
1258 248 1398 287 terra
1414 230 1571 288 simul
1589 235 1831 312 marique

214 317 569 380 circumcluso
592 358 608 385 ‚
644 317 842 372 certior
861 310 985 371 effet
1001 309 1320 391 faciliorque
1338 313 1578 371 viffloria.
1622 317 1832 373 Tracto

215 407 310 463 diu
345 399 558 458 obsidio
577 441 594 467 ,
645 417 908 476 caeperant
926 397 1021 476 qui
1053 398 1109 451 in
1141 395 1350 474 oppido
1368 414 1519 453 erant
1540 400 1832 455 multarum
1880 435 1886 463 z

215 506 397 545 rerum
430 482 630 563 quibus
661 485 768 536 vita
804 479 1013 558 indiget
1047 482 1269 556 penuria
1299 482 1499 538 vexari.
1540 480 1692 558 quod
1738 480 1833 536 ubi

215 571 532 629 Valerianus
548 565 818 620 Ravennae
841 581 961 619 tum
981 560 1379 639 agensdidicit,
1409 559 1836 619 solusRomanis
1881 569 1886 580 '

217 657 316 731 qui
350 653 597 707 Anconae
632 664 779 703 erant
809 666 974 720 opem
1008 640 1146 700 ferre
1167 664 1279 699 non
1298 637 1562 701 sufficiens
1583 685 1599 710 ‚
1640 644 1705 702 ad
1736 649 1835 700 10-
1886 665 1888 667 ’

217 736 452 794 hannem
487 729 670 788 sorore
690 730 943 784 Vitaliani
963 729 1213 807 genitum
1235 728 1330 806 qui
1355 729 1559 783 Salonis
1581 726 1835 784 moraba-
1884 768 1885 772 ,

215 838 306 876 tur
323 819 431 874 haec
452 811 643 870 scribit.
689 814 812 868 Vna
833 809 993 867 nobis
1022 813 1079 865 in
1097 829 1191 865 ora
1213 811 1478 866 maritima
1496 816 1731 867 Ancona
1749 830 1834 866 re-
1885 860 1888 861 γ

218 900 319 959 stat
340 940 352 960 ‚
387 917 447 954 ut
467 896 603 952 nosti
625 937 637 959 ,
658 893 692 949 fi
714 913 895 951 tamen
915 912 1060 949 nunc
1080 912 1303 970 quoque
1322 890 1495 949 restat.
1524 895 1669 949 Tam
1687 894 1834 950 enim
1882 915 1883 918 ¹

218 983 343 1042 sunt
362 978 557 1038 miserae
580 979 961 1033 Romanorum
982 1016 998 1041 ‚
1028 978 1122 1053 qui
1155 973 1230 1031 ibi
1261 973 1714 1033 circumsedentur
1732 995 1835 1039 reS,

219 1085 282 1124 ut
301 1066 530 1120 multum
552 1078 792 1114 metuam
812 1079 879 1113 ne
897 1056 1071 1114 serum
1091 1054 1392 1113 adferamus
1411 1059 1670 1114 auxilium
1690 1099 1708 1121 ,
1742 1056 1848 1113 fit-'
1885 1090 1886 1093 =

220 1168 328 1224 que
366 1144 543 1200 nostra
573 1141 655 1196 vel
684 1142 917 1196 maxima
937 1159 1082 1194 nunc
1113 1135 1382 1195 festinatio
1407 1140 1710 1198 necessitate
1730 1161 1837 1218 po-

219 1229 411 1288 sterior
425 1268 440 1292 ,
475 1232 524 1281 &
548 1244 660 1279 rem
682 1241 956 1279 tentemus
976 1225 1125 1295 cujus
1142 1238 1391 1297 tempora
1407 1220 1730 1280 effluxerint.
1749 1221 1837 1279 sed

220 1330 445 1371 manum
467 1305 726 1364 abstineo.
771 1326 893 1360 nam
917 1307 1049 1360 mala
1068 1321 1188 1383 quae
1209 1301 1398 1359 obsesfi
1419 1304 1653 1362 tolerant
1670 1329 1688 1372 ,’
1703 1326 1836 1383 pro-
1862 1375 1877 1378 -

221 1396 344 1454 duci
378 1388 661 1469 epistolam
694 1408 809 1443 non
844 1384 1058 1454 sinunt,
1094 1404 1246 1442 totos
1277 1407 1379 1444 nos
1397 1389 1452 1442 in
1473 1384 1522 1444 se
1539 1392 1835 1446 avocantia.

221 1480 324 1536 tale
343 1477 544 1553 quippe
564 1471 863 1550 periculum
883 1468 958 1525 est
973 1511 988 1535 ‚
1004 1471 1113 1536 cui,
1131 1467 1166 1525 si
1187 1466 1300 1525 fieri
1322 1468 1482 1547 poffit
1498 1514 1513 1535 ‚
1531 1469 1836 1528 remedium

221 1559 400 1619 verbis
435 1556 659 1612 celerius
692 1551 932 1609 adhiberi
968 1551 1174 1608 debeat.
1231 1553 1336 1610 His
1355 1551 1621 1610 Iohannes
1646 1552 1830 1620 lestis,

221 1660 538 1721 quanquam
573 1635 895 1691 Iustinianus
924 1634 1267 1691 interdixerat
1287 1676 1304 1702 ,
1337 1634 1386 1691 se
1408 1638 1628 1692 auc'tore
1647 1638 1721 1692 ire
1742 1657 1838 1693 au·-

223 1725 310 1784 sus
346 1721 457 1786 est,
507 1716 924 1795 obsequendum
966 1719 1147 1794 potius
1186 1717 1403 1774 censens
1434 1715 1664 1775 fortunae
1700 1718 1834 1781 adeo
1873 1727 1877 1734 ‘

224 1806 522 1889 praecipiti,
557 1821 721 1880 quam
757 1800 1014 1875 Principis
1050 1801 1297 1877 imperio.
1356 1798 1643 1857 Adsumtisr
1669 1803 1839 1878 igitur
1876 1862 1881 1865 ,-

224 1894 352 1950 viris
375 1907 516 1967 quos
541 1882 683 1939 bello
707 1882 937 1937 maxime
956 1879 1187 1937 idoneos
1221 1881 1435 1938 rebatur
1455 1925 1471 1950 ,
1506 1905 1628 1939 cum
1649 1886 1723 1939 eis
1742 1903 1852 1944 na—f

226 1992 317 2033 ves
337 1974 530 2049 longas
545 1966 675 2021 oc0to
698 1969 752 2020 &
774 1965 995 2042 triginta
1012 1961 1271 2040 implesset
1289 2005 1306 2031 ‚
1340 1965 1404 2020 ad
1423 1970 1582 2022 citam
1613 1968 1836 2044 naviga-

225 2059 437 2113 tionem
456 2066 803 2128 pugnamque
822 2046 1140 2101 maritimam
1161 2049 1371 2123 optime
1389 2042 1552 2104 factas
1572 2088 1588 2115 ,
1615 2047 1837 2126 impofi-

227 2141 295 2195 tis
315 2142 368 2192 &
387 2133 545 2189 rebus
564 2131 741 2185 itineri
760 2128 1011 2206 belloque
1027 2126 1319 2185 necessariis
1335 2169 1351 2195 ,
1382 2127 1407 2186 a
1429 2131 1634 2187 Salonis
1655 2127 1840 2208 profe-

228 2222 347 2277 &cus
375 2235 487 2272 non
521 2216 684 2289 longe
722 2214 957 2266 Ancona
991 2211 1229 2288 appellita
1271 2212 1458 2268 Paullo
1491 2211 1610 2291 post
1641 2213 1838 2270 eodem

227 2300 520 2362 duodecim
555 2316 677 2351 cum
702 2291 929 2348 navibus
959 2292 1099 2349 adest
1125 2296 1459 2351 Valerianus.
1503 2296 1839 2352 consultato-

114 2433 117 2434 γ
186 2434 191 2437 ,
216 2385 404 2464 >quein
426 2377 665 2437 medium
687 2415 701 2439 ,
741 2375 1086 2454 multumque
1104 2375 1343 2454 expenlis
1360 2399 1476 2456 qua:
1501 2377 1718 2456 pvraesens
1739 2380 1840 2435 uti-
1868 2409 1873 2412 ·

228 2470 351 2526 litas
385 2460 668 2541 exigebat,
717 2457 841 2514 inde
877 2455 1087 2535 digressi
1122 2462 1377 2515 interiora
1412 2459 1587 2517 Adriae
1619 2478 1839 2538 petunt,

231 2544 648 2621 exscensumque
665 2536 871 2596 faciunt
889 2542 952 2596 ad
986 2544 1181 2597 Senam
1203 2542 1462 2598 Gallicam
1483 2582 1498 2603 ‚
1541 2563 1654 2598 non
1674 2546 1838 2621 longe

233 2637 483 2691 Ancona.
528 2645 641 2703 quo
664 2621 1203 2701 Gotthicompert0‚
1239 2645 1397 2681 naves
1429 2626 1706 2701 longas&
1745 2622 1840 2704 ipfi

232 2716 299 2774 ad
314 2712 590 2791 septem&
620 2704 976 2785 quadraginta
1006 2705 1352 2762 Gotthorum
1385 2705 1664 2785 potiffimis
1684 2728 1841 2763 com..

232 2801 382 2879 plent
400 2835 415 2859 ‚
462 2798 515 2848 ὃς
549 2791 759 2866 reliquo
781 2789 950 2843 milite
971 2789 1034 2846 ad
1052 2790 1476 2847 continuandam
1495 2789 1840 2851 obsidionem

233 2879 425 2938 relicto
447 2916 461 2937 ‚
495 2876 551 2930 in
587 2870 794 2928 hostem
816 2870 1032 2927 vadunt.
1077 2869 1448 2929 obsidentibus
1474 2876 1689 2951 Scipuar
1706 2893 1841 2950 prae-

238 2981 348 3022 erat
362 3002 378 3031 ,
390 3007 394 3014 f
408 2952 786 3038 navigantibus
799 2951 967 3011 Gibal
987 2961 1038 3015 δέ
1058 2952 1325 3015 (Ξιωιὶιιὶξ.
1345 2979 1348 2981 ’
1372 2958 1450 3015 Vt
1467 2954 1685 3015 hostiles
1702 2957 1840 3010 inter

1660 3031 1845 3106 {eclass

1886 3087 1888 3174 l

1885 3176 1888 3272 l
