<?xml version="1.0" encoding="UTF-8"?>
<!DOCTYPE html PUBLIC "-//W3C//DTD XHTML 1.0 Transitional//EN"
    "http://www.w3.org/TR/xhtml1/DTD/xhtml1-transitional.dtd">
<html xmlns="http://www.w3.org/1999/xhtml" xml:lang="en" lang="en">
 <head>
  <title>
</title>
<meta http-equiv="Content-Type" content="text/html;charset=utf-8" />
  <meta name='ocr-system' content='tesseract 3.04.00' />
  <meta name='ocr-capabilities' content='ocr_page ocr_carea ocr_par ocr_line ocrx_word'/>
</head>
<body>
  <div class='ocr_page' id='page_1' title='image "./historiagotthoru00grot_0322.png"; bbox 0 0 1888 3428; ppageno 0'>
   <div class='ocr_carea' id='block_1_1' title="bbox 202 146 1888 3077">
    <p class='ocr_par' dir='ltr' id='par_1_1' title="bbox 278 146 1878 235">
     <span class='ocr_line' id='line_1_1' title="bbox 278 146 1878 235; baseline -0.004 -20"><span class='ocrx_word' id='word_1_1' title='bbox 278 162 407 235; x_wconf 45' lang='grc' dir='ltr'>1(ςόἸ</span> <span class='ocrx_word' id='word_1_2' title='bbox 628 157 1002 213; x_wconf 73' lang='lat' dir='ltr'>PRoeomr</span> <span class='ocrx_word' id='word_1_3' title='bbox 1043 146 1564 210; x_wconf 75' lang='lat' dir='ltr'>CAESAREENsls</span> <span class='ocrx_word' id='word_1_4' title='bbox 1876 216 1878 220; x_wconf 14' lang='lat'><em>7</em></span> 
     </span>
    </p>

    <p class='ocr_par' dir='ltr' id='par_1_2' title="bbox 276 230 1874 314">
     <span class='ocr_line' id='line_1_2' title="bbox 276 230 1874 314; baseline -0.003 -17"><span class='ocrx_word' id='word_1_5' title='bbox 276 237 380 297; x_wconf 88' lang='lat' dir='ltr'>dus</span> <span class='ocrx_word' id='word_1_6' title='bbox 411 234 537 296; x_wconf 81' lang='lat' dir='ltr'>caedi</span> <span class='ocrx_word' id='word_1_7' title='bbox 554 233 822 305; x_wconf 80' lang='lat' dir='ltr'>insistens,</span> <span class='ocrx_word' id='word_1_8' title='bbox 859 241 915 293; x_wconf 87' lang='lat'>&amp;</span> <span class='ocrx_word' id='word_1_9' title='bbox 939 253 1261 313; x_wconf 89' lang='lat' dir='ltr'>quacunque</span> <span class='ocrx_word' id='word_1_10' title='bbox 1287 251 1499 311; x_wconf 86' lang='lat' dir='ltr'>poterat</span> <span class='ocrx_word' id='word_1_11' title='bbox 1527 230 1736 291; x_wconf 86' lang='lat' dir='ltr'>hostem</span> <span class='ocrx_word' id='word_1_12' title='bbox 1751 235 1874 314; x_wconf 68' lang='lat' dir='ltr'>per-3</span> 
     </span>
    </p>

    <p class='ocr_par' dir='ltr' id='par_1_3' title="bbox 276 312 1873 398">
     <span class='ocr_line' id='line_1_3' title="bbox 276 312 1873 398; baseline -0.003 -21"><span class='ocrx_word' id='word_1_13' title='bbox 276 317 659 398; x_wconf 76' lang='lat' dir='ltr'>sequen5‚adeo</span> <span class='ocrx_word' id='word_1_14' title='bbox 682 339 782 396; x_wconf 79' lang='lat' dir='ltr'>prae</span> <span class='ocrx_word' id='word_1_15' title='bbox 802 320 950 376; x_wconf 60' lang='lat' dir='ltr'>luctu</span> <span class='ocrx_word' id='word_1_16' title='bbox 969 312 1137 373; x_wconf 79' lang='lat' dir='ltr'>amiffi</span> <span class='ocrx_word' id='word_1_17' title='bbox 1156 313 1252 372; x_wconf 90' lang='lat' dir='ltr'>filii</span> <span class='ocrx_word' id='word_1_18' title='bbox 1269 315 1346 373; x_wconf 92' lang='lat' dir='ltr'>sui</span> <span class='ocrx_word' id='word_1_19' title='bbox 1366 336 1593 394; x_wconf 88' lang='lat' dir='ltr'>compos</span> <span class='ocrx_word' id='word_1_20' title='bbox 1611 337 1725 373; x_wconf 89' lang='lat' dir='ltr'>non</span> <span class='ocrx_word' id='word_1_21' title='bbox 1743 335 1873 386; x_wconf 86' lang='lat' dir='ltr'>erat,</span> 
     </span>
    </p>

    <p class='ocr_par' dir='ltr' id='par_1_4' title="bbox 277 395 1877 481">
     <span class='ocr_line' id='line_1_4' title="bbox 277 395 1877 481; baseline -0.005 -23"><span class='ocrx_word' id='word_1_22' title='bbox 277 398 309 458; x_wconf 70' lang='grc' dir='ltr'>ὲ</span> <span class='ocrx_word' id='word_1_23' title='bbox 323 395 654 481; x_wconf 76' lang='lat' dir='ltr'>fugientium</span> <span class='ocrx_word' id='word_1_24' title='bbox 672 404 852 479; x_wconf 88' lang='lat' dir='ltr'>aliquo</span> <span class='ocrx_word' id='word_1_25' title='bbox 877 402 1180 459; x_wconf 85' lang='lat' dir='ltr'>vulneratus</span> <span class='ocrx_word' id='word_1_26' title='bbox 1197 400 1412 454; x_wconf 86' lang='lat' dir='ltr'>interiit.</span> <span class='ocrx_word' id='word_1_27' title='bbox 1429 397 1575 477; x_wconf 90' lang='lat' dir='ltr'>isque</span> <span class='ocrx_word' id='word_1_28' title='bbox 1595 397 1877 476; x_wconf 75' lang='lat' dir='ltr'>insequent-</span> 
     </span>
    </p>

    <p class='ocr_par' dir='ltr' id='par_1_5' title="bbox 277 478 1877 557">
     <span class='ocr_line' id='line_1_5' title="bbox 277 478 1877 557; baseline -0.003 -17"><span class='ocrx_word' id='word_1_29' title='bbox 277 481 335 540; x_wconf 84' lang='lat' dir='ltr'>di</span> <span class='ocrx_word' id='word_1_30' title='bbox 351 485 618 540; x_wconf 86' lang='lat' dir='ltr'>Romanis</span> <span class='ocrx_word' id='word_1_31' title='bbox 635 480 757 537; x_wconf 86' lang='lat' dir='ltr'>finis</span> <span class='ocrx_word' id='word_1_32' title='bbox 775 478 876 537; x_wconf 87' lang='lat' dir='ltr'>fuit</span> <span class='ocrx_word' id='word_1_33' title='bbox 898 504 911 537; x_wconf 72' lang='grc' dir='ltr'><strong>ε</strong></span> <span class='ocrx_word' id='word_1_34' title='bbox 935 481 1256 557; x_wconf 84' lang='lat' dir='ltr'>diremtique</span> <span class='ocrx_word' id='word_1_35' title='bbox 1276 482 1554 536; x_wconf 88' lang='lat' dir='ltr'>exercitus.</span> <span class='ocrx_word' id='word_1_36' title='bbox 1582 482 1748 537; x_wconf 87' lang='lat' dir='ltr'>Tunc</span> <span class='ocrx_word' id='word_1_37' title='bbox 1762 479 1877 535; x_wconf 85' lang='lat' dir='ltr'>Ro-</span> 
     </span>
    </p>

    <p class='ocr_par' dir='ltr' id='par_1_6' title="bbox 278 559 1878 640">
     <span class='ocr_line' id='line_1_6' title="bbox 278 559 1878 640; baseline -0.002 -19"><span class='ocrx_word' id='word_1_38' title='bbox 278 585 472 621; x_wconf 88' lang='lat' dir='ltr'>manos</span> <span class='ocrx_word' id='word_1_39' title='bbox 492 565 752 621; x_wconf 84' lang='lat' dir='ltr'>memoria</span> <span class='ocrx_word' id='word_1_40' title='bbox 769 560 930 619; x_wconf 90' lang='lat' dir='ltr'>subiit</span> <span class='ocrx_word' id='word_1_41' title='bbox 955 561 1198 639; x_wconf 79' lang='lat' dir='ltr'>Sibyllini</span> <span class='ocrx_word' id='word_1_42' title='bbox 1219 559 1397 618; x_wconf 88' lang='lat' dir='ltr'>versus</span> <span class='ocrx_word' id='word_1_43' title='bbox 1411 565 1502 640; x_wconf 90' lang='lat' dir='ltr'>qui</span> <span class='ocrx_word' id='word_1_44' title='bbox 1522 561 1615 618; x_wconf 89' lang='lat' dir='ltr'>diu</span> <span class='ocrx_word' id='word_1_45' title='bbox 1635 577 1878 618; x_wconf 84' lang='lat' dir='ltr'>cantatus</span> 
     </span>
    </p>

    <p class='ocr_par' dir='ltr' id='par_1_7' title="bbox 277 640 1878 726">
     <span class='ocr_line' id='line_1_7' title="bbox 277 640 1878 726; baseline -0.002 -23"><span class='ocrx_word' id='word_1_46' title='bbox 277 648 473 726; x_wconf 86' lang='lat' dir='ltr'>ingens</span> <span class='ocrx_word' id='word_1_47' title='bbox 507 646 816 725; x_wconf 82' lang='lat' dir='ltr'>prodigium</span> <span class='ocrx_word' id='word_1_48' title='bbox 845 640 1136 723; x_wconf 78' lang='lat' dir='ltr'>significare</span> <span class='ocrx_word' id='word_1_49' title='bbox 1164 643 1494 701; x_wconf 76' lang='lat' dir='ltr'><strong>credebatur.</strong></span> <span class='ocrx_word' id='word_1_50' title='bbox 1538 641 1803 700; x_wconf 84' lang='lat' dir='ltr'>indicabat</span> <span class='ocrx_word' id='word_1_51' title='bbox 1818 663 1878 699; x_wconf 89' lang='lat' dir='ltr'>e-</span> 
     </span>
    </p>

    <p class='ocr_par' dir='ltr' id='par_1_8' title="bbox 277 722 1877 793">
     <span class='ocr_line' id='line_1_8' title="bbox 277 722 1877 793; baseline -0.001 -9"><span class='ocrx_word' id='word_1_52' title='bbox 277 730 395 784; x_wconf 88' lang='lat' dir='ltr'>nirn</span> <span class='ocrx_word' id='word_1_53' title='bbox 415 730 692 784; x_wconf 83' lang='lat' dir='ltr'>oraculum</span> <span class='ocrx_word' id='word_1_54' title='bbox 711 724 957 783; x_wconf 85' lang='lat' dir='ltr'>futurum</span> <span class='ocrx_word' id='word_1_55' title='bbox 977 745 1036 782; x_wconf 89' lang='lat' dir='ltr'>ut</span> <span class='ocrx_word' id='word_1_56' title='bbox 1054 770 1065 789; x_wconf 91' lang='lat'>‚</span> <span class='ocrx_word' id='word_1_57' title='bbox 1088 723 1123 781; x_wconf 88' lang='lat' dir='ltr'>fi</span> <span class='ocrx_word' id='word_1_58' title='bbox 1141 743 1414 783; x_wconf 85' lang='lat' dir='ltr'>teneretur</span> <span class='ocrx_word' id='word_1_59' title='bbox 1430 722 1629 793; x_wconf 79' lang='lat' dir='ltr'>Africa,</span> <span class='ocrx_word' id='word_1_60' title='bbox 1648 728 1877 782; x_wconf 85' lang='lat' dir='ltr'>exitium</span> 
     </span>
    </p>

    <p class='ocr_par' dir='ltr' id='par_1_9' title="bbox 278 807 1880 888">
     <span class='ocr_line' id='line_1_9' title="bbox 278 807 1880 888; baseline -0.002 -21"><span class='ocrx_word' id='word_1_61' title='bbox 278 812 588 872; x_wconf 82' lang='lat' dir='ltr'>immineret</span> <span class='ocrx_word' id='word_1_62' title='bbox 604 808 868 868; x_wconf 84' lang='lat' dir='ltr'>Vniverso</span> <span class='ocrx_word' id='word_1_63' title='bbox 891 807 1105 886; x_wconf 85' lang='lat' dir='ltr'>ejusque</span> <span class='ocrx_word' id='word_1_64' title='bbox 1123 812 1328 888; x_wconf 86' lang='lat' dir='ltr'>generi.</span> <span class='ocrx_word' id='word_1_65' title='bbox 1348 809 1482 865; x_wconf 89' lang='lat' dir='ltr'>Non</span> <span class='ocrx_word' id='word_1_66' title='bbox 1503 825 1684 865; x_wconf 88' lang='lat' dir='ltr'>tamen</span> <span class='ocrx_word' id='word_1_67' title='bbox 1710 810 1753 864; x_wconf 91' lang='lat' dir='ltr'>is</span> <span class='ocrx_word' id='word_1_68' title='bbox 1770 823 1880 864; x_wconf 83' lang='lat' dir='ltr'>erat</span> 
     </span>
    </p>

    <p class='ocr_par' dir='ltr' id='par_1_10' title="bbox 279 887 1879 969">
     <span class='ocr_line' id='line_1_10' title="bbox 279 887 1879 969; baseline 0.001 -24"><span class='ocrx_word' id='word_1_69' title='bbox 279 892 377 969; x_wconf 89' lang='lat' dir='ltr'>qui</span> <span class='ocrx_word' id='word_1_70' title='bbox 398 891 687 968; x_wconf 86' lang='lat' dir='ltr'>putabatur</span> <span class='ocrx_word' id='word_1_71' title='bbox 717 890 889 946; x_wconf 87' lang='lat' dir='ltr'>sensus</span> <span class='ocrx_word' id='word_1_72' title='bbox 926 893 1158 949; x_wconf 83' lang='lat' dir='ltr'>vaticinii</span> <span class='ocrx_word' id='word_1_73' title='bbox 1180 915 1193 948; x_wconf 75' lang='lat' dir='ltr'><strong><em>z</em></strong></span> <span class='ocrx_word' id='word_1_74' title='bbox 1235 889 1322 948; x_wconf 88' lang='lat' dir='ltr'>sed</span> <span class='ocrx_word' id='word_1_75' title='bbox 1340 888 1595 967; x_wconf 62' lang='lat' dir='ltr'>praedicffim</span> <span class='ocrx_word' id='word_1_76' title='bbox 1615 929 1634 956; x_wconf 85' lang='lat'>,</span> <span class='ocrx_word' id='word_1_77' title='bbox 1668 887 1879 946; x_wconf 89' lang='lat' dir='ltr'>rursum</span> 
     </span>
    </p>

    <p class='ocr_par' dir='ltr' id='par_1_11' title="bbox 260 969 1882 1134">
     <span class='ocr_line' id='line_1_11' title="bbox 264 969 1881 1074; baseline -0.001 -45.002"><span class='ocrx_word' id='word_1_78' title='bbox 264 969 525 1074; x_wconf 37' lang='lat' dir='ltr'>&amp;Africam</span> <span class='ocrx_word' id='word_1_79' title='bbox 542 973 638 1032; x_wconf 86' lang='lat' dir='ltr'>sub</span> <span class='ocrx_word' id='word_1_80' title='bbox 656 974 922 1029; x_wconf 82' lang='lat' dir='ltr'>Romanis</span> <span class='ocrx_word' id='word_1_81' title='bbox 948 970 1063 1030; x_wconf 83' lang='lat' dir='ltr'>fore</span> <span class='ocrx_word' id='word_1_82' title='bbox 1086 1012 1101 1036; x_wconf 88' lang='lat'><strong>‚</strong></span> <span class='ocrx_word' id='word_1_83' title='bbox 1133 972 1512 1048; x_wconf 84' lang='lat' dir='ltr'>subjiciebatur</span> <span class='ocrx_word' id='word_1_84' title='bbox 1527 971 1724 1029; x_wconf 89' lang='lat' dir='ltr'>eodem</span> <span class='ocrx_word' id='word_1_85' title='bbox 1740 990 1881 1029; x_wconf 91' lang='lat' dir='ltr'>tem-</span> 
     </span>
     <span class='ocr_line' id='line_1_12' title="bbox 283 1050 1882 1134; baseline -0.001 -23"><span class='ocrx_word' id='word_1_86' title='bbox 283 1061 423 1134; x_wconf 9' lang='lat' dir='ltr'>pore?</span> <span class='ocrx_word' id='word_1_87' title='bbox 435 1050 731 1134; x_wconf 82' lang='lat' dir='ltr'>periturum</span> <span class='ocrx_word' id='word_1_88' title='bbox 762 1075 886 1110; x_wconf 88' lang='lat' dir='ltr'>cum</span> <span class='ocrx_word' id='word_1_89' title='bbox 919 1053 1034 1112; x_wconf 87' lang='lat' dir='ltr'>filio</span> <span class='ocrx_word' id='word_1_90' title='bbox 1073 1057 1347 1114; x_wconf 88' lang='lat' dir='ltr'>Mundum</span> <span class='ocrx_word' id='word_1_91' title='bbox 1369 1076 1384 1109; x_wconf 71' lang='grc' dir='ltr'><strong>ε</strong></span> <span class='ocrx_word' id='word_1_92' title='bbox 1417 1055 1550 1111; x_wconf 87' lang='lat' dir='ltr'>Haec</span> <span class='ocrx_word' id='word_1_93' title='bbox 1569 1056 1713 1110; x_wconf 89' lang='lat' dir='ltr'>enim</span> <span class='ocrx_word' id='word_1_94' title='bbox 1734 1069 1882 1111; x_wconf 86' lang='lat' dir='ltr'>erant</span> 
     </span>
    </p>

    <p class='ocr_par' dir='ltr' id='par_1_12' title="bbox 283 1133 1884 1215">
     <span class='ocr_line' id='line_1_13' title="bbox 283 1133 1884 1215; baseline -0.003 -20"><span class='ocrx_word' id='word_1_95' title='bbox 283 1136 465 1195; x_wconf 86' lang='lat' dir='ltr'>verba.</span> <span class='ocrx_word' id='word_1_96' title='bbox 509 1133 692 1194; x_wconf 86' lang='lat' dir='ltr'>Africa</span> <span class='ocrx_word' id='word_1_97' title='bbox 719 1158 871 1215; x_wconf 81' lang='lat' dir='ltr'>capta</span> <span class='ocrx_word' id='word_1_98' title='bbox 887 1136 994 1193; x_wconf 84' lang='lat' dir='ltr'>est:</span> <span class='ocrx_word' id='word_1_99' title='bbox 1032 1137 1277 1194; x_wconf 87' lang='lat' dir='ltr'>Mundus</span> <span class='ocrx_word' id='word_1_100' title='bbox 1309 1141 1363 1192; x_wconf 87' lang='lat'>&amp;</span> <span class='ocrx_word' id='word_1_101' title='bbox 1391 1141 1505 1211; x_wconf 84' lang='lat' dir='ltr'>ejus</span> <span class='ocrx_word' id='word_1_102' title='bbox 1522 1154 1644 1193; x_wconf 89' lang='lat' dir='ltr'>nate</span> <span class='ocrx_word' id='word_1_103' title='bbox 1664 1133 1884 1215; x_wconf 77' lang='lat' dir='ltr'>peristis-</span> 
     </span>
    </p>

    <p class='ocr_par' dir='ltr' id='par_1_13' title="bbox 283 1212 1883 1296">
     <span class='ocr_line' id='line_1_14' title="bbox 283 1212 1883 1296; baseline -0.002 -21"><span class='ocrx_word' id='word_1_104' title='bbox 283 1221 367 1275; x_wconf 91' lang='lat' dir='ltr'>At</span> <span class='ocrx_word' id='word_1_105' title='bbox 379 1222 503 1296; x_wconf 84' lang='lat' dir='ltr'>quia</span> <span class='ocrx_word' id='word_1_106' title='bbox 517 1220 685 1275; x_wconf 86' lang='lat' dir='ltr'>latino</span> <span class='ocrx_word' id='word_1_107' title='bbox 705 1212 950 1275; x_wconf 76' lang='lat' dir='ltr'>sermone</span> <span class='ocrx_word' id='word_1_108' title='bbox 966 1260 982 1284; x_wconf 91' lang='lat'>‚</span> <span class='ocrx_word' id='word_1_109' title='bbox 1002 1238 1112 1293; x_wconf 85' lang='lat' dir='ltr'>quo</span> <span class='ocrx_word' id='word_1_110' title='bbox 1131 1218 1339 1275; x_wconf 86' lang='lat' dir='ltr'>editum</span> <span class='ocrx_word' id='word_1_111' title='bbox 1359 1218 1536 1274; x_wconf 86' lang='lat' dir='ltr'>eratid</span> <span class='ocrx_word' id='word_1_112' title='bbox 1553 1220 1883 1284; x_wconf 81' lang='lat' dir='ltr'>vaticinium,</span> 
     </span>
    </p>

    <p class='ocr_par' dir='ltr' id='par_1_14' title="bbox 284 1297 1885 1379">
     <span class='ocr_line' id='line_1_15' title="bbox 284 1297 1885 1379; baseline -0.002 -23"><span class='ocrx_word' id='word_1_113' title='bbox 284 1299 535 1356; x_wconf 90' lang='lat' dir='ltr'>Mundus</span> <span class='ocrx_word' id='word_1_114' title='bbox 556 1299 691 1357; x_wconf 82' lang='lat' dir='ltr'>hanc</span> <span class='ocrx_word' id='word_1_115' title='bbox 708 1299 935 1357; x_wconf 78' lang='lat' dir='ltr'>universi</span> <span class='ocrx_word' id='word_1_116' title='bbox 953 1320 1275 1379; x_wconf 82' lang='lat' dir='ltr'>compagem</span> <span class='ocrx_word' id='word_1_117' title='bbox 1298 1297 1557 1378; x_wconf 85' lang='lat' dir='ltr'>fignificat</span> <span class='ocrx_word' id='word_1_118' title='bbox 1573 1340 1591 1366; x_wconf 88' lang='lat'>‚</span> <span class='ocrx_word' id='word_1_119' title='bbox 1625 1298 1749 1356; x_wconf 87' lang='lat' dir='ltr'>inde</span> <span class='ocrx_word' id='word_1_120' title='bbox 1770 1299 1885 1375; x_wconf 85' lang='lat' dir='ltr'>ple-</span> 
     </span>
    </p>

    <p class='ocr_par' dir='ltr' id='par_1_15' title="bbox 282 1379 1886 1461">
     <span class='ocr_line' id='line_1_16' title="bbox 282 1379 1886 1461; baseline -0.002 -22"><span class='ocrx_word' id='word_1_121' title='bbox 282 1384 437 1461; x_wconf 84' lang='lat' dir='ltr'>rique</span> <span class='ocrx_word' id='word_1_122' title='bbox 455 1402 634 1439; x_wconf 87' lang='lat' dir='ltr'>rerum</span> <span class='ocrx_word' id='word_1_123' title='bbox 649 1386 900 1440; x_wconf 89' lang='lat' dir='ltr'>omniurn</span> <span class='ocrx_word' id='word_1_124' title='bbox 917 1384 1195 1439; x_wconf 86' lang='lat' dir='ltr'>interitum</span> <span class='ocrx_word' id='word_1_125' title='bbox 1215 1381 1632 1461; x_wconf 80' lang='lat' dir='ltr'>augurabantur.</span> <span class='ocrx_word' id='word_1_126' title='bbox 1671 1382 1800 1436; x_wconf 90' lang='lat' dir='ltr'>Hoc</span> <span class='ocrx_word' id='word_1_127' title='bbox 1814 1379 1886 1440; x_wconf 78' lang='lat' dir='ltr'>ita</span> 
     </span>
    </p>

    <p class='ocr_par' dir='ltr' id='par_1_16' title="bbox 282 1457 1886 1522">
     <span class='ocr_line' id='line_1_17' title="bbox 282 1457 1886 1522; baseline -0.002 -2"><span class='ocrx_word' id='word_1_128' title='bbox 282 1460 336 1521; x_wconf 88' lang='lat' dir='ltr'>se</span> <span class='ocrx_word' id='word_1_129' title='bbox 353 1462 561 1521; x_wconf 88' lang='lat' dir='ltr'>habuit.</span> <span class='ocrx_word' id='word_1_130' title='bbox 604 1468 684 1522; x_wconf 90' lang='lat' dir='ltr'>At</span> <span class='ocrx_word' id='word_1_131' title='bbox 702 1465 920 1522; x_wconf 83' lang='lat' dir='ltr'>Salonas</span> <span class='ocrx_word' id='word_1_132' title='bbox 940 1467 1154 1522; x_wconf 89' lang='lat' dir='ltr'>intravit</span> <span class='ocrx_word' id='word_1_133' title='bbox 1170 1484 1358 1520; x_wconf 88' lang='lat' dir='ltr'>nemo.</span> <span class='ocrx_word' id='word_1_134' title='bbox 1398 1463 1629 1522; x_wconf 87' lang='lat' dir='ltr'>Rediere</span> <span class='ocrx_word' id='word_1_135' title='bbox 1647 1466 1792 1519; x_wconf 89' lang='lat' dir='ltr'>enim</span> <span class='ocrx_word' id='word_1_136' title='bbox 1821 1457 1886 1517; x_wconf 81' lang='lat' dir='ltr'>ad</span> 
     </span>
    </p>

    <p class='ocr_par' dir='ltr' id='par_1_17' title="bbox 285 1541 1885 1613">
     <span class='ocr_line' id='line_1_18' title="bbox 285 1541 1885 1613; baseline -0.002 -11"><span class='ocrx_word' id='word_1_137' title='bbox 285 1542 378 1602; x_wconf 85' lang='lat' dir='ltr'>sua</span> <span class='ocrx_word' id='word_1_138' title='bbox 394 1547 667 1613; x_wconf 87' lang='lat' dir='ltr'>Romani,</span> <span class='ocrx_word' id='word_1_139' title='bbox 702 1548 839 1605; x_wconf 84' lang='lat' dir='ltr'>d&#39;uce</span> <span class='ocrx_word' id='word_1_140' title='bbox 859 1545 1097 1605; x_wconf 81' lang='lat' dir='ltr'>destituti</span> <span class='ocrx_word' id='word_1_141' title='bbox 1130 1570 1144 1602; x_wconf 73' lang='grc' dir='ltr'><strong>ι</strong></span> <span class='ocrx_word' id='word_1_142' title='bbox 1195 1545 1396 1604; x_wconf 88' lang='lat' dir='ltr'>Gotthi</span> <span class='ocrx_word' id='word_1_143' title='bbox 1416 1565 1543 1605; x_wconf 90' lang='lat' dir='ltr'>vero</span> <span class='ocrx_word' id='word_1_144' title='bbox 1560 1586 1578 1613; x_wconf 88' lang='lat'>,</span> <span class='ocrx_word' id='word_1_145' title='bbox 1615 1546 1770 1603; x_wconf 89' lang='lat' dir='ltr'>nullo</span> <span class='ocrx_word' id='word_1_146' title='bbox 1790 1541 1885 1601; x_wconf 82' lang='lat' dir='ltr'>fibi</span> 
     </span>
    </p>

    <p class='ocr_par' dir='ltr' id='par_1_18' title="bbox 285 1623 1886 1706">
     <span class='ocr_line' id='line_1_19' title="bbox 285 1623 1886 1706; baseline -0.001 -24"><span class='ocrx_word' id='word_1_147' title='bbox 285 1630 592 1706; x_wconf 72' lang='lat' dir='ltr'>primorum</span> <span class='ocrx_word' id='word_1_148' title='bbox 609 1627 882 1706; x_wconf 86' lang='lat' dir='ltr'>superstite</span> <span class='ocrx_word' id='word_1_149' title='bbox 902 1670 919 1697; x_wconf 89' lang='lat'>,</span> <span class='ocrx_word' id='word_1_150' title='bbox 951 1632 1079 1685; x_wconf 72' lang='grc' dir='ltr'>τειᾶἰ</span> <span class='ocrx_word' id='word_1_151' title='bbox 1097 1627 1386 1685; x_wconf 84' lang='lat' dir='ltr'>formidine</span> <span class='ocrx_word' id='word_1_152' title='bbox 1404 1669 1420 1694; x_wconf 87' lang='lat'>‚</span> <span class='ocrx_word' id='word_1_153' title='bbox 1457 1630 1714 1706; x_wconf 82' lang='lat' dir='ltr'>proximis</span> <span class='ocrx_word' id='word_1_154' title='bbox 1730 1623 1780 1705; x_wconf 84' lang='lat' dir='ltr'>se</span> <span class='ocrx_word' id='word_1_155' title='bbox 1801 1645 1886 1681; x_wconf 83' lang='lat' dir='ltr'>ca-</span> 
     </span>
    </p>

    <p class='ocr_par' dir='ltr' id='par_1_19' title="bbox 285 1706 1886 1788">
     <span class='ocr_line' id='line_1_20' title="bbox 285 1706 1886 1788; baseline -0.001 -24"><span class='ocrx_word' id='word_1_156' title='bbox 285 1707 448 1765; x_wconf 82' lang='lat' dir='ltr'>stellis</span> <span class='ocrx_word' id='word_1_157' title='bbox 467 1709 742 1768; x_wconf 87' lang='lat' dir='ltr'>tenebant.</span> <span class='ocrx_word' id='word_1_158' title='bbox 783 1712 979 1788; x_wconf 86' lang='lat' dir='ltr'>Neque</span> <span class='ocrx_word' id='word_1_159' title='bbox 1004 1713 1147 1768; x_wconf 84' lang='lat' dir='ltr'>enim</span> <span class='ocrx_word' id='word_1_160' title='bbox 1169 1729 1260 1767; x_wconf 89' lang='lat' dir='ltr'>aut</span> <span class='ocrx_word' id='word_1_161' title='bbox 1280 1712 1595 1766; x_wconf 85' lang='lat' dir='ltr'>Salonarum</span> <span class='ocrx_word' id='word_1_162' title='bbox 1614 1706 1886 1765; x_wconf 83' lang='lat' dir='ltr'>moenibus</span> 
     </span>
    </p>

    <p class='ocr_par' dir='ltr' id='par_1_20' title="bbox 286 1788 1886 1871">
     <span class='ocr_line' id='line_1_21' title="bbox 286 1788 1886 1871; baseline -0.002 -23"><span class='ocrx_word' id='word_1_163' title='bbox 286 1789 408 1848; x_wconf 84' lang='lat' dir='ltr'>satis</span> <span class='ocrx_word' id='word_1_164' title='bbox 425 1788 662 1850; x_wconf 87' lang='lat' dir='ltr'>fidebant</span> <span class='ocrx_word' id='word_1_165' title='bbox 677 1833 691 1858; x_wconf 92' lang='lat'>‚</span> <span class='ocrx_word' id='word_1_166' title='bbox 711 1812 886 1871; x_wconf 88' lang='lat' dir='ltr'>neque</span> <span class='ocrx_word' id='word_1_167' title='bbox 900 1793 1284 1849; x_wconf 86' lang='lat' dir='ltr'>Romanorum</span> <span class='ocrx_word' id='word_1_168' title='bbox 1302 1791 1505 1848; x_wconf 88' lang='lat' dir='ltr'>ibidem</span> <span class='ocrx_word' id='word_1_169' title='bbox 1528 1791 1886 1849; x_wconf 88' lang='lat' dir='ltr'>habitantium</span> 
     </span>
    </p>

    <p class='ocr_par' dir='ltr' id='par_1_21' title="bbox 288 1871 1885 1955">
     <span class='ocr_line' id='line_1_22' title="bbox 288 1871 1885 1955; baseline -0.002 -25"><span class='ocrx_word' id='word_1_170' title='bbox 288 1874 348 1930; x_wconf 85' lang='lat' dir='ltr'>in</span> <span class='ocrx_word' id='word_1_171' title='bbox 361 1871 410 1930; x_wconf 86' lang='lat' dir='ltr'>se</span> <span class='ocrx_word' id='word_1_172' title='bbox 428 1876 631 1931; x_wconf 88' lang='lat' dir='ltr'>animo.</span> <span class='ocrx_word' id='word_1_173' title='bbox 662 1894 780 1953; x_wconf 84' lang='lat' dir='ltr'>quae</span> <span class='ocrx_word' id='word_1_174' title='bbox 802 1873 892 1930; x_wconf 91' lang='lat' dir='ltr'>ubi</span> <span class='ocrx_word' id='word_1_175' title='bbox 907 1877 1172 1953; x_wconf 87' lang='lat' dir='ltr'>comperit</span> <span class='ocrx_word' id='word_1_176' title='bbox 1189 1872 1529 1939; x_wconf 85' lang='lat' dir='ltr'>Theudatus,</span> <span class='ocrx_word' id='word_1_177' title='bbox 1547 1874 1774 1955; x_wconf 78' lang='lat' dir='ltr'>legatOS,</span> <span class='ocrx_word' id='word_1_178' title='bbox 1792 1872 1885 1952; x_wconf 84' lang='lat' dir='ltr'>qui</span> 
     </span>
    </p>

    <p class='ocr_par' dir='ltr' id='par_1_22' title="bbox 282 1955 1885 2034">
     <span class='ocr_line' id='line_1_23' title="bbox 282 1955 1885 2034; baseline 0.001 -24"><span class='ocrx_word' id='word_1_179' title='bbox 282 1959 397 2031; x_wconf 87' lang='lat' dir='ltr'>jam</span> <span class='ocrx_word' id='word_1_180' title='bbox 417 1955 738 2013; x_wconf 87' lang='lat' dir='ltr'>advenerant</span> <span class='ocrx_word' id='word_1_181' title='bbox 757 1997 773 2024; x_wconf 89' lang='lat'>‚</span> <span class='ocrx_word' id='word_1_182' title='bbox 811 1956 962 2014; x_wconf 90' lang='lat' dir='ltr'>nullo</span> <span class='ocrx_word' id='word_1_183' title='bbox 980 1961 1034 2014; x_wconf 92' lang='lat' dir='ltr'>in</span> <span class='ocrx_word' id='word_1_184' title='bbox 1054 1957 1179 2013; x_wconf 91' lang='lat' dir='ltr'>loco</span> <span class='ocrx_word' id='word_1_185' title='bbox 1201 1956 1412 2013; x_wconf 88' lang='lat' dir='ltr'>ducere.</span> <span class='ocrx_word' id='word_1_186' title='bbox 1440 1973 1550 2011; x_wconf 88' lang='lat' dir='ltr'>erat</span> <span class='ocrx_word' id='word_1_187' title='bbox 1568 1959 1713 2013; x_wconf 87' lang='lat' dir='ltr'>enim</span> <span class='ocrx_word' id='word_1_188' title='bbox 1732 1958 1885 2034; x_wconf 88' lang='lat' dir='ltr'>inge-</span> 
     </span>
    </p>

    <p class='ocr_par' dir='ltr' id='par_1_23' title="bbox 288 2036 1884 2118">
     <span class='ocr_line' id='line_1_24' title="bbox 288 2036 1884 2118; baseline -0.001 -25"><span class='ocrx_word' id='word_1_189' title='bbox 288 2039 445 2093; x_wconf 88' lang='lat' dir='ltr'>nium</span> <span class='ocrx_word' id='word_1_190' title='bbox 479 2038 552 2095; x_wconf 87' lang='lat' dir='ltr'>illi</span> <span class='ocrx_word' id='word_1_191' title='bbox 585 2038 649 2094; x_wconf 86' lang='lat' dir='ltr'>ad</span> <span class='ocrx_word' id='word_1_192' title='bbox 684 2036 958 2117; x_wconf 85' lang='lat' dir='ltr'>perfidiam</span> <span class='ocrx_word' id='word_1_193' title='bbox 983 2040 1217 2118; x_wconf 81' lang='lat' dir='ltr'>proclive</span> <span class='ocrx_word' id='word_1_194' title='bbox 1236 2077 1254 2103; x_wconf 87' lang='lat'><strong><em>,</em></strong></span> <span class='ocrx_word' id='word_1_195' title='bbox 1288 2040 1620 2116; x_wconf 86' lang='lat' dir='ltr'>minimeque</span> <span class='ocrx_word' id='word_1_196' title='bbox 1640 2036 1734 2094; x_wconf 84' lang='lat' dir='ltr'>fibi</span> <span class='ocrx_word' id='word_1_197' title='bbox 1752 2057 1884 2093; x_wconf 90' lang='lat' dir='ltr'>con·-</span> 
     </span>
    </p>

    <p class='ocr_par' dir='ltr' id='par_1_24' title="bbox 289 2116 1884 2200">
     <span class='ocr_line' id='line_1_25' title="bbox 289 2116 1884 2200; baseline 0.001 -26"><span class='ocrx_word' id='word_1_198' title='bbox 289 2116 428 2175; x_wconf 85' lang='lat' dir='ltr'>stans</span> <span class='ocrx_word' id='word_1_199' title='bbox 446 2122 655 2197; x_wconf 84' lang='lat' dir='ltr'>animus</span> <span class='ocrx_word' id='word_1_200' title='bbox 676 2142 689 2176; x_wconf 89' lang='lat'>:</span> <span class='ocrx_word' id='word_1_201' title='bbox 721 2118 808 2177; x_wconf 89' lang='lat' dir='ltr'>sed</span> <span class='ocrx_word' id='word_1_202' title='bbox 840 2122 1043 2199; x_wconf 88' lang='lat' dir='ltr'>semper</span> <span class='ocrx_word' id='word_1_203' title='bbox 1059 2142 1184 2177; x_wconf 89' lang='lat' dir='ltr'>eum</span> <span class='ocrx_word' id='word_1_204' title='bbox 1218 2117 1439 2200; x_wconf 83' lang='lat' dir='ltr'>praesens</span> <span class='ocrx_word' id='word_1_205' title='bbox 1464 2116 1684 2177; x_wconf 85' lang='lat' dir='ltr'>fortuna</span> <span class='ocrx_word' id='word_1_206' title='bbox 1702 2128 1884 2176; x_wconf 79' lang='lat' dir='ltr'>contra</span> 
     </span>
    </p>

    <p class='ocr_par' dir='ltr' id='par_1_25' title="bbox 289 2200 1884 2282">
     <span class='ocr_line' id='line_1_26' title="bbox 289 2200 1884 2282; baseline 0.001 -25"><span class='ocrx_word' id='word_1_207' title='bbox 289 2205 558 2257; x_wconf 83' lang='lat' dir='ltr'>rationem</span> <span class='ocrx_word' id='word_1_208' title='bbox 576 2222 634 2258; x_wconf 90' lang='lat' dir='ltr'>ac</span> <span class='ocrx_word' id='word_1_209' title='bbox 652 2201 974 2282; x_wconf 83' lang='lat' dir='ltr'>dignitatem</span> <span class='ocrx_word' id='word_1_210' title='bbox 1002 2201 1171 2260; x_wconf 89' lang='lat' dir='ltr'>modo</span> <span class='ocrx_word' id='word_1_211' title='bbox 1191 2206 1246 2259; x_wconf 91' lang='lat' dir='ltr'>in</span> <span class='ocrx_word' id='word_1_212' title='bbox 1265 2201 1620 2260; x_wconf 89' lang='lat' dir='ltr'>immodicum</span> <span class='ocrx_word' id='word_1_213' title='bbox 1648 2200 1884 2280; x_wconf 83' lang='lat' dir='ltr'>impelle-</span> 
     </span>
    </p>

    <p class='ocr_par' dir='ltr' id='par_1_26' title="bbox 289 2280 1888 2364">
     <span class='ocr_line' id='line_1_27' title="bbox 289 2280 1888 2364; baseline 0.001 -26"><span class='ocrx_word' id='word_1_214' title='bbox 289 2280 386 2338; x_wconf 87' lang='lat' dir='ltr'>bat</span> <span class='ocrx_word' id='word_1_215' title='bbox 405 2303 658 2360; x_wconf 89' lang='lat' dir='ltr'>pavorem</span> <span class='ocrx_word' id='word_1_216' title='bbox 676 2324 693 2350; x_wconf 89' lang='lat'>‚</span> <span class='ocrx_word' id='word_1_217' title='bbox 726 2283 897 2341; x_wconf 88' lang='lat' dir='ltr'>modo</span> <span class='ocrx_word' id='word_1_218' title='bbox 916 2289 970 2342; x_wconf 90' lang='lat' dir='ltr'>in</span> <span class='ocrx_word' id='word_1_219' title='bbox 991 2287 1314 2363; x_wconf 68' lang='lat' dir='ltr'>praecipitem</span> <span class='ocrx_word' id='word_1_220' title='bbox 1338 2281 1714 2364; x_wconf 67' lang='lat' dir='ltr'>arrogantiam</span> <span class='ocrx_word' id='word_1_221' title='bbox 1757 2281 1888 2340; x_wconf 51' lang='lat' dir='ltr'>Inde*</span> 
     </span>
    </p>

    <p class='ocr_par' dir='ltr' id='par_1_27' title="bbox 202 2358 1888 3077">
     <span class='ocr_line' id='line_1_28' title="bbox 202 2358 1888 2446; baseline -0.001 -23"><span class='ocrx_word' id='word_1_222' title='bbox 202 2419 207 2423; x_wconf 85' lang='lat'>.</span> <span class='ocrx_word' id='word_1_223' title='bbox 290 2358 497 2421; x_wconf 64' lang='lat' dir='ltr'>fastum</span> <span class='ocrx_word' id='word_1_224' title='bbox 516 2382 577 2420; x_wconf 94' lang='lat' dir='ltr'>ut</span> <span class='ocrx_word' id='word_1_225' title='bbox 594 2366 983 2429; x_wconf 44' lang='lat' dir='ltr'>tunc‘Mauritii</span> <span class='ocrx_word' id='word_1_226' title='bbox 999 2366 1312 2445; x_wconf 89' lang='lat' dir='ltr'>Mundique</span> <span class='ocrx_word' id='word_1_227' title='bbox 1332 2369 1550 2446; x_wconf 91' lang='lat' dir='ltr'>cognita</span> <span class='ocrx_word' id='word_1_228' title='bbox 1566 2383 1763 2427; x_wconf 75' lang='lat' dir='ltr'>morte,</span> <span class='ocrx_word' id='word_1_229' title='bbox 1781 2361 1888 2443; x_wconf 51' lang='lat' dir='ltr'>spi*</span> 
     </span>
     <span class='ocr_line' id='line_1_29' title="bbox 290 2445 1888 2528; baseline 0 -26"><span class='ocrx_word' id='word_1_230' title='bbox 290 2448 426 2502; x_wconf 88' lang='lat' dir='ltr'>ritus</span> <span class='ocrx_word' id='word_1_231' title='bbox 458 2445 686 2503; x_wconf 89' lang='lat' dir='ltr'>sumeret</span> <span class='ocrx_word' id='word_1_232' title='bbox 707 2469 820 2505; x_wconf 89' lang='lat' dir='ltr'>non</span> <span class='ocrx_word' id='word_1_233' title='bbox 840 2469 937 2527; x_wconf 86' lang='lat' dir='ltr'>pro</span> <span class='ocrx_word' id='word_1_234' title='bbox 961 2449 1131 2506; x_wconf 88' lang='lat' dir='ltr'>modo</span> <span class='ocrx_word' id='word_1_235' title='bbox 1153 2469 1344 2505; x_wconf 88' lang='lat' dir='ltr'>eorum</span> <span class='ocrx_word' id='word_1_236' title='bbox 1371 2469 1490 2528; x_wconf 85' lang='lat' dir='ltr'>quae</span> <span class='ocrx_word' id='word_1_237' title='bbox 1513 2451 1888 2528; x_wconf 73' lang='lat' dir='ltr'>contigerantz¹</span> 
     </span>
     <span class='ocr_line' id='line_1_30' title="bbox 289 2526 1888 2608; baseline 0.001 -24"><span class='ocrx_word' id='word_1_238' title='bbox 289 2526 597 2608; x_wconf 82' lang='lat' dir='ltr'>legatosque</span> <span class='ocrx_word' id='word_1_239' title='bbox 612 2529 676 2586; x_wconf 87' lang='lat' dir='ltr'>ad</span> <span class='ocrx_word' id='word_1_240' title='bbox 695 2527 744 2586; x_wconf 93' lang='lat' dir='ltr'>se</span> <span class='ocrx_word' id='word_1_241' title='bbox 759 2529 1004 2589; x_wconf 79' lang='lat' dir='ltr'>admissos</span> <span class='ocrx_word' id='word_1_242' title='bbox 1022 2532 1208 2588; x_wconf 89' lang='lat' dir='ltr'>multis</span> <span class='ocrx_word' id='word_1_243' title='bbox 1224 2528 1401 2587; x_wconf 89' lang='lat' dir='ltr'>modis</span> <span class='ocrx_word' id='word_1_244' title='bbox 1416 2527 1888 2603; x_wconf 70' lang='lat' dir='ltr'>offenderet,cum-j</span> 
     </span>
     <span class='ocr_line' id='line_1_31' title="bbox 291 2605 1888 2694; baseline 0.001 -29"><span class='ocrx_word' id='word_1_245' title='bbox 291 2630 401 2689; x_wconf 90' lang='lat' dir='ltr'>que</span> <span class='ocrx_word' id='word_1_246' title='bbox 432 2615 617 2667; x_wconf 90' lang='lat' dir='ltr'>Petrus</span> <span class='ocrx_word' id='word_1_247' title='bbox 647 2614 957 2672; x_wconf 89' lang='lat' dir='ltr'>criminatus</span> <span class='ocrx_word' id='word_1_248' title='bbox 984 2635 1111 2671; x_wconf 88' lang='lat' dir='ltr'>eum</span> <span class='ocrx_word' id='word_1_249' title='bbox 1131 2610 1253 2669; x_wconf 83' lang='lat' dir='ltr'>effet</span> <span class='ocrx_word' id='word_1_250' title='bbox 1272 2628 1334 2668; x_wconf 87' lang='lat' dir='ltr'>ut</span> <span class='ocrx_word' id='word_1_251' title='bbox 1353 2614 1673 2670; x_wconf 87' lang='lat' dir='ltr'>violatorem</span> <span class='ocrx_word' id='word_1_252' title='bbox 1691 2605 1888 2694; x_wconf 69' lang='lat' dir='ltr'>eorum}</span> 
     </span>
     <span class='ocr_line' id='line_1_32' title="bbox 291 2688 1888 2775; baseline 0 -27"><span class='ocrx_word' id='word_1_253' title='bbox 291 2711 412 2770; x_wconf 83' lang='lat' dir='ltr'>quae</span> <span class='ocrx_word' id='word_1_254' title='bbox 442 2712 567 2747; x_wconf 89' lang='lat' dir='ltr'>cum</span> <span class='ocrx_word' id='word_1_255' title='bbox 604 2698 931 2773; x_wconf 86' lang='lat' dir='ltr'>Imperatore</span> <span class='ocrx_word' id='word_1_256' title='bbox 964 2698 1236 2775; x_wconf 85' lang='lat' dir='ltr'>pepigerat</span> <span class='ocrx_word' id='word_1_257' title='bbox 1257 2734 1272 2760; x_wconf 92' lang='lat'>‚</span> <span class='ocrx_word' id='word_1_258' title='bbox 1294 2695 1558 2752; x_wconf 83' lang='lat' dir='ltr'>advocato</span> <span class='ocrx_word' id='word_1_259' title='bbox 1577 2690 1709 2752; x_wconf 61' lang='lat' dir='ltr'>ad&#39;se</span> <span class='ocrx_word' id='word_1_260' title='bbox 1729 2688 1888 2760; x_wconf 46' lang='lat' dir='ltr'>utrae!¹</span> 
     </span>
     <span class='ocr_line' id='line_1_33' title="bbox 293 2771 1879 2856; baseline 0.001 -28"><span class='ocrx_word' id='word_1_261' title='bbox 293 2793 399 2851; x_wconf 86' lang='lat' dir='ltr'>que</span> <span class='ocrx_word' id='word_1_262' title='bbox 434 2771 500 2828; x_wconf 77' lang='lat' dir='ltr'>fic</span> <span class='ocrx_word' id='word_1_263' title='bbox 519 2772 735 2832; x_wconf 87' lang='lat' dir='ltr'>diceret.</span> <span class='ocrx_word' id='word_1_264' title='bbox 777 2777 1079 2856; x_wconf 87' lang='lat' dir='ltr'>legatorum</span> <span class='ocrx_word' id='word_1_265' title='bbox 1111 2776 1475 2835; x_wconf 85' lang='lat' dir='ltr'>venerandum</span> <span class='ocrx_word' id='word_1_266' title='bbox 1510 2774 1585 2834; x_wconf 88' lang='lat' dir='ltr'>est</span> <span class='ocrx_word' id='word_1_267' title='bbox 1603 2796 1810 2833; x_wconf 89' lang='lat' dir='ltr'>nomen</span> <span class='ocrx_word' id='word_1_268' title='bbox 1829 2778 1879 2830; x_wconf 87' lang='lat'>&amp;</span> 
     </span>
     <span class='ocr_line' id='line_1_34' title="bbox 292 2855 1878 2934; baseline -0.001 -22"><span class='ocrx_word' id='word_1_269' title='bbox 292 2855 435 2931; x_wconf 80' lang='lat' dir='ltr'>apud</span> <span class='ocrx_word' id='word_1_270' title='bbox 451 2873 640 2934; x_wconf 86' lang='lat' dir='ltr'>gentes</span> <span class='ocrx_word' id='word_1_271' title='bbox 670 2878 859 2914; x_wconf 89' lang='lat' dir='ltr'>omnes</span> <span class='ocrx_word' id='word_1_272' title='bbox 888 2858 1241 2916; x_wconf 85' lang='lat' dir='ltr'>honoratum.</span> <span class='ocrx_word' id='word_1_273' title='bbox 1285 2858 1385 2915; x_wconf 89' lang='lat' dir='ltr'>Sed</span> <span class='ocrx_word' id='word_1_274' title='bbox 1404 2860 1610 2916; x_wconf 81' lang='lat' dir='ltr'>tamdiu</span> <span class='ocrx_word' id='word_1_275' title='bbox 1636 2855 1712 2914; x_wconf 91' lang='lat' dir='ltr'>sui</span> <span class='ocrx_word' id='word_1_276' title='bbox 1731 2875 1878 2915; x_wconf 86' lang='lat' dir='ltr'>reve-</span> 
     </span>
     <span class='ocr_line' id='line_1_35' title="bbox 293 2935 1878 3077; baseline -0.004 -79"><span class='ocrx_word' id='word_1_277' title='bbox 293 2939 520 2998; x_wconf 66' lang='lat' dir='ltr'>rentiam</span> <span class='ocrx_word' id='word_1_278' title='bbox 555 2935 651 2998; x_wconf 87' lang='lat' dir='ltr'>fibi</span> <span class='ocrx_word' id='word_1_279' title='bbox 677 2938 867 3002; x_wconf 78' lang='lat' dir='ltr'>salvam</span> <span class='ocrx_word' id='word_1_280' title='bbox 902 2938 1142 3021; x_wconf 78' lang='lat' dir='ltr'>praestant</span> <span class='ocrx_word' id='word_1_281' title='bbox 1174 2942 1335 3022; x_wconf 69' lang='lat' dir='ltr'>legati</span> <span class='ocrx_word' id='word_1_282' title='bbox 1350 2981 1370 3011; x_wconf 83' lang='lat'>‚</span> <span class='ocrx_word' id='word_1_283' title='bbox 1413 2939 1672 3023; x_wconf 69' lang='lat' dir='ltr'>quamdiu</span> <span class='ocrx_word' id='word_1_284' title='bbox 1691 2936 1878 3077; x_wconf 49' lang='lat' dir='ltr'>mipde-</span> 
     </span>
     <span class='ocr_line' id='line_1_36' title="bbox 1777 3034 1877 3075; baseline 0 -1"><span class='ocrx_word' id='word_1_285' title='bbox 1777 3034 1877 3075; x_wconf 76' lang='lat' dir='ltr'>lam</span> 
     </span>
    </p>
   </div>
  </div>
 </body>
</html>
