1888 3428
188 155 605 215 Hrs‘roruffl
645 148 1152 217 VANDAMCAE
1189 151 1409 212 L112.1.
1531 153 1614 233 ’μ’

47 239 104 300 so
144 237 294 299 teste.
333 239 482 297 Nam
517 233 554 294 fi
587 232 773 315 spretis
804 252 924 311 quae
938 231 1062 289 dico
1082 272 1100 301 ,
1135 236 1191 290 in
1209 237 1486 298 Vandalos
1503 234 1617 297 bel-

2 320 108 383 um
131 322 399 388 moveris,
430 318 525 378 ubi
558 321 616 376 in
644 318 875 396 longum
895 313 1134 386 trahetur
1151 335 1422 376 certamen
1442 361 1460 388 ,
1494 342 1616 382 mea

24 405 232 465 onsulta
246 402 509 462 laudabis.
560 402 614 459 Si
630 401 786 480 plane
803 394 1054 457 futurum
1074 396 1307 457 confidis
1322 418 1381 458 ut
1401 399 1614 464 hostem

31 494 172 548 incas
199 528 223 550 ‚.
255 482 387 546 nihil
402 481 581 543 obstat
599 524 617 552 ,
649 484 949 562 quominus
970 487 1023 540 &
1043 482 1275 540 militem
1297 482 1544 562 periculis
1559 493 1617 546 &

32 573 276 630 ecuniam
296 567 560 627 sumtibus
577 564 818 643 objicia8‚
838 564 1083 645 nullique
1104 585 1283 645 parcas
1301 565 1491 625 labori.
1517 570 1615 626 Se·-

34 675 167 713 uens
202 653 351 710 enim
388 651 614 709 vifioria
652 649 841 706 omnia
861 646 984 706 belli
1005 650 1141 706 mala
1160 647 1436 708 obliterat.
1477 654 1558 710 At
1576 649 1616 710 fi

28 756 219 797 ventus
236 737 292 791 in
310 736 417 791 Dei
436 731 510 790 est
529 751 692 801 manu
712 770 731 796 ‚
759 736 815 789 &
846 733 1027 810 priora
1056 733 1304 810 exempla
1317 728 1618 812 specstantes

31 840 87 877 ar
103 817 174 877 est
192 814 458 894 suspec‘tos
475 814 669 872 habere
686 813 811 872 belli
832 832 1060 873 eventus
1083 855 1100 877 ‚
1129 819 1252 893 quis
1268 836 1383 873 non
1405 814 1618 876 censeat

28 896 294 963 ericulofis
326 896 583 956 molestiis
630 894 1062 955 antehabendam
1109 914 1285 956 tutam
1318 902 1560 979 quietem
1589 906 1617 960 ἓ

15 1004 50 1040 n
70 980 459 1061 Carthaginem
478 1001 671 1041 moves
691 1023 708 1047 ‚
751 1002 871 1060 quae
889 978 984 1038 etfi
1001 998 1139 1039 terra
1166 998 1441 1060 peteretur
1458 1025 1476 1053 ,
1511 985 1616 1042 iter

22 1062 115 1123 sset
133 1063 341 1122 dierum
361 1081 584 1133 centum
603 1063 993 1144 quadraginta:
1021 1066 1448 1146 naviganti'vero
1468 1087 1618 1125 mare

31 1167 157 1206 mne
179 1144 246 1204 ad
277 1148 502 1204 ultimos
521 1144 689 1225 usque
710 1144 846 1204 fines
865 1146 1259 1205 emetiendum.
1301 1169 1472 1207 annus
1491 1150 1619 1219 ibit,

28 1227 295 1310 riusquam
320 1250 500 1288 rerum
521 1248 640 1308 quae
659 1228 735 1287 ibi
753 1248 1012 1309 gerentur
1036 1271 1054 1298 ‚
1083 1233 1309 1289 nuntius
1333 1232 1398 1290 ad
1430 1250 1484 1290 te
1520 1253 1621 1308 ver

32 1314 122 1370 iat.·
188 1310 427 1370 Accedat
447 1352 464 1379 ‚
500 1310 653 1391 quod
683 1329 745 1369 ut
775 1315 1009 1370 maxime
1043 1317 1330 1392 proveniat
1365 1316 1619 1382 vietoria,
1661 1390 1665 1391 7

51 1391 241 1452 fricam
260 1412 441 1452 tamen
461 1412 645 1451 tenere
665 1434 682 1462 ‚
715 1394 831 1451 aliis
865 1395 1141 1451 &Italiam
1165 1400 1219 1452 ὃς
1240 1396 1472 1454 Siciliam
1489 1396 1621 1454 insi-

32 1475 267 1539 entibus,
281 1498 397 1534 non
415 1495 571 1557 potes
595 1499 609 1533 :
637 1474 673 1533 fi
694 1496 823 1535 vero
841 1476 1029 1534 labarit
1054 1474 1273 1535 fortuna
1297 1519 1314 1546 ,
1344 1476 1619 1538 federibus

22 1560 164 1639 uptis
184 1597 201 1625 ,
227 1560 528 1638 periculum
547 1565 849 1637 Imperator
867 1563 923 1616 in
942 1576 1035 1615 tua
1054 1564 1342 1617 attraxeris.
1392 1564 1619 1621 Summa

31 1661 101 1700 aec
120 1639 254 1697 esto.
297 1641 548 1698 viotoria
575 1637 685 1696 frui
719 1660 835 1696 non
867 1639 1037 1697 datur.
1072 1640 1201 1697 belli
1219 1640 1433 1701 adversa
1452 1645 1618 1702 rebus
1689 1688 1692 1690 -

35 1743 138 1781 unc
170 1723 404 1802 egregiis
440 1718 673 1780 exitium
704 1723 996 1779 minantur.
1055 1724 1214 1780 Bona
1245 1724 1462 1793 confilia
1491 1747 1618 1786 ante

20 1827 105 1864 em
125 1807 323 1862 valent.
354 1824 481 1862 nam
515 1821 738 1883 accepto
765 1806 986 1864 vulnere
1018 1807 1227 1863 inutilis
1257 1811 1581 1885 poenitentia
1600 1832 1618 1869 z

25 1905 117 1946 nte
152 1887 422 1947 malorum
442 1889 832 1966 experientiam
853 1888 1048 1967 pedem
1077 1887 1272 1947 referre
1290 1892 1412 1950 licet
1430 1895 1617 1972 impu-

35 1992 84 2029 e.
117 1972 392 2049 optimum
421 1967 569 2028 faotu
601 1970 953 2050 temporibus
987 1971 1282 2051 prudenter
1311 1977 1413 2032 uti.
1457 1976 1618 2033 Tan-

21 2074 112 2111 um
131 2053 272 2132 apud
295 2059 683 2134 Imperatorem
704 2056 917 2112 valuere
939 2052 1048 2113 haec
1066 2053 1323 2113 Iohannis
1337 2056 1479 2116 diota
1495 2099 1514 2125 ‚
1556 2077 1620 2118 ut

36 2137 120 2195 elli
137 2138 192 2193 in
211 2157 278 2194 eo
300 2136 611 2217 cupidinem
633 2134 995 2196 restinxerint.
1038 2137 1142 2195 Sed
1161 2142 1345 2197 evenit
1368 2159 1428 2199 ut
1445 2139 1617 2200 sacer-

33 2241 95 2277 os
109 2224 223 2296 ejus
241 2216 441 2300 gradus
460 2241 604 2299 quos
620 2218 918 2300 Episcopos
937 2239 1161 2291 vocant,
1176 2220 1244 2279 ab
1265 2211 1500 2283 Oriente
1518 2245 1619 2285 ve·-

36 2304 147 2360 iens
166 2343 182 2368 ‚
214 2300 520 2382 poposcerit
543 2306 891 2382 Imperatoris
909 2305 1236 2384 alloquium.
1264 2303 1516 2367 admiffus
1533 2307 1619 2366 di-

33 2387 74 2441 it
94 2384 312 2443 :Deum
328 2387 384 2443 in
403 2384 617 2444 somnio
638 2383 911 2466 imperasse
930 2384 1029 2444 fibi
1049 2404 1109 2445 ut
1126 2386 1301 2469 ipsum
1320 2391 1511 2460 adiret,
1533 2409 1618 2448 at-

37 2487 104 2524 ue
141 2465 402 2527 accusaret
416 2469 570 2548 quod
590 2468 873 2550 proposito
889 2469 1156 2529 liberandi
1176 2470 1514 2532 Christianos
1536 2477 1620 2530 A-

27 2552 138 2607 ricae
158 2555 305 2630 gravi
324 2549 353 2609 ὲ
372 2551 658 2611 dominatu
674 2554 817 2611 nulla
829 2553 895 2612 de
913 2552 1063 2612 causa
1076 2552 1580 2625 abstitiffet,addens
1603 2577 1620 2614 ε

51 2651 124 2710 go
145 2630 360 2693 bellanti
381 2635 564 2706 ader0,
585 2633 895 2717 Africaeque
914 2659 1043 2696 eum
1059 2635 1251 2696 faciam
1272 2659 1617 2719 compotem.

67 2717 108 2770 is
128 2715 316 2775 auditis
334 2722 772 2797 Imperator,n0n
793 2719 997 2780 distulit
1013 2725 1316 2802 impetum:
1337 2723 1424 2783 sed
1437 2722 1619 2781 statim

39 2800 296 2858 xercitum
316 2805 369 2858 &
390 2800 595 2861 claffem
617 2807 839 2884 paravit,
857 2825 1112 2884 armaque
1132 2812 1189 2865 δε
1206 2825 1580 2866 commeatum
1603 2827 1619 2863 ε

51 2875 306 2939 elisatium
333 2904 555 2967 quoque
586 2888 644 2944 in
669 2889 955 2968 procinstu
969 2887 1072 2948 effe
1084 2887 1234 2965 juffit
1250 2891 1444 2949 ducem
1462 2889 1618 2947 futu-

13 2979 125 3024 rum
158 2964 215 3029 in
243 2961 482 3054 Africam
516 2968 667 3043 belli·
707 2972 1096 3048 *Commodum
1125 2977 1308 3041 evenit
1325 2993 1387 3035 ut
1402 2975 1461 3057 T
1462 2974 1620 3112 ripo-

449 3101 454 3106 ,
1542 3073 1618 3112 im
