1888 3428
216 221 621 281 His-ronrffi
662 220 1158 276 VANDAL-Ieffi
1187 218 1332 275 L113.
1373 222 1444 276 ΙΙ.
1569 243 1639 301 73

45 321 162 372 non
182 303 412 364 Belisarii
445 303 741 361 reverentia
768 338 787 365 ,
832 318 1009 376 neque
1043 319 1128 354 res
1160 302 1263 356 ulla
1293 300 1510 358 tenebat
1528 306 1650 373 alia,

43 405 233 465 praeter
249 386 432 466 praedae
464 383 622 444 sitim.
666 381 763 439 hac
795 379 1001 458 abrepti
1026 378 1159 436 nihil
1191 380 1256 438 de
1280 399 1472 440 caetero
1496 404 1651 443 cura-

45 468 196 527 bant.
235 466 574 525 considerans
606 464 716 524 haec
744 458 1025 519 Belisarius
1046 460 1359 528 dubitabat,
1392 466 1522 542 quid
1554 468 1652 525 ad·-

43 547 180 609 ferre
200 549 370 628 poffet
390 548 607 607 remedii
628 568 642 602 z
683 549 828 603 Luce
845 563 1028 602 tamen
1048 561 1170 600 orta
1186 547 1244 602 in
1273 545 1409 602 colle
1427 566 1651 625 propter

42 634 187 693 viam
205 630 492 690 confistens
511 628 795 688 revocabat
812 624 1048 685 amiss‘am
1083 626 1401 685 modestiam
1417 670 1434 697 ‚
1479 632 1653 688 multa

41 716 274 776 militem
300 755 319 782 ,
357 735 456 772 nec
474 712 634 770 duces
652 712 902 791 pauciora
936 708 1210 789 castigans.
1246 715 1387 767 moti
1405 713 1495 791 qui
1518 732 1652 790 pro—

42 800 164 876 pius
182 797 398 854 aderant
417 840 431 862 ‚
467 798 503 852 ii
524 797 785 872 praecipue
822 795 918 871 qui
951 814 1015 850 ex
1033 790 1264 850 Belisarii
1282 812 1432 850 erant
1455 792 1651 862 dorne,

43 877 298 957 quaeipfis
330 877 667 937 obvenerant
686 896 766 931 res
800 896 858 931 ac
887 872 1097 931 servitia
1121 895 1215 954 per
1235 876 1651 934 contubernales

41 960 167 1018 suos
199 959 587 1039 Carthaginem
607 961 835 1015 mittunt
853 998 870 1025 ,
901 956 1184 1037 ipsumque
1202 958 1266 1015 ad
1286 959 1480 1016 ducem
1500 980 1655 1016 acce-

41 1041 229 1103 dentes
247 1042 489 1121 praebent
522 1040 572 1099 se
608 1043 899 1119 imperatis.
945 1046 994 1097 Is
1010 1039 1239 1098 Iohanni
1258 1062 1383 1098 cum
1404 1041 1652 1099 ducentis

40 1125 277 1205 injungit
309 1126 646 1182 Gelimerem
680 1122 828 1202 sequi
855 1163 873 1190 ,
916 1144 1091 1202 neque
1115 1141 1208 1181 aut
1242 1125 1406 1181 noste
1437 1142 1528 1182 aut
1563 1124 1652 1181 die

41 1207 309 1284 quiescere
327 1207 503 1266 donec
520 1210 630 1266 vivi
649 1212 764 1282 ejus
784 1224 874 1263 aut
892 1209 1097 1263 mortui
1120 1209 1444 1285 potirentur.
1488 1210 1654 1263 Ami-

42 1291 119 1345 cis
136 1310 265 1347 vero
296 1293 391 1368 qui
414 1289 742 1369 Carthagine
772 1306 921 1346 erant
950 1290 1233 1367 praecepit,
1266 1310 1327 1345 ut
1346 1293 1399 1346 V
1405 1288 1651 1357 andaIOS,

43 1372 213 1448 quiin
232 1370 547 1429 suburbanis
564 1373 696 1428 locis
712 1371 912 1449 templa
930 1369 1190 1448 supplices
1208 1370 1526 1436 insederant,
1544 1369 1654 1429 fide

45 1453 200 1520 data,
236 1459 292 1510 δε
323 1455 518 1518 armiS,
554 1452 774 1531 nequid
810 1454 942 1510 novi
974 1451 1266 1519 auderent,
1295 1454 1520 1510 ademtis
1541 1493 1558 1520 ‚
1593 1456 1653 1510 in

46 1533 239 1591 urbem
275 1534 471 1592 duGtos
504 1534 868 1602 custodirent,
899 1534 1077 1592 donec
1108 1537 1317 1591 veniret
1351 1534 1473 1612 ipse.
1523 1557 1655 1592 cum·
1719 1544 1722 1545 ’

45 1614 126 1672 his
144 1637 282 1695 quos
300 1615 478 1678 secum
499 1621 787 1679 retinuerat
807 1661 823 1682 ,
860 1636 1007 1673 nunc
1038 1616 1148 1675 haec
1186 1636 1332 1672 nunc
1351 1620 1437 1674 illa
1456 1616 1653 1674 obiens

43 1697 196 1769 loca,
230 1699 460 1755 militem
495 1698 560 1755 ad
588 1697 800 1754 labores
841 1695 1140 1761 excitabat,
1185 1697 1440 1758 Vandalis
1469 1717 1652 1755 autem

44 1799 322 1860 quotquot
340 1797 623 1859 repeterat,
640 1777 803 1836 fidem
826 1780 890 1839 de
909 1776 1072 1837 salute
1090 1777 1272 1836 dabat.
1305 1802 1483 1860 neque
1503 1784 1663 1838 enim

45 1863 133 1924 alii
166 1861 429 1924 restabant
447 1864 541 1941 qui
571 1880 922 1941 caperentur,
964 1878 1152 1941 praeter
1170 1883 1267 1924 eos
1295 1865 1391 1942 qui
1424 1863 1488 1919 ad
1517 1861 1655 1929 sacra

45 1943 164 2000 loca
183 1943 562 2026 confugerant.
602 1947 715 2002 Eos
737 1948 895 2002 armis
920 1963 1115 2001 exutos
1139 1944 1234 2002 sub
1256 1944 1493 2002 custodia
1513 1944 1657 2007 misit

48 2026 469 2107 Carthaginem,
503 2031 693 2085 omnia
713 2029 947 2084 evellens
966 2025 1248 2084 turbarum
1277 2027 1498 2085 semina.
1529 2032 1655 2106 qui-
1695 2068 1704 2072 ,

47 2106 150 2170 bus
168 2110 383 2188 provide
401 2114 598 2168 curatis
614 2151 630 2176 ,
669 2117 723 2168 &
753 2109 860 2189 ipse
876 2122 1004 2170 ‘cum
1026 2115 1230 2185 majore
1249 2113 1515 2170 exercitus
1534 2131 1655 2189 par-

46 2206 102 2253 te
131 2192 345 2251 conciso
364 2192 534 2274 gradu
553 2193 891 2264 Gelimerem
917 2192 1172 2272 sequitur.
1210 2191 1477 2250 Iohannes
1509 2197 1658 2254 inte-

46 2275 148 2331 rim
169 2315 187 2342 ,
224 2279 319 2354 qui
354 2270 628 2333 continuis
649 2273 839 2332 diebus
857 2296 916 2338 ac
948 2274 1204 2336 noffibus
1234 2278 1480 2356 quinque
1516 2296 1657 2332 eun-

46 2353 169 2413 dem
189 2356 525 2435 Gelimerem
547 2355 814 2415 insecutus
832 2376 942 2415 erat
959 2400 976 2426 ,
1011 2374 1122 2414 tam
1154 2379 1322 2438 prope
1341 2380 1469 2415 eum
1488 2379 1657 2415 vene-

47 2454 124 2501 rat
141 2479 158 2506 ,
182 2459 240 2506 ut
256 2441 439 2520 praelio
458 2458 754 2498 certaturus
774 2438 899 2502 ess'et
919 2438 1185 2519 postridie.
1231 2442 1334 2498 Sed
1353 2445 1480 2520 quia
1496 2445 1551 2498 in
1573 2439 1657 2496 fa-

46 2521 115 2576 tis
147 2543 259 2582 non
292 2543 402 2584 erat
427 2524 492 2581 ab
529 2521 772 2582 Iohanne
808 2524 1148 2586 Gelimerem
1181 2527 1294 2603 capi
1318 2522 1656 2589 ‚·adversum

48 2605 177 2678 quid
210 2607 500 2664 intercidit.
547 2605 935 2663 Comitabatur
951 2605 1207 2668 Iohannis
1236 2627 1433 2687 agmen
1467 2606 1659 2664 Vliaris

48 2683 278 2746 Belisarii
295 2686 510 2747 satelles.
555 2708 668 2746 erat
683 2691 726 2745 is
744 2691 823 2750 vir
847 2730 865 2757 ‚
883 2689 1065 2748 erecto
1085 2688 1308 2768 quidem
1329 2691 1535 2754 auium,
1558 2709 1659 2744 ne-

50 2786 158 2844 que
187 2772 363 2835 minus
389 2769 486 2828 hac
507 2790 654 2850 parte
673 2792 840 2850 quam
862 2791 1091 2850 corpore
1126 2770 1333 2830 validus
1355 2811 1370 2832 ,
1406 2768 1494 2826 sed
1530 2768 1656 2827 seria

50 2851 231 2907 minus
262 2873 422 2929 quarn
445 2855 802 2911 vinolentiam
825 2859 1016 2930 &joca
1033 2873 1233 2915 amans,
1275 2858 1326 2910 Is
1350 2854 1551 2910 Vliaris
1570 2853 1656 2907 die

49 2932 254 3010 itineris
270 2933 417 2992 sexto
441 2940 574 2993 circa
592 2937 732 2993 Solis
748 2955 936 2996 ortum
961 2936 1106 2993 videt
1131 2956 1285 2993 avem
1318 2934 1495 2991 arbori
1527 2930 1658 2989 insi-

49 3011 269 3079 dentem
289 3055 308 3085 2
350 3037 616 3099 raptoque
649 3017 938 3099 derepente
970 3038 1098 3076 arcu
1126 3016 1313 3098 sagitta
1346 3037 1464 3075 eam
1499 3015 1657 3094 petit«

946 3101 1067 3178 E5
1309 3148 1311 3150 ,
1581 3094 1656 3187 Et
