1888 3428
236 181 355 268 353
571 174 968 241 'PRocoprt
1009 177 1591 236 CAEsAREE'Nsie'
1802 249 1806 254 .

235 265 620 348 exprobrantes
640 304 657 331 ‚
676 263 828 344 quod
844 284 970 321 cum
987 264 1228 320 Romam
1249 278 1460 340 ceperat
1478 301 1495 327 ‚
1534 278 1708 339 neque
1726 267 1846 329 eati}

233 350 355 409 solo
376 348 636 423 dejecerat
653 368 720 404 ne
737 344 983 403 hostibus
1002 341 1353 423 poffideretur
1372 384 1390 411 2
1410 363 1584 421 neque
1599 341 1705 422 ipse
1728 365 1846 402 eam

235 428 502 499 tenuerat,
519 429 604 487 sed
622 434 754 486 tanti
771 427 966 486 laboris
986 423 1348 505 'temporisque
1372 429 1603 504 pretium
1622 426 1766 483 nulla
1784 427 1850 483 de

236 513 388 573 causa
418 511 526 593 ipse
559 512 876 591 perdiderat.
916 514 994 565 Ita
1024 530 1145 565 mos
1175 508 1250 565 est
1278 507 1571 564 hominum
1588 507 1653 565 a‘d
1672 520 1850 565 rerum

240 614 468 656 eventus
488 615 664 674 aptare
684 589 1019 655 sententiam,
1042 597 1096 648 &
1116 611 1228 669 quo
1247 593 1384 668 rapit
1398 587 1638 655 fortuna,
1658 592 1714 646 in
1732 601 1852 646 eam

239 700 448 762 partem
469 678 730 752 judicium
751 676 1004 752 inclinare
1034 715 1050 740 ‚
1085 672 1215 749 saepe
1236 677 1293 729 &
1314 685 1477 751 prout
1496 669 1854 729 casuum‘sunt

240 766 405 827 vicies,
429 779 633 817 mutare
648 762 909 815 animum.
954 755 1125 813 Iidem
1145 754 1371 822 Gotthi,
1389 760 1483 833 qui
1505 772 1676 832 nuper
1691 753 1863 810 rebus'
1886 803 1888 806 Α

241 844 491 924 prospere
523 841 779 897 euntibus
801 880 815 901 ,
849 841 1096 897 Totilam
1119 839 1264 894 velut
1282 837 1445 895 deum
1465 835 1737 917 quendam
1755 857 1854 893 co-

238 931 468 992 luerant,
489 925 754 980 invictum
770 963 788 987 ,
803 919 1282 999 incomparabilem
1306 920 1626 998 appellantes
1644 960 1661 986 ,
1692 922 1856 976 etiam

241 1029 376 1064 tunc
410 1027 534 1063 cum
570 1004 729 1061 urbes
759 1003 991 1061 detra5m
1021 1007 1289 1059 moenium
1325 1019 1470 1079 parte
1506 1003 1854 1078 relinqueret,
1886 1012 1888 1018 ⁴

242 1089 448 1171 lapsum
480 1093 534 1144 in
575 1083 784 1143 adversa
823 1087 1174 1142 inclementer
1192 1084 1426 1141 accusare
1454 1105 1569 1140 non
1594 1082 1857 1140 vereban-

244 1192 355 1238 tur,
374 1174 621 1226 omnium
643 1186 766 1224 ante
785 1168 1058 1225 diocorum
1078 1165 1451 1232 immemores,
1470 1167 1857 1244 nulloqquu-

245 1256 380 1312 dore
416 1250 545 1307 verfi
578 1254 632 1305 in
655 1253 932 1305 contraria.
981 1248 1082 1306 Sed
1100 1251 1218 1305 talia
1237 1250 1371 1326 quin
1392 1247 1599 1326 semper
1616 1251 1858 1303 mortalis,

244 1337 348 1393 bus
366 1351 652 1412 peccentur
674 1376 687 1396 ‚
722 1334 874 1389 vitari
893 1333 1082 1408 nequit
1103 1371 1119 1396 ‚
1152 1350 1275 1386 cum
1297 1327 1530 1386 humana
1547 1328 1598 1386 id
1619 1333 1673 1386 in
1692 1328 1741 1386 se
1759 1328 1861 1386 ha-

245 1419 372 1476 beat
391 1434 590 1472 natura.
635 1416 823 1472 Soluta
839 1410 1123 1470 obsidione
1147 1415 1363 1468 Totilas
1381 1417 1435 1469 ὃς
1455 1410 1660 1468 Gotthi
1676 1413 1732 1467 T
1735 1410 1859 1469 ibur
1876 1424 1879 1430 ”

247 1519 465 1561 venere,
485 1498 655 1577 ruptis
674 1494 936 1575 pontibus
957 1516 1125 1574 prope
1147 1493 1407 1551 omnibus
1425 1494 1622 1572 quibus
1639 1493 1859 1551 Tiberis

246 1579 641 1642 insternebatur
662 1620 678 1646 ,
707 1598 765 1635 ut
783 1575 1140 1636 difficiliorem
1160 1579 1424 1634 Romanis
1445 1577 1510 1634 ad
1528 1576 1577 1634 se
1599 1573 1858 1654 acceffum

246 1664 500 1722 facerent.
545 1667 808 1718 Pontium
841 1681 1013 1717 unum
1035 1700 1051 1724 ‚
1086 1662 1172 1717 cui
1201 1660 1395 1716 Milvio
1432 1680 1638 1715 nomen
1657 1699 1674 1725 ‚
1705 1658 1861 1738 quod

248 1746 611 1826 propinquior
628 1740 752 1799 effet
769 1763 804 1797 o
813 1741 999 1819 ppido,
1014 1740 1246 1798 scindere
1267 1743 1544 1819 nequiere.
1588 1740 1689 1799 Sed
1707 1741 1861 1819 quod

246 1827 459 1887 Tibure
478 1843 587 1883 erat
605 1825 873 1880 castellum
892 1863 909 1889 ‚
938 1825 1176 1881 dirutum
1195 1821 1399 1879 asemet
1415 1839 1569 1878 antea
1588 1863 1604 1889 ‚
1623 1827 1859 1879 omnino

250 1908 626 1989 reponendum
637 1905 1158 1984 judicarunt‚ibique
1176 1903 1426 1985 depositis
1441 1907 1679 1983 pecuniis
1697 1903 1860 1961 otiosi

250 1992 507 2050 mansere.
554 1993 635 2045 Sic
653 1987 897 2045 Belisario
917 2005 1133 2066 tempus
1160 1988 1343 2045 datum
1378 2007 1544 2046 novas
1563 1996 1747 2064 portas
1773 1990 1877 2044 in*

251 2073 458 2132 serendi
473 2070 748 2128 moenibus
770 2111 785 2136 ‚
813 2066 955 2127 ferro
976 2069 1114 2126 bene
1135 2073 1369 2126 munitas
1387 2110 1403 2137 ,
1431 2084 1661 2147 quarum
1681 2075 1862 2148 Impe-

254 2176 418 2222 rator,
438 2158 607 2213 claves
624 2150 784 2218 misit,
799 2173 909 2231 quo
928 2170 1175 2230 tempore
1201 2149 1421 2208 finiente
1439 2150 1630 2227 hyeme
1649 2150 1861 2209 duode÷

255 2245 426 2296 cimus
446 2235 601 2292 simul
620 2255 788 2291 annus
807 2237 933 2290 exiit
948 2232 1072 2290 belli
1091 2238 1203 2308 ejus
1223 2234 1372 2312 quod
1391 2232 1638 2291 describit
1657 2238 1861 2291 Proco-

254 2325 397 2400 piu5.
439 2320 739 2396 Aliquanto
762 2333 883 2372 ante
903 2315 965 2373 ad
983 2315 1248 2374 Perufiam.
1270 2314 1474 2372 miserat
1490 2316 1706 2372 Totilas
1723 2357 1739 2383 ‚
1766 2318 1862 2395 qui

255 2402 430 2462 castris
462 2405 661 2457 circum
701 2397 890 2454 urbem
922 2396 1105 2476 posstis
1137 2401 1346 2455 intente
1390 2400 1678 2455 Romanos
1716 2401 1861 2455 intus

258 2482 459 2544 clausos
477 2501 698 2540 tenuere
715 2522 730 2547 ‚
758 2486 811 2537 δι’
834 2502 957 2538 cum
977 2477 1119 2536 farne
1139 2484 1310 2559 premi
1331 2478 1584 2536 sentirent
1603 2477 1861 2548 obseff05‚¹

257 2565 445 2626 misere
469 2565 532 2622 ad
547 2565 790 2620 Totilam
809 2601 826 2627 ‚
849 2582 907 2618 ut
921 2560 1068 2639 justo
1094 2584 1217 2620 cum
1236 2565 1473 2619 exercitu
1488 2559 1680 2620 adeflet
1697 2601 1713 2627 ,
1747 2566 1860 2641 quo·

253 2649 462 2706 facilius
481 2646 746 2725 oppidum
766 2685 781 2711 ‚
818 2648 1019 2723 quique
1039 2648 1093 2701 in
1113 2643 1319 2724 oppido
1341 2660 1492 2700 erant
1528 2661 1861 2722 caperentur.

255 2727 360 2788 Sed
393 2732 606 2787 Totilas
639 2725 762 2784 suos
807 2727 870 2784 ad
912 2725 1044 2803 juffa
1092 2724 1395 2806 capellenda
1428 2729 1608 2784 minus
1638 2729 1826 2784 alacres
1843 2755 1862 2794 ‚-

251 2812 608 2871 hortamentis
628 2809 936 2866 excitandos
953 2810 1192 2882 ,indicans
1212 2807 1278 2865 fic
1312 2830 1410 2886 pro
1429 2814 1693 2866 concione
1709 2811 1865 2866 locu-

256 2913 346 2953 tus
367 2893 458 2952 est.
505 2895 655 2951 Cum
676 2892 912 2948 viderem
932 2892 1387 2960 VOS,commilites
1409 2933 1424 2957 ,
1461 2891 1594 2949 mihi
1618 2913 1730 2949 non
1745 2896 1864 2966 jure

253 2981 415 3038 iratos
433 2975 509 3036 ob
528 2975 775 3034 dolorem
796 2995 858 3033 ex
876 2973 1178 3036 adversante
1197 2971 1415 3032 fortuna
1432 3012 1450 3044 ἓ
1481 2972 1864 3042 convocandos

1766 3072 1867 3127 '³931
