1888 3428
253 196 364 272 278
599 196 989 250 PRocoPu
1034 190 1578 248 CAESAREENSIS

246 293 456 337 norum>
469 270 872 331 multitudinem
891 271 925 330 s
917 273 1118 353 pec‘tare
1139 272 1388 351 cogimur
1406 269 1754 328 barbarortsm
1772 270 1858 329 di-'

246 359 512 422 laniatam
533 354 780 413 manibus
804 396 820 423 ,
848 377 953 434 qua
984 375 1096 410 non
1130 370 1308 408 morte
1327 352 1380 408 id
1400 351 1595 409 tristius
1618 358 1639 409 ?
1678 373 1856 431 neque

246 441 391 496 enim
413 438 557 495 aliud
574 458 738 517 quam
757 437 1027 514 adjutores
1044 432 1193 492 fuiffe
1214 434 1276 491 ad
1296 432 1533 491 hostium
1553 437 1862 490 immanita-

247 539 361 577 tem
381 512 700 589 videbimur.
743 522 941 577 Donec
960 540 1089 598 ergo
1112 521 1165 573 in
1189 514 1366 573 nostra
1386 515 1648 594 potestate
1668 515 1741 572 est
1761 535 1862 572 ne·
1883 555 1888 559 -

250 599 541 659 cessitatem
571 604 768 658 virtute
787 599 1074 682 gloriosam
1095 595 1265 656 facere
1285 637 1304 663 ,
1333 619 1400 654 eo
1420 596 1569 678 quod
1589 599 1863 676 reliquum

245 683 408 740 nobis
427 681 553 741 fecit
570 682 808 744 fortuna,
829 685 970 740 rerste
994 702 1229 739 utamur.
1273 702 1433 759 quare
1452 680 1518 737 sic
1536 679 1884 761 senti0,uni-¹

248 763 410 824 versis
443 764 603 822 nobis
637 786 783 823 arma
813 766 1017 822 indutis
1051 764 1326 821 incautum
1345 767 1400 820 in
1420 763 1630 820 hostem
1649 767 1862 820 irruen-

248 848 400 905 dum.
443 853 561 903 Aut
594 850 736 904 enim
756 847 953 925 aliquid
987 843 1074 925 spe
1107 849 1294 903 melius
1314 845 1461 902 dabit
1480 843 1700 902 fortuna
1721 887 1736 912 ,
1769 860 1862 901 aut

247 928 408 986 beato
429 931 576 985 exitu
594 928 872 987 honestam
895 929 959 985 ab
983 929 1062 985 his
1096 931 1245 985 malis
1275 927 1622 1005 adipiscemur
1640 927 1861 984 liberta-
1883 934 1885 937 ’

247 1029 377 1067 tem.
421 1013 643 1067 Dixerat
661 1012 884 1090 quidem
901 1010 1009 1067 haec
1037 1010 1330 1067 Mundilas.
1370 1028 1421 1066 at
1440 1011 1672 1067 militum
1693 1029 1860 1081 nemo

243 1090 743 1170 subirepericulum
783 1094 958 1149 voluit
979 1115 994 1158 3
1032 1092 1228 1148 oblatis
1261 1090 1326 1148 ab
1352 1091 1502 1149 hoste
1524 1092 1861 1148 conditioni-

245 1173 349 1230 bus
383 1171 543 1253 seque
569 1180 629 1230 t&
667 1173 857 1230 urbem
895 1174 1117 1231 dedunt.
1159 1175 1229 1229 Et
1267 1194 1361 1244 eos
1396 1174 1615 1254 quidem
1649 1173 1860 1240 barbari

242 1253 526 1333 ipsumque
541 1255 847 1312 Mundilam
876 1255 1030 1320 ‚nihil
1054 1256 1187 1310 ultra
1205 1253 1372 1333 passos
1394 1297 1409 1322 ‚
1429 1260 1486 1311 in
1505 1253 1744 1312 custodia
1764 1254 1860 1311 ha·
1883 1318 1885 1323 .

244 1334 432 1394 buere.
475 1338 681 1394 Vrbem
698 1337 862 1417 ipsam
881 1334 994 1393 solo
1013 1356 1224 1416 aequant
1243 1358 1255 1391 :
1277 1339 1422 1393 viros
1442 1337 1669 1416 puberes
1688 1339 1858 1393 inter-

244 1416 439 1474 ficiunt
459 1434 652 1476 omnes
671 1456 686 1482 ‚
722 1423 945 1498 quinon
966 1423 1143 1475 minus
1164 1422 1388 1475 trecenis
1415 1418 1652 1477 millibus
1669 1416 1820 1476 fuere
1841 1439 1856 1474 ε

247 1496 475 1557 feminas
511 1496 566 1557 in
601 1500 874 1559 servitium
909 1503 1100 1558 tractas
1131 1502 1337 1558 donant
1352 1500 1858 1580 BurgundionibuS‚

241 1586 478 1660 pretium
497 1581 779 1640 societatis,
823 1586 1152 1661 Reparatum
1172 1588 1350 1640 virum
1376 1581 1776 1642 Praefestorium
1797 1585 1855 1639 in

241 1661 437 1720 frustra
448 1665 761 1733 concidunt,
778 1686 945 1743 eaque
963 1665 1224 1740 abjectant
1242 1665 1483 1721 canibus,
1526 1671 1603 1723 At
1620 1668 1858 1745 Bergan-

243 1749 390 1802 tinus
413 1751 561 1817 (nam
583 1750 692 1802 &is
713 1747 1012 1804 Mediolani
1029 1744 1240 1817 fuerat)
1279 1745 1480 1824 elapsus
1513 1769 1636 1804 cum
1674 1749 1855 1826 paucis

243 1848 339 1905 per
369 1831 621 1886 Venetias
655 1826 820 1907 iisque
857 1830 1060 1895 vicina,
1093 1831 1421 1885 Dalmatiam
1451 1834 1659 1909 attigit,
1691 1847 1854 1908 atque

244 1910 370 1966 inde
406 1910 470 1966 ad
505 1915 892 1988 Imperatorem
929 1930 1053 1966 cum
1094 1908 1310 1967 venisset
1340 1950 1356 1977 ‚
1392 1914 1584 1991 ingens
1619 1911 1724 1967 hoc
1758 1911 1854 1967 da-

242 2012 438 2048 mnum
459 1996 532 2047 rei
548 1994 810 2049 Romanae
829 1996 1060 2048 nuntiat.
1091 2013 1219 2048 mox
1244 1999 1296 2050 &
1316 2010 1498 2051 caetera
1515 1994 1711 2072 oppida
1728 1993 1853 2049 Ro—

244 2075 418 2130 manis
447 2070 626 2146 insessa
660 2072 903 2151 praesidiis
938 2073 1139 2130 Gotthi
1175 2075 1584 2132 conditionibus
1614 2079 1669 2132 in
1702 2076 1848 2132 suam
1886 2107 1888 2110 ·

195 2215 199 2222 ,
243 2154 567 2235 potestatem
585 2158 1199 2235 accipiunt‚Liguriaque
1220 2160 1372 2213 omni
1393 2161 1688 2235 potiuntur.
1704 2158 1852 2213 Mar-

242 2239 392 2293 tinus
408 2255 586 2293 autem
608 2244 660 2295 &
681 2240 869 2294 Vliaris
889 2259 1012 2294 cum
1032 2259 1097 2293 eo
1121 2259 1285 2317 quem
1304 2236 1598 2296 habuerant
1615 2238 1853 2297 exercitu

245 2320 488 2376 Romam
522 2318 569 2375 se
605 2316 860 2375 referunt.
904 2321 973 2377 Et
989 2319 1097 2376 haec
1115 2321 1334 2399 quidem
1356 2341 1450 2398 per
1468 2325 1742 2402 Liguriam
1761 2342 1850 2378 ac·-

247 2400 437 2458 cidere.
484 2403 635 2479 queis
653 2399 923 2458 Belisarius
942 2403 1186 2458 nondum
1210 2407 1442 2483 cognitis
1463 2444 1481 2469 ‚
1508 2404 1710 2482 hyemis
1735 2406 1850 2460 exi·

180 2556 183 2557 ⁷
248 2501 309 2539 tu
330 2524 347 2549 ‚
378 2481 474 2539 suo
495 2504 618 2539 cum
648 2487 881 2539 exercitu
911 2488 1361 2541 Picenumintrat.
1397 2488 1458 2540 jin
1476 2488 1660 2543 itinere
1682 2487 1873 2564 peda-³

248 2581 337 2620 tus
366 2565 430 2621 ad
452 2585 575 2620 eum
595 2564 659 2620 de
684 2564 985 2622 Mediolani
1016 2568 1158 2623 malo
1179 2570 1399 2623 nuntius
1429 2568 1725 2625 incredibili
1745 2567 1877 2643 (ἰο-χ

248 2646 362 2702 lore
383 2650 623 2702 animum
643 2647 884 2724 perculit:
901 2649 1236 2727 Vliarimque
1253 2671 1314 2705 ex
1334 2670 1400 2705 eo
1419 2648 1483 2706 ad
1502 2648 1849 2729 conspefium

244 2725 402 2785 suum
424 2749 536 2784 non
558 2727 765 2785 admisit
799 2751 811 2784 :
850 2750 961 2785 rem
986 2751 1042 2786 ut
1062 2731 1205 2810 gesta
1224 2747 1334 2786 erat
1366 2730 1650 2810 perscripsit
1667 2737 1848 2809 Impe-
1863 2759 1875 2776 υ

247 2812 432 2865 ratori.
473 2811 593 2865 Nec
610 2814 651 2870 is
669 2809 744 2890 ob
763 2833 821 2866 ea
837 2816 1087 2890 cuiquam
1109 2816 1295 2869 nocuit
1316 2831 1551 2871 :tantum
1570 2814 1879 2886 intelletifflg

245 2890 475 2968 Belisarii
495 2891 829 2971 Narsetisque
847 2897 1092 2951 aemulatu
1113 2936 1129 2962 ‚
1165 2894 1307 2951 hunc
1324 2909 1541 2953 revocat
1560 2937 1577 2963 ‚
1611 2898 1682 2953 illi
1707 2894 1848 2952 sum·
1866 2890 1888 2969 j

221 2978 402 3032 *mum
439 2972 561 3032 belli
595 2977 880 3053 imperium
899 2974 1133 3035 disertim
1160 2976 1390 3037 mandat.
1437 2981 1518 3037 Sic
1537 2998 1648 3037 non
1665 2978 1860 3035 multis!
1887 2979 1888 2996 *

1721 3077 1845 3116 cum
