1888 3428
212 171 654 229 GoTTmcAE
696 167 1107 228 HISTORIAE
1146 169 1191 223 L
1214 174 1407 226 113.II.
1516 189 1630 249 297

17 252 288 332 quendam
309 252 384 310 ibi
404 253 761 310 habitantium
784 251 1005 330 pecunia
1022 268 1306 329 permovet
1325 296 1337 315 ‚
1361 270 1420 308 ut
1438 248 1633 310 horrea

15 336 104 393 illa
122 357 245 393 cum
265 333 541 393 frumento
563 338 696 392 clam
716 332 963 390 incendat
995 356 1008 389 :
1042 353 1141 388 nec
1158 330 1349 388 desunt
1367 336 1458 410 qui
1496 351 1635 391 con-

17 417 118 476 scia
155 417 497 474 Matasuntha
524 419 720 494 Vitigis
746 436 913 471 uxore
948 414 1002 470 id
1036 411 1243 470 fastum
1280 412 1476 470 dicant.
1519 415 1632 472 Vbi

17 498 195 557 subito
215 496 550 557 frumentum
577 497 712 565 arsit,
727 499 809 554 alii
828 494 1037 554 infidias
1064 494 1362 575 suspectant
1385 537 1401 564 ,
1424 498 1505 553 alii
1525 494 1634 553 ful-

19 603 148 639 men
170 579 399 638 incidifl'e
419 580 692 638 rebantur.
735 582 792 635 in
815 597 1075 655 utranque
1092 597 1296 656 partem
1320 575 1462 634 versa
1480 582 1635 657 cogi-

18 666 226 721 tatione
266 665 469 719 Gotthi
506 669 559 721 &
595 664 797 740 Vitigis
834 664 1068 740 graviter
1103 680 1362 739 expavere
1385 701 1402 727 ‚
1435 658 1639 716 sublata

19 749 181 803 etiam
204 748 342 802 inter
375 743 515 825 ipsos
550 741 655 800 fide
677 763 767 800 aut
787 741 996 799 infenso
1020 747 1260 801 numine.
1312 743 1444 800 Haec
1462 743 1561 799 illis
1580 746 1638 798 in

18 830 149 887 locis
169 848 411 885 evenere.
455 830 532 884 At
552 829 608 883 in
627 825 861 904 Alpibus
881 866 898 892 ,
917 847 1047 904 quas
1074 825 1306 882 Galliam
1325 827 1635 903 Liguriam-

21 931 128 990 que
147 913 284 967 inter
302 909 464 966 editas
484 910 661 966 Latini
683 909 900 964 Cottias
919 928 1135 976 vocant,
1156 912 1365 964 munita
1381 910 1497 964 loca
1515 927 1634 963 non

21 1014 187 1072 pauca
204 1009 352 1048 erant
369 1031 384 1052 ‚
403 1012 519 1069 quae
539 991 748 1070 pridem
767 989 794 1046 a
813 988 1044 1047 Gotthis
1065 1032 1081 1058 ‚
1120 996 1379 1070 conjuges
1396 988 1472 1045 ibi
1491 1010 1549 1045 ac
1567 990 1635 1064 lif

19 1072 180 1132 beros
195 1072 520 1130 habentibus
539 1116 557 1141 ,
579 1072 939 1131 servabantur.
984 1094 1122 1151 quos
1141 1072 1318 1130 secum
1340 1069 1636 1150 paciscendi

20 1157 207 1216 avidos
227 1176 351 1212 cum
373 1154 589 1214 audisset
608 1154 881 1214 Belisarius
902 1154 930 1211 ὲ
948 1159 1211 1211 comitatu
1232 1153 1327 1212 suo
1349 1152 1631 1210 Thornam

21 1244 76 1296 &
95 1259 220 1294 cum
252 1235 364 1315 ipso
386 1240 682 1296 nonnullos
701 1259 766 1293 eo
791 1240 990 1303 mittit'j·‚
1025 1243 1117 1315 qui
1142 1258 1264 1292 cum
1285 1235 1520 1293 barbaris
1542 1256 1637 1313 pa-

21 1321 107 1377 &a
122 1318 418 1376 firmarent.
459 1322 570 1376 Eos
590 1361 605 1386 ‚
633 1340 756 1376 cum
777 1315 1096 1377 advenissent
1117 1359 1131 1384 ‚
1168 1318 1344 1398 sifigis
1366 1322 1456 1397 qui
1478 1338 1636 1373 mon-

16 1405 161 1477 tium
195 1400 429 1459 claustris
464 1420 680 1480 praeerat
698 1443 716 1470 ,
749 1401 1083 1458 castellorum
1119 1405 1385 1479 praecipuo
1407 1397 1630 1457 admisit.

23 1488 197 1564 Seque
217 1482 705 1563 ipfi5,Gotthorum
725 1486 834 1540 aliis
854 1485 1164 1561 exemplum
1186 1484 1336 1562 quod
1353 1484 1636 1561 sequeren-

20 1584 128 1634 tur,
146 1566 305 1624 dedit.
349 1572 496 1623 Inter
512 1587 629 1645 quae
648 1570 835 1625 Vra'i'as
856 1587 978 1621 cum
1000 1565 1257 1623 militibus
1279 1576 1466 1641 quater
1488 1564 1634 1621 mille

21 1651 212 1728 partim
230 1647 487 1726 &Liguria
504 1646 1088 1726 collecti5‚partin1ipfis
1106 1647 1405 1725 exAlpibus
1420 1647 1637 1702 Raven-

18 1751 99 1801 nae
117 1727 393 1786 subvenire
411 1728 853 1809 properabat.Sed
871 1728 1022 1808 Sifigi
1038 1731 1150 1785 acta
1165 1749 1222 1785 ut
1238 1727 1521 1785 audierunt
1538 1731 1638 1784 rni-
1664 1764 1667 1765 ν

16 1813 141 1868 lites
161 1853 177 1879 ‚
204 1831 378 1869 rerum
400 1816 735 1891 propriarum
759 1832 939 1868 curam
962 1812 1148 1868 alienis
1167 1811 1324 1868 rebus
1340 1813 1634 1890 praetulere.

25 1893 116 1950 Ab
136 1893 215 1950 his
238 1895 431 1950 tractus
448 1894 636 1953 V'rai'as
656 1915 779 1952 cum
795 1900 945 1950 omni
969 1897 1277 1969 exercituin
1298 1896 1464 1972 Alpes
1485 1896 1636 1949 venit

25 1976 242 2033 Cottias
262 2017 277 2043 ‚
311 1976 608 2056 Sifiginque
644 1983 697 2032 ὃ(
733 1997 855 2034 cum
891 1999 956 2035 eo
985 1976 1267 2033 Thomam
1287 1978 1328 2031 it
1347 1972 1632 2033 obsessum.

22 2079 138 2136 quae
165 2078 289 2114 curn
321 2057 688 2117 intellexissent
713 2061 963 2117 Vitaliani
997 2056 1153 2116 fratre
1195 2079 1348 2115 natus
1370 2057 1636 2115 Iohannes

23 2146 77 2197 &
113 2141 384 2197 Martinus
404 2181 417 2202 ,
454 2145 548 2220 qui
579 2160 706 2198 tunc
726 2142 873 2197 Pado
898 2162 1009 2198 non
1030 2144 1195 2222 longe
1216 2140 1433 2197 aberant
1457 2182 1472 2207 ,
1509 2158 1631 2195 toto

22 2242 145 2278 cum
165 2227 379 2303 agmine
399 2223 650 2280 advolant
670 2223 1037 2280 laborantibus
1054 2265 1069 2290 ‚
1105 2231 1157 2282 ὃς
1190 2222 1404 2281 castellis
1428 2225 1635 2301 aliquot

23 2307 223 2383 Alpina
255 2310 394 2362 inter
417 2311 548 2385 juga
567 2308 785 2384 irruptis
805 2347 820 2373 ‚
848 2329 988 2385 quos
1007 2306 1080 2363 ibi
1098 2305 1403 2362 habitantes
1422 2324 1635 2382 repere-

21 2404 140 2443 rant
161 2429 177 2455 ,
211 2385 337 2445 belli
358 2409 509 2445 more
533 2386 712 2444 servos
730 2384 917 2445 fecere.
967 2395 1026 2445 In
1055 2388 1136 2444 his
1156 2407 1304 2445 erant
1325 2409 1517 2445 eorum
1539 2388 1635 2464 qui

22 2471 196 2528 Vrai'ae
216 2470 516 2527 militabant
538 2491 731 2527 uxores
751 2471 988 2548 plurimae
1007 2470 1287 2550 liberique.
1332 2491 1454 2527 narn
1476 2470 1635 2526 multi

20 2550 125 2607 illis
142 2555 246 2609 orti
265 2574 326 2608 ex
346 2553 485 2609 locis.
496 2557 610 2628 ejus
625 2551 769 2630 ligna
787 2551 1163 2631 sequebantur.
1207 2555 1285 2610 Hi
1302 2551 1394 2609 ubi
1415 2549 1634 2607 necessi-

22 2632 236 2691 tudines
264 2633 377 2691 suas
411 2639 464 2691 in
493 2636 876 2692 Romanorum
894 2634 1215 2714 potestatem
1234 2631 1427 2692 venisse
1446 2633 1632 2690 audie-

22 2730 140 2770 rant
161 2757 178 2783 ,
207 2716 413 2773 deserto
435 2715 782 2774 Gotthorurn
803 2721 1040 2774 exercitu
1060 2718 1123 2774 ad
1140 2716 1439 2774 Iohannem
1460 2734 1635 2773 trans-

6 2814 174 2853 eunt.
216 2798 469 2856 Nudatus
504 2803 692 2857 Vra'i'as
727 2820 902 2878 neque
933 2800 1005 2857 ibi
1027 2798 1290 2878 proficere
1320 2802 1633 2876 quicquam,
1671 2832 1678 2836 --

22 2897 199 2954 neque
214 2879 485 2940 Ravennae
511 2882 669 2939 ullam
691 2902 855 2958 opem
877 2879 1079 2940 adferre
1108 2885 1308 2960 potuit,
1328 2881 1413 2938 sed
1432 2879 1516 2957 spe
1536 2879 1632 2933 de-

20 2960 194 3036 jectus
215 2999 233 3028 ‚
265 2982 377 3020 non
399 2964 581 3021 multis
604 2965 989 3028 comitantibus
1010 3006 1025 3030 ‚
1056 2968 1111 3020 in
1130 2967 1404 3044 Liguriam
1422 2960 1468 3017 se
1491 2955 1630 3016 refe-

1006 3048 1062 3102 T
1109 3067 1133 3121 5
1493 3060 1633 3109 rem,
