1931 3428
432 138 1184 223 CHRoN1coN„
1493 143 1618 230 733*

6 231 12 250 ³
35 227 365 293 fferabantur
394 230 696 288 interitum.
736 232 924 306 Atque
960 228 1033 286 ita
1066 243 1302 305 quatuor
1323 231 1495 314 plagis
1527 245 1623 311 per

49 319 229 375 mnem
253 316 502 392 Spaniam
521 309 1062 378 saevientibus,divina
1081 313 1350 369 iracundia
1370 336 1463 393 per
1482 314 1623 374 Pro-

5 398 194 479 phetas
210 397 457 475 inscripta
476 396 608 453 olim
624 393 1078 474 praenuntiatione
1093 392 1434 470 adimpletur.
1606 391 1623 394 “

106 562 175 629 ,Ε
202 584 250 626 R
273 585 320 627 A
356 559 899 653 qtmdringentssma
917 540 1337 649 quadrageszma
1354 583 1522 626 nona.

13 723 219 854 POst
241 727 519 808 plagarum
538 726 705 784 diram
726 726 1019 804 perniciem
1037 761 1053 793 ,
1071 722 1270 803 quibus
1296 723 1630 804 Spaniacaesa

114 808 189 865 est
207 851 225 876 ,
261 810 482 867 tandem
505 809 713 865 barbari
735 807 1003 886 ad'pacem
1023 808 1319 865 ineundam
1337 809 1443 866 deo
1466 808 1629 867 mise-

8 909 162 949 rante
182 889 423 950 conversi
442 931 457 952 ‚
491 889 629 947 sorte
649 896 704 947 in
726 888 1100 968 poffeffionem
1134 889 1228 946 sibi
1260 896 1371 965 ejus
1402 895 1630 971 provin-

13 978 120 1031 cias
138 973 410 1032 dividunt.
453 973 735 1029 Galliciam
756 978 899 1030 enim
924 977 1087 1031 Suevi
1114 988 1385 1052 occupant
1409 1015 1423 1036 ‚
1463 974 1629 1031 Alani

9 1055 334 1114 Lusitaniam
358 1062 410 1112 ἃ
435 1054 917 1134 Carthaginensem
938 1059 1264 1134 provincia&
1287 1057 1516 1115 Vandali
1537 1077 1629 1114 au-

15 1155 129 1195 tem
148 1140 483 1217 cognomine
508 1140 699 1217 Silingi
717 1138 971 1195 Baeticam
987 1138 1300 1196 sortiuntur.
1350 1142 1510 1217 Spani
1529 1160 1629 1196 au-

12 1237 124 1277 tem
146 1242 238 1299 per
256 1224 500 1277 civitates
526 1227 581 1277 δε
613 1219 819 1297 castella
837 1220 1040 1279 residua
1076 1224 1243 1300 plagis
1278 1220 1477 1278 adfiiffi
1499 1219 1624 1278 bar-

9 1300 273 1359 barorum
301 1344 318 1369 ‚
362 1301 770 1359 dominantium
803 1301 853 1359 se
888 1300 1132 1360 servituti
1168 1301 1459 1360 subiciunti
1516 1307 1627 1361 Pri-

12 1406 139 1441 mus
172 1387 425 1442 autemin
449 1387 643 1462 Spania
662 1384 1015 1442 Gundericus
1045 1387 1168 1443 Rex
1204 1384 1629 1444 Wandalorum

13 1465 253 1535 successit
285 1485 512 1547 regnans
545 1472 601 1524 in
636 1466 876 1524 Galliciae
910 1466 1150 1545 partibus
1177 1471 1328 1525 annis
1358 1468 1544 1526 decem
1572 1473 1631 1526 δε

13 1550 171 1607 offro·
209 1552 660 1627 Quidumrupto
678 1548 882 1607 foedere
901 1556 1043 1628 pacis
1077 1553 1378 1608 Suevorurn
1405 1552 1634 1608 Baleari-

17 1652 105 1690 cas
120 1630 536 1689 Tarraconenfis
558 1635 848 1709 provinciae
868 1630 1060 1689 insulas
1075 1631 1631 1708 depraedatur,deinde

13 1712 346 1794 Carthagine
365 1717 624 1792 Spartaria
638 1712 814 1772 eversa
830 1755 847 1782 ,
883 1734 1010 1771 cum
1029 1713 1291 1772 omnibus
1323 1714 1634 1773 Wandalis

5 1799 75 1854 ad
93 1801 344 1856 Baeticam
362 1794 545 1853 transit
565 1840 579 1861 ,
612 1798 811 1873 Spalim
831 1796 1053 1855 destruit
1068 1841 1081 1861 ,
1106 1798 1389 1877 actamque
1410 1797 1549 1855 caede
1567 1799 1627 1854 in

5 1879 371 1957 direptionem
393 1881 576 1935 mittit.
625 1881 887 1947 Quicum
907 1881 1195 1936 autoritate
1213 1883 1370 1960 regiae
1390 1878 1629 1958 potesta-

9 1967 80 2021 tis
111 1963 500 2024 [irreverenter
521 1984 711 2018 manus
736 1967 791 2018 in
804 1960 1070 2019 basilicam
1095 1964 1149 2018 S.
1175 1965 1452 2021 Vincentii
1472 1963 1629 2020 Mar-

13 2048 144 2123 tyris
163 2048 435 2116 civitatis]
459 2043 618 2121 ipsius
638 2042 974 2112 extendisset,
992 2067 1123 2102 mox
1140 2044 1442 2122 deijudicio
1461 2047 1517 2103 in
1534 2042 1627 2102 fos·

11 2125 162 2185 ribus
181 2130 369 2205 templi
385 2129 660 2188 daemonio
680 2144 960 2207 correptus
977 2130 1197 2185 interiit.

136 2292 189 2359 E
216 2318 262 2358 R
285 2315 331 2359 A
369 2292 911 2385 quadringentfima
907 2292 1254 2386 sexagesima
1250 2295 1513 2388 ssptima.
1561 2339 1575 2362 ’Ἰ
1614 2327 1618 2331 ·

18 2458 385 2587 GEser-icus
418 2457 578 2518 frater
599 2459 919 2517 Gunderico
938 2458 1168 2520 succedit
1188 2464 1246 2519 in
1281 2481 1454 2541 regno
1473 2457 1626 2515 annis

147 2543 514 2622 quadraginta.
563 2544 682 2612 Qui
702 2563 766 2599 ex
789 2542 1081 2601 Catholico
1103 2543 1328 2602 effe&us
1362 2539 1627 2618 Apostata

14 2624 74 2681 in
92 2628 380 2682 Arrianam
402 2628 607 2703 primus
639 2622 809 2682 fertur
827 2623 1056 2683 tranfiffe
1075 2621 1374 2704 perfidiam.
1418 2625 1526 2680 Hic
1559 2622 1628 2680 de

13 2707 223 2765 Baeticae
253 2711 542 2785 provinciae
563 2709 722 2766 litore
755 2729 880 2765 cum
914 2709 1168 2767 Vandalis
1199 2707 1460 2766 omnibus
1479 2747 1496 2773 ‚
1529 2725 1630 2761 eo·-

17 2807 253 2868 rumque
281 2787 499 2846 familiis
523 2830 541 2857 ,
577 2791 641 2848 ad
661 2791 1044 2848 Mauritaniam
1075 2799 1130 2849 &
1168 2790 1412 2847 Africam
1432 2788 1629 2844 relictis

22 2869 312 2949 [Hispanis
329 2869 708 2931 transfretavit.
754 2873 865 2931 Cui
887 2876 1236 2931 valentianus
1248 2875 1436 2949 junior
1456 2870 1627 2925 Occi-

17 2947 234 3034 dentis]
262 2958 564 3034 Imperator
593 2977 708 3015 non
727 2957 908 3020 valens
929 2954 1203 3019 subsistere
1222 2974 1409 3037 pacem
1432 2952 1631 3088 mittigg,
