1888 3428
253 133 364 208 558
441 167 444 169 ψ
514 122 917 183 Excssni’TA
951 121 1421 178 ExAGATI-IIAE
1450 121 1650 180 HrsT.
1860 0 1882 153 i

243 210 499 292 projectis
530 210 588 265 in
624 209 856 287 longum
890 199 1192 260 ordinibus.
1233 202 1390 259 Dum
1419 203 1474 260 id
1503 222 1671 284 agunt
1690 153 1881 354 „neq

243 294 387 352 aliu-d
407 313 504 349 eos
531 293 768 371 cogitare
799 305 1014 362 tempus
1053 281 1173 340 finit
1192 324 1210 351 ,
1244 287 1586 363 captivorum
1616 283 1872 366 plerique?

243 373 555 434 incustoditi
570 370 823 430 fruuntur
838 368 1056 424 illorum
1088 369 1317 445 negotio
1336 407 1355 435 ,
1386 378 1485 423 nec
1520 386 1731 425 tantum
1764 366 1857 426 fu-
1872 374 1880 416 Ι

244 455 514 539 giuntipfi
533 497 549 523 ‚
582 452 669 512 sed
689 459 743 510 &
776 452 842 509 de
876 448 1049 526 pi‘aeda
1075 450 1338 527 quantum
1370 468 1623 528 poterant
1657 447 1880 530 depor—33

244 557 362 597 tant
394 542 451 596 in
489 541 662 595 vicina
714 531 933 613 oppida.
973 528 1060 597 sed
1088 530 1215 588 cum
1264 530 1657 592 Artabanesr&
1687 532 1879 590 Vlda-‘

245 622 369 678 ebes
389 662 405 689 ,
449 624 675 698 impares
704 616 752 673 se
772 635 964 695 pugnae
997 615 1134 680 rati,
1179 633 1295 670 non
1330 612 1622 672 educerent
1654 617 1875 672 exemi-¹

246 723 387 771 tum,
405 704 625 776 Franci,
661 696 906 757 dissoluta
936 702 1044 771 jam
1066 699 1174 752 acie
1192 736 1209 763 ,
1237 696 1301 754 ad
1319 717 1497 753 rerum
1526 694 1740 767 suarum
1761 718 1858 755 cu-
1871 723 1877 746 .-

247 806 360 843 ram
381 783 608 851 reversi,
640 797 905 861 quantum
936 777 1117 836 damni
1149 775 1373 836 fecerint
1405 778 1758 859 cognoscunt.
1800 799 1883 836 ac·

248 865 557 948 priusquam
596 865 716 942 plus
752 864 1049 939 acciperent
1082 861 1239 927 mali,
1284 863 1562 940 optimum
1591 858 1738 918 factu
1766 866 1861 937 ju?

248 951 493 1008 dicarunt
545 949 950 1026 quamprimum
1001 940 1028 998 ἐί
1072 944 1222 999 Fano
1278 946 1334 1000 in
1380 940 1635 1000 ulteriora
1679 943 1862 1023 digre-

246 1032 320 1089 di.
367 1033 660 1086 Moventes
693 1026 850 1089 inde,
901 1024 1088 1081 relusto
1124 1023 1188 1081 ad
1217 1023 1456 1082 dextram
1494 1026 1661 1084 Adria
1695 1031 1748 1082 δε
1781 1023 1862 1082 sa-

245 1111 441 1170 buloso
477 1113 673 1167 littoris
703 1111 892 1165 itinere
927 1149 940 1171 ‚
993 1127 1085 1184 per
1120 1109 1399 1184 Apennini
1435 1110 1634 1165 radices
1667 1112 1864 1186 proce-

247 1194 417 1258 dunt,
455 1196 599 1250 velut
618 1192 885 1248 AEmiliam
914 1185 1187 1266 Alpesque
1226 1187 1444 1245 Cottias
1473 1193 1714 1268 petituri.
1759 1188 1883 1246 Sed:

243 1278 392 1333 Pado
419 1295 533 1331 non
552 1278 681 1332 citra
715 1269 1086 1330 difficultatem
1122 1267 1421 1328 transmiflb
1440 1312 1456 1337 ,
1486 1275 1544 1328 in
1572 1275 1883 1330 Venetiam.

241 1356 541 1417 defle&unt
558 1398 577 1425 ,
598 1352 923 1431 Cenesaeque
940 1351 1236 1409 consistunt
1253 1394 1269 1420 ,
1289 1352 1440 1432 quod
1457 1370 1576 1410 tum
1596 1354 1883 1433 oppiduim

246 1445 304 1498 in
332 1441 573 1520 ipsorum
608 1455 717 1495 erat
733 1434 1014 1516 potestate.
1057 1436 1166 1491 Hic
1194 1436 1250 1490 in
1282 1453 1402 1492 tuto
1436 1436 1660 1516 quidem
1690 1452 1883 1502 erant„

245 1521 335 1582 sed
353 1521 611 1581 dolebant
627 1517 1109 1595 cruciabanturque
1129 1556 1145 1582 ‚
1166 1521 1238 1574 ita
1259 1535 1318 1574 ut
1347 1525 1616 1597 appareret
1633 1560 1649 1586 ,
1679 1522 1882 1584 animi„

250 1605 383 1661 dum
407 1625 570 1683 pauca
588 1603 770 1660 vident
786 1599 971 1679 praedae
990 1602 1210 1679 reliqua,
1231 1618 1523 1680 tantosque
1542 1599 1639 1658 fibi
1655 1600 1882 1658 labores‹

247 1684 423 1756 factos
453 1688 749 1742 utilitatum
779 1683 995 1740 steriles·
1041 1682 1141 1739 Sed
1157 1704 1332 1761 neque
1353 1681 1449 1740 hac
1468 1681 1888 1762 steteruntipfis·-

251 1766 479 1827 adversa.
522 1768 667 1824 Nam
701 1786 830 1821 mox
865 1781 984 1820 orta
1027 1765 1139 1821 lues
1176 1762 1421 1843 pestifera
1456 1765 1888 1823 multitudinem!

251 1848 566 1929 depascitur.
612 1848 769 1905 multi
816 1844 1022 1928 causam
1059 1842 1358 1903 referebant
1390 1846 1457 1906 ad
1490 1848 1598 1903 caeli
1630 1839 1888 1904 circum-»³

249 1930 471 1989 fluentis
491 1935 682 1989 vitium
700 1950 713 1983 z
729 1928 888 1985 aliiad
903 1945 1164 1984 mutatam
1184 1927 1401 1986 vivendi
1419 1928 1879 2009 rationem,quodi

250 2014 320 2072 ab
357 2014 567 2071 actibus
601 2012 867 2068 bellorum
908 2012 1196 2089 longisque
1242 2013 1496 2067 itinerum
1533 2029 1753 2089 repente
1799 2009 1878 2069 ad'

249 2097 438 2155 mollia
457 2117 514 2153 ac
531 2095 744 2157 delicias
776 2089 1093 2148 transiifl'ent
1113 2132 1128 2157 ,
1156 2113 1336 2149 veram
1370 2095 1587 2154 interim
1621 2092 1828 2152 causam
1847 2132 1864 2155 ‚

251 2182 308 2236 ni
337 2175 522 2244 fallor,
549 2197 662 2233 non
682 2177 1030 2252 attingentes.
1071 2174 1149 2229 Ea
1180 2178 1323 2231 enim
1354 2194 1465 2232 erat
1485 2217 1501 2242 ,
1533 2197 1621 2232 me
1648 2176 1877 2251 judice„

250 2262 560 2319 immanitas
584 2256 890 2315 facinorum
913 2296 927 2318 ‚
956 2256 1136 2335 spretis
1167 2259 1274 2314 Dei
1309 2256 1875 2337 hominumquelegi-

250 2342 374 2401 buS.
420 2340 729 2419 Conspicua
747 2337 1334 2417 maximeinipsoduce
1349 2339 1534 2398 divina
1554 2342 1704 2398 ultio.
1748 2334 1866 2397 Ve-‘

253 2424 433 2484 cordia
447 2427 595 2486 enim
612 2419 917 2500 insaniaque
935 2463 949 2488 ‚
967 2423 1120 2500 plane
1140 2442 1197 2479 ut
1217 2422 1385 2479 rabidi
1401 2420 1571 2480 solent
1587 2463 1610 2490 ‚·
1625 2421 1866 2502 agitaba-

252 2526 357 2566 tur.
407 2504 706 2585 trepidabat
721 2524 948 2581 corpus:
975 2506 1201 2578 ejulatus
1220 2503 1412 2579 edebat
1441 2503 1772 2562 horrendos:
1808 2509 1866 2561 &

250 2588 422 2648 modo
444 2584 647 2668 pronus
664 2627 681 2654 ,
716 2584 886 2647 modo
905 2589 960 2642 in
978 2585 1083 2642 hoc
1100 2628 1118 2654 ‚
1138 2584 1454 2665 rursumque
1474 2592 1528 2644 in
1547 2589 1770 2644 alterum
1787 2586 1865 2642 la?

253 2689 344 2729 tus
363 2670 516 2728 humi
535 2667 789 2737 cadebat,
833 2686 1087 2731 manante
1119 2667 1317 2747 spumis
1352 2690 1445 2727 ore
1467 2711 1482 2738 ‚
1517 2668 1762 2730 trucibus
1779 2668 1864 2727 di-

250 2751 546 2831 stortisque
566 2752 757 2809 oculis.
800 2751 885 2806 Eo
909 2750 1141 2830 denique
1163 2748 1360 2808 furoris
1395 2753 1540 2811 venii
1558 2751 1731 2812 homo
1760 2752 1862 2808 mi-

252 2835 507 2895 serandus
525 2874 541 2902 ‚
561 2853 621 2891 ut
640 2831 763 2891 suos
781 2831 889 2912 ipse
909 2851 1051 2890 artus
1070 2833 1381 2891 vesceretur.
1402 2835 1405 2837 ’
1428 2832 1607 2892 infixis
1630 2853 1868 2913 namque:

253 2921 312 2980 in
330 2916 540 2978 brachia
556 2916 810 2977 dentibus
843 2935 1025 2975 carnes
1060 2916 1320 2981 avellebat
1338 2953 1355 2988 ,-
1384 2916 1782 3055 ιῃαιιάεὺειιφιὲ
1803 2929 1861 2972 ut

1766 3016 1867 3057 ΕΓΖ]
