1888 3428
240 164 356 226 288
557 162 944 218 Pnocopn
987 154 1529 215 CAEsAREENsis

239 246 355 304 bat.
395 240 526 319 Ejus
542 254 689 321 aq'uae
706 244 855 320 largo
877 256 1014 318 potu
1035 235 1236 305 facturn
1258 279 1275 306 ,
1314 255 1375 295 ut
1392 260 1572 296 carnes
1590 239 1833 301 comestae

239 331 426 386 minus
456 339 961 403 concoquerentur‚
999 318 1141 377 unde
1160 321 1261 376 alvi
1280 319 1550 398 profluvio
1584 325 1834 379 tormini-

238 409 449 492 busque
469 409 685 488 plurimi
704 401 934 461 absumti
953 441 970 469 ,
994 422 1092 460 nec
1114 403 1216 459 ulla
1232 405 1288 458 in
1309 419 1566 482 promptu
1587 405 1837 468 remedia,

241 515 340 573 per
371 510 489 572 quae
522 492 621 548 illis
650 486 801 544 malis
833 483 1179 543 solverentur.
1235 486 1483 541 Tertiam
1508 486 1838 542 Francorum

243 577 512 634 exercitus
531 588 735 651 partem
758 588 882 623 eum
897 569 954 622 in
971 566 1199 624 modum
1218 564 1465 623 interiiffe
1485 584 1720 623 narrant.
1750 564 1841 623 su-

242 656 486 736 perstites
506 651 648 710 haud
665 653 807 707 ultro
828 647 1113 727 procedere
1131 648 1319 713 validi,
1354 650 1548 705 eodem
1573 650 1698 705 loco
1716 648 1840 705 sub-
1866 664 1870 668 ·

241 733 442 798 stitere.
479 732 753 792 Belisarius
785 770 800 791 ‚
836 747 897 786 ut
934 728 1098 787 adeffe
1137 731 1399 793 Francos,
1429 731 1843 810 Martinumque
1877 802 1880 803 ⁷

245 828 305 880 &
337 818 633 877 Iohannem
656 814 828 874 victos
845 809 973 891 fuga
989 810 1207 869 salutem
1228 810 1455 890 quaefiffe
1474 813 1657 874 didicit
1674 852 1692 880 ‚
1723 833 1845 890 per-

247 901 420 960 c‘ulsus
440 903 620 957 animo
641 941 655 962 ‚
689 915 898 974 proque
921 897 1072 950 omni
1091 897 1324 951 exercitu
1354 897 1539 951 anxius
1555 910 1572 961 3
1614 897 1847 951 maxime

247 1004 496 1063 veropro
515 984 577 1038 iis
596 981 691 1058 qui
708 976 913 1033 Fesulas
934 974 1252 1033 obsidebant
1274 1016 1289 1037 ,
1319 994 1380 1033 ut
1396 977 1594 1055 quibus
1622 979 1848 1056 propior-

248 1088 334 1125 res
362 1063 460 1122 effe
492 1061 745 1120 barbaros
774 1059 1104 1114 intellexerat
1126 1099 1142 1126 ‚
1187 1057 1716 1115 adTheudebertum
1737 1058 1850 1114 haec
1886 1067 1888 1069 ’

248 1148 447 1207 scribit.
488 1149 625 1202 Viro
660 1140 836 1219 probo
858 1137 1220 1215 cujuscunque
1252 1136 1483 1198 fortunae
1504 1181 1519 1207 ,
1556 1137 1854 1218 sedimpri-

249 1233 357 1288 mis
373 1228 663 1287 multarum
685 1241 1110 1300 magnarumque
1126 1224 1374 1299 gentium
1393 1224 1649 1300 principi,
1665 1222 1852 1277 Theu-

250 1310 494 1374 deberte,
514 1308 845 1366 conveniens
863 1304 1091 1359 arbitror
1108 1301 1365 1359 abstinere
1383 1300 1517 1360 falfis
1535 1348 1549 1369 ‚
1584 1325 1682 1360 nec
1701 1304 1853 1383 quod

249 1391 574 1454 hominibus
607 1385 904 1469 quamlibet
935 1382 1190 1443 viliffimis
1208 1385 1523 1447 indecorum
1544 1427 1560 1453 ,
1584 1388 1854 1462 jusjuran-

251 1478 388 1538 dum
409 1481 463 1533 &
481 1467 762 1553 perscripta
780 1465 957 1526 federa
977 1484 1344 1525 contemnere.
1360 1488 1489 1547 quas
1507 1489 1651 1526 nunc
1669 1485 1722 1525 te
1740 1469 1854 1526 cul-

254 1580 351 1640 pas
383 1557 669 1615 admittere
697 1550 935 1609 conscius
953 1549 1066 1607 'tibi
1099 1571 1178 1606 es,
1222 1553 1354 1609 Non
1380 1554 1450 1607 ita
1467 1550 1673 1608 dudum
1692 1551 1856 1629 polli-

256 1646 394 1699 citus
430 1636 711 1695 nobiscum
746 1654 888 1689 arma
919 1632 1256 1690 inGotthos
1289 1653 1505 1710 capere,
1543 1635 1774 1690 eximere
1802 1649 1856 1688 te

257 1723 410 1781 bello
429 1741 543 1777 non
561 1734 851 1774 contentus
871 1752 890 1778 ,
925 1714 1068 1769 nulla
1085 1713 1151 1770 de
1173 1711 1320 1770 causa
1337 1712 1558 1770 infestus
1575 1718 1631 1770 in
1663 1736 1764 1771 nos
1783 1717 1856 1770 ir·-

259 1808 388 1864 ruis.
425 1805 576 1858 Cave
593 1796 772 1877 quaeso
793 1816 1048 1873 magnum
1067 1800 1450 1874 Imperatorem
1470 1794 1706 1852 lacess'ere
1725 1836 1741 1862 ,
1763 1797 1857 1874 qui

257 1889 478 1964 injurias
512 1902 624 1939 non
663 1881 850 1936 leviter
882 1876 1056 1932 ulcisci
1090 1882 1142 1932 δε
1177 1876 1310 1933 solet
1341 1883 1394 1934 &
1430 1876 1623 1956 potest.
1674 1881 1858 1957 potius

260 1972 463 2048 quippe
486 2005 500 2027 ‚
526 1963 629 2021 suis
660 1960 834 2018 secure
856 1962 932 2014 uti
948 2000 965 2025 ,
993 1979 1154 2036 quam
1176 1960 1345 2016 aliena
1371 1960 1672 2037 appetendo
1694 1962 1856 2016 etiam

260 2052 329 2110 de
347 2053 410 2106 iis
428 2068 544 2126 quae
580 2048 688 2099 vita
706 2039 956 2098 desiderat
975 2042 1270 2118 periculum
1290 2041 1518 2119 ingredi.
1560 2043 1665 2097 His
1695 2043 1857 2098 literis

261 2131 505 2214 perlectis
533 2123 984 2189 Theudebertus,
1018 2129 1307 2201 quemjam
1342 2131 1395 2180 ὃς
1417 2121 1685 2201 praesentia
1703 2144 1858 2196 come

262 2211 561 2273 movebant
575 2210 710 2263 mala
728 2212 780 2262 &
798 2205 1204 2261 Germanorum
1225 2206 1563 2262 contumeliae
1580 2245 1598 2265 ,,
1628 2202 1858 2285 queren-

262 2301 405 2354 tium
438 2290 544 2349 fine
568 2288 752 2354 causa,
790 2286 897 2343 fine
932 2291 1068 2365 aequi
1104 2287 1339 2344 obtentu
1374 2290 1429 2343 in
1462 2286 1593 2343 locis
1627 2283 1780 2343 vastis
1809 2285 1858 2342 se

263 2376 413 2438 faedis
431 2371 701 2431 mortibus
727 2370 920 2445 objici,
956 2390 1077 2425 cum
1097 2371 1159 2425 iis
1177 2373 1268 2447 qui
1299 2367 1605 2448 supererant
1630 2369 1858 2426 domum

264 2459 374 2519 fine
410 2476 562 2515 mora
596 2452 763 2509 rediit.
809 2457 857 2506 Is
874 2449 1265 2507 Theudeberto
1288 2450 1641 2529 expeditionis
1670 2454 1724 2507 in
1752 2456 1860 2506 Ita-

263 2546 393 2601 liam
421 2536 527 2595 fuit
559 2539 746 2592 exitus.
791 2533 1060 2589 Martinus
1092 2554 1314 2609 quoque
1344 2539 1397 2588 &
1418 2531 1682 2588 Iohannes
1703 2531 1859 2588 'unde

266 2636 526 2682 venerant
558 2617 758 2674 rediere
785 2654 799 2681 ‚
833 2635 898 2670 ne
926 2635 1018 2671 eos
1049 2617 1144 2693 qui
1175 2615 1236 2671 ad
1255 2612 1523 2670 obsidium
1542 2613 1859 2673 Faesularum

267 2704 437 2764 relicffi
467 2716 615 2757 erant
643 2694 808 2754 hostis
834 2690 1208 2773 superveniens
1248 2697 1591 2774 opprimeret.
1654 2700 1733 2753 At
1765 2697 1861 2773 qui

268 2786 494 2845 Auximi
510 2797 656 2839 erant
677 2775 878 2858 Gotthi
895 2818 911 2844 ,
941 2781 1111 2856 ignari
1129 2781 1453 2836 Francorum
1474 2777 1646 2834 abitus
1659 2820 1676 2847 ,
1698 2784 1751 2833 &
1769 2775 1876 2855 spe„

269 2868 570 2927 &Ravenna
584 2881 693 2920 tam
713 2861 805 2917 diu
825 2862 1110 2917 cunetante
1135 2857 1372 2938 fatigati,
1405 2863 1634 2940 Vitigim
1662 2857 1859 2917 iterum

269 2948 528 3036 obtestari
558 2942 847 3025 cupiebant
870 2963 883 2999 :
929 2940 1014 3002 sed
1035 2942 1321 3020 quomodo
1342 2939 1575 3002 hostium
1596 2940 1861 3001 custodias

1717 3018 1862 3103 falle3
1886 3036 1888 3130 λ

1885 3133 1888 3228 l
