1931 3428
435 174 1130 236 CHRONICON.
1485 191 1605 256 715

23 286 53 323 a
93 260 477 321 arbitrarentur
511 301 529 328 ‚
580 258 778 317 damna
828 250 1097 335 naufragii
1145 273 1345 315 eventu
1377 258 1618 320 vietoriae

35 342 431 427 ompensantes.
477 342 639 400 Mors
657 340 877 398 Alarico
897 335 1182 399 confestim
1202 333 1379 395 secuta
1394 362 1412 406 3
1442 341 1624 402 viceli-

66 451 102 488 ο
121 429 320 491 οᾶεινο
343 446 489 483 anno
512 428 665 506 regni
686 419 979 482 defunctus
999 420 1164 477 Italia.

83 595 136 662 E
162 616 212 658 R
235 615 284 658 A
321 587 865 685 quadringentestma
884 583 1531 681 quadragcfimaocsiava.

33 819 37 824 ,
156 760 296 817 Nno
344 759 559 838 imperii
591 753 835 814 Honorii
870 754 925 811 &
958 751 1180 811 Arcadii
1211 751 1584 812 sextodecimo
1605 792 1625 820 ,

59 865 66 871 ·
165 842 383 898 Alarico
403 839 524 922 post
544 856 753 917 captam
774 835 967 894 urbem
995 834 1260 894 defuncto
1282 878 1300 904 ,
1331 833 1627 894 Athaulfus

7 921 217 981 Gothis
235 926 394 984 Italiae
423 941 597 1001 regno
632 917 921 1001 praeficitur
943 921 1094 977 annis
1125 916 1233 977 seit.
1290 916 1389 976 Ist'e
1424 920 1629 998 quinto

68 1085 309 1146 heodosii
355 1088 705 1165 Imperatoris
742 1084 907 1143 filiam
937 1126 954 1153 ,
1005 1106 1169 1164 quarn
1213 1087 1408 1143 Romae
1444 1082 1627 1164 Gothi

9 1188 284 1247 coeperant
304 1211 321 1238 ‚
358 1174 656 1249 conjugem
676 1166 769 1228 fibi
791 1166 1073 1227 adsumsit:
1115 1170 1172 1224 in
1204 1188 1310 1246 qua
1339 1164 1628 1246 prophetia

7 1253 250 1310 Danielis
271 1251 298 1308 a
318 1250 640 1331 quibusdam
661 1251 895 1309 creditur
915 1247 1014 1307 effe
1036 1250 1327 1327 completa,
1346 1252 1441 1328 qui
1461 1246 1628 1316 ait‚f1-

9 1335 139 1392 liam
193 1337 332 1414 regis
377 1333 564 1392 Austri
607 1332 1049 1414 conjungendam
1100 1333 1245 1410 Regi
1291 1331 1589 1412 Aquilonis
1607 1371 1626 1397 ‚

11 1417 158 1475 nulla
174 1434 357 1474 tamen
377 1417 442 1475 de
471 1419 717 1495 germine
748 1423 863 1493 ejus
892 1414 1076 1474 sobole
1095 1410 1428 1471 sublistente.
1477 1415 1630 1471 Sicut

10 1504 69 1562 δε
104 1499 249 1557 idem
282 1498 831 1578 inconsequentibus
867 1495 1134 1574 Propheta
1166 1494 1379 1568 subjicit
1407 1495 1628 1564 dicens,

13 1602 120 1641 nec
135 1579 297 1641 stabit
309 1579 491 1638 semen
511 1587 656 1655 ejus3
702 1583 880 1638 nullus
905 1582 1051 1639 enim
1072 1578 1138 1636 de
1171 1597 1326 1635 utero
1346 1582 1461 1652 ejus
1490 1581 1630 1634 exti-

14 1667 82 1721 tit
102 1666 319 1744 genitus
338 1703 354 1724 ‚
390 1665 485 1742 qui
505 1666 667 1741 patris
687 1666 743 1720 in
763 1683 993 1742 regnum
1017 1658 1334 1718 succederet.
1391 1659 1629 1718 Athaul-

13 1745 104 1803 fus
122 1766 306 1826 autem
326 1745 458 1802 dum
477 1747 671 1802 relictis
691 1746 883 1803 Galliis
905 1744 1125 1822 Spanias
1144 1761 1349 1819 peteret
1368 1781 1386 1809 ,
1420 1740 1449 1799 Ξῑ
1482 1763 1629 1822 quo-

15 1827 139 1887 dam
158 1829 380 1887 suorum
398 1825 539 1908 apud
569 1831 930 1889 Barcinonem
954 1830 1095 1884 inter
1116 1821 1404 1887 familiares
1420 1821 1630 1888 fabulas

13 1914 311 1999 jugulatur.

87 2077 139 2147 E
160 2099 206 2140 R
225 2100 271 2147 A
308 2075 851 2169 quadringentestma
869 2071 1544 2171 quinquagcfimaquarta.

176 2241 313 2300 Nno
345 2245 559 2322 imperii
587 2243 829 2298 Honorii
850 2246 905 2298 δε
930 2239 1144 2297 Arcadii
1173 2237 1425 2297 vicefimo
1444 2235 1634 2298 secun-

179 2322 253 2382 do
304 2323 425 2406 post
459 2322 795 2395 ¹Athaulfum
833 2323 1038 2382 Gothis
1078 2326 1344 2402 Sigericus
1381 2325 1633 2402 princeps

23 2408 226 2466 εῙεᾶιιε
255 2408 352 2465 est.
432 2409 552 2488 Q
582 2406 713 2464 dum
749 2406 813 2464 ad
847 2428 1032 2486 pacem
1066 2425 1193 2463 cum
1210 2407 1480 2464 Romanis
1511 2403 1635 2462 effet

25 2489 460 2571 promptisfimus
476 2531 495 2559 ,
533 2511 662 2546 mox
683 2488 709 2545 a
731 2487 831 2545 suis
849 2488 922 2546 est
939 2485 1278 2546 interfectus,

107 2574 154 2629 E
173 2594 208 2633 R
227 2595 264 2633 A
298 2580 353 2632 &
372 2594 537 2635 anno,
555 2594 670 2653 quo
695 2568 867 2651 supra,
890 2573 1063 2631 Vallia
1094 2573 1331 2651 Sigerico
1353 2568 1639 2629 succedens

24 2655 199 2714 tribus
218 2659 368 2713 annis
387 2677 617 2735 regnum
641 2657 850 2712 tenuit:
881 2652 1008 2713 belli
1029 2653 1179 2724 causa
1196 2656 1447 2733 Princeps
1466 2649 1494 2710 ἆ
1513 2652 1637 2710 Go-

27 2736 136 2795 this
151 2735 376 2796 effectus
395 2779 412 2807 ‚
445 2737 531 2795 sed
551 2736 616 2795 ad
637 2758 821 2816 pacem
841 2736 1021 2796 divina
1055 2736 1398 2815 providentia
1417 2734 1638 2793 ordina-

28 2837 138 2876 ωε.
181 2820 325 2877 Mox
343 2823 488 2878 enim
506 2840 728 2900 regnare
746 2823 910 2899 coepit
925 2861 940 2885 ‚
964 2817 1143 2878 foedus
1166 2840 1289 2876 cum
1311 2823 1637 2897 imperatore

29 2901 293 2975 Honorio
311 2904 519 2982 pepigit
550 2943 566 2969 ,
611 2903 893 2961 placidiam
913 2901 1154 2960 sororem
1178 2908 1291 2978 ejus
1313 2898 1477 2978 quaea
1507 2900 1638 2954 Go-

31 2981 135 3050 this
163 2983 360 3049 Romae
396 3002 547 3064 capta
581 2980 754 3047 fuerat
787 3024 803 3048 ,
854 2982 1157 3043 honorifice
1188 2982 1434 3042 reddidit.
1496 2984 1637 3035 Pro-

1414 3077 1639 3123 mittens

65 1008 189 1084 egni
209 1027 353 1062 anno
373 1004 437 1061 de
457 1004 603 1060 Italia
633 1003 886 1061 recedens
905 1001 1109 1060 Gallias
1128 1001 1258 1060 adiit
1278 1045 1293 1066 ‚
1334 1001 1627 1060 Placidiam
1671 1039 1677 1046 „

1756 197 1788 205 w
