<?xml version="1.0" encoding="UTF-8"?>
<!DOCTYPE html PUBLIC "-//W3C//DTD XHTML 1.0 Transitional//EN"
    "http://www.w3.org/TR/xhtml1/DTD/xhtml1-transitional.dtd">
<html xmlns="http://www.w3.org/1999/xhtml" xml:lang="en" lang="en">
 <head>
  <title>
</title>
<meta http-equiv="Content-Type" content="text/html;charset=utf-8" />
  <meta name='ocr-system' content='tesseract 3.04.00' />
  <meta name='ocr-capabilities' content='ocr_page ocr_carea ocr_par ocr_line ocrx_word'/>
</head>
<body>
  <div class='ocr_page' id='page_1' title='image "./historiagotthoru00grot_0519.png"; bbox 0 0 1888 3428; ppageno 0'>
   <div class='ocr_carea' id='block_1_1' title="bbox 0 145 1673 2939">
    <p class='ocr_par' dir='ltr' id='par_1_1' title="bbox 0 145 1654 1378">
     <span class='ocr_line' id='line_1_1' title="bbox 0 145 1646 229; baseline -0.007 -13"><span class='ocrx_word' id='word_1_1' title='bbox 0 226 6 229; x_wconf 69' lang='lat'><em>,</em></span> <span class='ocrx_word' id='word_1_2' title='bbox 201 145 640 215; x_wconf 51' lang='lat' dir='ltr'>&amp;ormnem</span> <span class='ocrx_word' id='word_1_3' title='bbox 679 153 1085 213; x_wconf 60' lang='lat' dir='ltr'>Hts‘roitrffl</span> <span class='ocrx_word' id='word_1_4' title='bbox 1125 152 1409 207; x_wconf 63' lang='lat' dir='ltr'>[miii.</span> <span class='ocrx_word' id='word_1_5' title='bbox 1510 147 1646 223; x_wconf 56' lang='lat'>&#39;353</span> 
     </span>
     <span class='ocr_line' id='line_1_2' title="bbox 37 225 1654 316; baseline -0.007 -22"><span class='ocrx_word' id='word_1_6' title='bbox 37 232 152 294; x_wconf 51' lang='lat' dir='ltr'>&#39;eret</span> <span class='ocrx_word' id='word_1_7' title='bbox 170 240 247 294; x_wconf 86' lang='lat' dir='ltr'>vir</span> <span class='ocrx_word' id='word_1_8' title='bbox 266 237 411 295; x_wconf 89' lang='lat' dir='ltr'>bello</span> <span class='ocrx_word' id='word_1_9' title='bbox 445 239 710 316; x_wconf 85' lang='lat' dir='ltr'>egregius.</span> <span class='ocrx_word' id='word_1_10' title='bbox 752 233 827 292; x_wconf 92' lang='lat' dir='ltr'>ibi</span> <span class='ocrx_word' id='word_1_11' title='bbox 861 237 917 289; x_wconf 91' lang='lat' dir='ltr'>in</span> <span class='ocrx_word' id='word_1_12' title='bbox 936 231 1194 289; x_wconf 88' lang='lat' dir='ltr'>barbaros</span> <span class='ocrx_word' id='word_1_13' title='bbox 1227 225 1548 309; x_wconf 84' lang='lat' dir='ltr'>improvisus</span> <span class='ocrx_word' id='word_1_14' title='bbox 1577 232 1654 283; x_wconf 63' lang='lat' dir='ltr'>iit-2</span> 
     </span>
     <span class='ocr_line' id='line_1_3' title="bbox 40 312 1654 393; baseline -0.007 -17"><span class='ocrx_word' id='word_1_15' title='bbox 40 339 238 386; x_wconf 74' lang='lat' dir='ltr'>ruem,</span> <span class='ocrx_word' id='word_1_16' title='bbox 278 338 396 375; x_wconf 88' lang='lat' dir='ltr'>tum</span> <span class='ocrx_word' id='word_1_17' title='bbox 427 321 593 386; x_wconf 86' lang='lat' dir='ltr'>alios,</span> <span class='ocrx_word' id='word_1_18' title='bbox 628 317 747 374; x_wconf 82' lang='lat' dir='ltr'>tum</span> <span class='ocrx_word' id='word_1_19' title='bbox 779 313 950 393; x_wconf 84' lang='lat' dir='ltr'>ipsum</span> <span class='ocrx_word' id='word_1_20' title='bbox 988 314 1358 372; x_wconf 86' lang='lat' dir='ltr'>Roderichum</span> <span class='ocrx_word' id='word_1_21' title='bbox 1391 312 1654 367; x_wconf 56' lang='lat' dir='ltr'>vulnerato</span> 
     </span>
     <span class='ocr_line' id='line_1_4' title="bbox 40 393 1650 471; baseline -0.007 -14"><span class='ocrx_word' id='word_1_22' title='bbox 40 400 246 457; x_wconf 86' lang='lat' dir='ltr'>Gotthi</span> <span class='ocrx_word' id='word_1_23' title='bbox 266 400 443 457; x_wconf 84' lang='lat' dir='ltr'>castris</span> <span class='ocrx_word' id='word_1_24' title='bbox 463 401 726 457; x_wconf 57' lang='lat' dir='ltr'>derelictis</span> <span class='ocrx_word' id='word_1_25' title='bbox 741 398 945 453; x_wconf 86' lang='lat' dir='ltr'>abeunt</span> <span class='ocrx_word' id='word_1_26' title='bbox 965 439 979 459; x_wconf 92' lang='lat'><strong>,</strong></span> <span class='ocrx_word' id='word_1_27' title='bbox 1015 395 1119 455; x_wconf 81' lang='lat' dir='ltr'>sive</span> <span class='ocrx_word' id='word_1_28' title='bbox 1141 402 1401 471; x_wconf 81' lang='lat' dir='ltr'>majorem</span> <span class='ocrx_word' id='word_1_29' title='bbox 1423 414 1531 448; x_wconf 85' lang='lat' dir='ltr'>vim</span> <span class='ocrx_word' id='word_1_30' title='bbox 1553 393 1650 446; x_wconf 86' lang='lat' dir='ltr'>mi-</span> 
     </span>
     <span class='ocr_line' id='line_1_5' title="bbox 35 471 1652 557; baseline -0.009 -18"><span class='ocrx_word' id='word_1_31' title='bbox 35 484 199 539; x_wconf 88' lang='lat' dir='ltr'>litum</span> <span class='ocrx_word' id='word_1_32' title='bbox 217 480 392 539; x_wconf 82' lang='lat' dir='ltr'>Isaacae</span> <span class='ocrx_word' id='word_1_33' title='bbox 412 483 610 539; x_wconf 82' lang='lat' dir='ltr'>auxilio</span> <span class='ocrx_word' id='word_1_34' title='bbox 629 483 810 537; x_wconf 88' lang='lat' dir='ltr'>venire</span> <span class='ocrx_word' id='word_1_35' title='bbox 827 476 1147 557; x_wconf 85' lang='lat' dir='ltr'>suspicantes</span> <span class='ocrx_word' id='word_1_36' title='bbox 1166 520 1181 544; x_wconf 91' lang='lat'>‚</span> <span class='ocrx_word' id='word_1_37' title='bbox 1208 479 1310 534; x_wconf 85' lang='lat' dir='ltr'>sive</span> <span class='ocrx_word' id='word_1_38' title='bbox 1330 478 1460 533; x_wconf 86' lang='lat' dir='ltr'>dolo</span> <span class='ocrx_word' id='word_1_39' title='bbox 1481 477 1533 527; x_wconf 92' lang='lat' dir='ltr'>in</span> <span class='ocrx_word' id='word_1_40' title='bbox 1549 471 1652 526; x_wconf 82' lang='lat' dir='ltr'>ho-</span> 
     </span>
     <span class='ocr_line' id='line_1_6' title="bbox 33 551 1653 640; baseline -0.009 -19"><span class='ocrx_word' id='word_1_41' title='bbox 33 564 168 621; x_wconf 87' lang='lat' dir='ltr'>stem</span> <span class='ocrx_word' id='word_1_42' title='bbox 183 608 196 629; x_wconf 95' lang='lat'>,</span> <span class='ocrx_word' id='word_1_43' title='bbox 227 581 286 620; x_wconf 92' lang='lat' dir='ltr'>ut</span> <span class='ocrx_word' id='word_1_44' title='bbox 304 586 430 621; x_wconf 88' lang='lat' dir='ltr'>eum</span> <span class='ocrx_word' id='word_1_45' title='bbox 450 567 735 629; x_wconf 83' lang='lat' dir='ltr'>irretirent,</span> <span class='ocrx_word' id='word_1_46' title='bbox 752 559 906 640; x_wconf 89' lang='lat' dir='ltr'>quod</span> <span class='ocrx_word' id='word_1_47' title='bbox 927 568 979 617; x_wconf 88' lang='lat'>&amp;</span> <span class='ocrx_word' id='word_1_48' title='bbox 1000 563 1202 617; x_wconf 89' lang='lat' dir='ltr'>evenit.</span> <span class='ocrx_word' id='word_1_49' title='bbox 1238 561 1499 636; x_wconf 20' lang='lat' dir='ltr'>*Namque</span> <span class='ocrx_word' id='word_1_50' title='bbox 1517 551 1653 610; x_wconf 80' lang='lat' dir='ltr'>Isaa-</span> 
     </span>
     <span class='ocr_line' id='line_1_7' title="bbox 36 641 1653 725; baseline -0.008 -22"><span class='ocrx_word' id='word_1_51' title='bbox 36 666 156 714; x_wconf 79' lang='lat' dir='ltr'>ceS‚</span> <span class='ocrx_word' id='word_1_52' title='bbox 176 652 228 703; x_wconf 87' lang='lat'>&amp;</span> <span class='ocrx_word' id='word_1_53' title='bbox 245 651 482 725; x_wconf 84' lang='lat' dir='ltr'>quicum</span> <span class='ocrx_word' id='word_1_54' title='bbox 507 667 573 701; x_wconf 91' lang='lat' dir='ltr'>eo</span> <span class='ocrx_word' id='word_1_55' title='bbox 592 662 771 709; x_wconf 83' lang='lat' dir='ltr'>erant,</span> <span class='ocrx_word' id='word_1_56' title='bbox 800 641 956 699; x_wconf 88' lang='lat' dir='ltr'>fimul</span> <span class='ocrx_word' id='word_1_57' title='bbox 974 641 1135 699; x_wconf 86' lang='lat' dir='ltr'>castra</span> <span class='ocrx_word' id='word_1_58' title='bbox 1154 646 1480 699; x_wconf 82' lang='lat' dir='ltr'>intraverant</span> <span class='ocrx_word' id='word_1_59' title='bbox 1500 677 1515 700; x_wconf 90' lang='lat'>,</span> <span class='ocrx_word' id='word_1_60' title='bbox 1554 656 1653 713; x_wconf 52' lang='lat' dir='ltr'>pee-</span> 
     </span>
     <span class='ocr_line' id='line_1_8' title="bbox 37 722 1652 807; baseline -0.007 -23"><span class='ocrx_word' id='word_1_61' title='bbox 37 733 220 785; x_wconf 84' lang='lat' dir='ltr'>cunias</span> <span class='ocrx_word' id='word_1_62' title='bbox 237 735 290 785; x_wconf 85' lang='lat'>&amp;</span> <span class='ocrx_word' id='word_1_63' title='bbox 311 727 347 785; x_wconf 85' lang='lat' dir='ltr'>fi</span> <span class='ocrx_word' id='word_1_64' title='bbox 367 729 494 807; x_wconf 87' lang='lat' dir='ltr'>quid</span> <span class='ocrx_word' id='word_1_65' title='bbox 513 727 654 799; x_wconf 81' lang='lat' dir='ltr'>aliud</span> <span class='ocrx_word' id='word_1_66' title='bbox 673 725 964 803; x_wconf 87' lang='lat' dir='ltr'>pretiosum</span> <span class='ocrx_word' id='word_1_67' title='bbox 985 746 1164 803; x_wconf 86' lang='lat' dir='ltr'>rapere</span> <span class='ocrx_word' id='word_1_68' title='bbox 1190 766 1206 792; x_wconf 89' lang='lat'>‚</span> <span class='ocrx_word' id='word_1_69' title='bbox 1240 744 1337 779; x_wconf 87' lang='lat' dir='ltr'>nec</span> <span class='ocrx_word' id='word_1_70' title='bbox 1358 722 1652 803; x_wconf 64' lang='lat' dir='ltr'>quicquam</span> 
     </span>
     <span class='ocr_line' id='line_1_9' title="bbox 35 803 1652 876; baseline -0.007 -10"><span class='ocrx_word' id='word_1_71' title='bbox 35 813 173 867; x_wconf 82' lang='lat' dir='ltr'>ultra</span> <span class='ocrx_word' id='word_1_72' title='bbox 191 811 448 867; x_wconf 84' lang='lat' dir='ltr'>curabant</span> <span class='ocrx_word' id='word_1_73' title='bbox 466 851 482 876; x_wconf 86' lang='lat'>‚</span> <span class='ocrx_word' id='word_1_74' title='bbox 500 805 621 865; x_wconf 70' lang='lat' dir='ltr'>cum</span> <span class='ocrx_word' id='word_1_75' title='bbox 643 810 925 865; x_wconf 86' lang='lat' dir='ltr'>redeuntes</span> <span class='ocrx_word' id='word_1_76' title='bbox 947 806 1150 865; x_wconf 88' lang='lat' dir='ltr'>Gotthi</span> <span class='ocrx_word' id='word_1_77' title='bbox 1171 847 1187 870; x_wconf 86' lang='lat'>‚</span> <span class='ocrx_word' id='word_1_78' title='bbox 1209 807 1391 863; x_wconf 84' lang='lat' dir='ltr'>multis</span> <span class='ocrx_word' id='word_1_79' title='bbox 1410 803 1652 860; x_wconf 81' lang='lat' dir='ltr'>&#39;nostium</span> 
     </span>
     <span class='ocr_line' id='line_1_10' title="bbox 36 881 1654 965; baseline -0.007 -17"><span class='ocrx_word' id='word_1_80' title='bbox 36 888 332 950; x_wconf 65' lang='lat' dir='ltr'>interfe&amp;is</span> <span class='ocrx_word' id='word_1_81' title='bbox 365 889 593 947; x_wconf 83' lang='lat' dir='ltr'>lsaacum</span> <span class='ocrx_word' id='word_1_82' title='bbox 623 896 686 946; x_wconf 68' lang='grc' dir='ltr'>ἅζ-</span> <span class='ocrx_word' id='word_1_83' title='bbox 710 911 833 946; x_wconf 91' lang='lat' dir='ltr'>cum</span> <span class='ocrx_word' id='word_1_84' title='bbox 870 911 936 945; x_wconf 88' lang='lat' dir='ltr'>eo</span> <span class='ocrx_word' id='word_1_85' title='bbox 972 892 1269 946; x_wconf 87' lang='lat' dir='ltr'>nonnullos</span> <span class='ocrx_word' id='word_1_86' title='bbox 1289 907 1472 965; x_wconf 75' lang='lat' dir='ltr'>captos</span> <span class='ocrx_word' id='word_1_87' title='bbox 1498 881 1654 941; x_wconf 82' lang='lat' dir='ltr'>aufe-</span> 
     </span>
     <span class='ocr_line' id='line_1_11' title="bbox 33 967 1652 1051; baseline -0.005 -22"><span class='ocrx_word' id='word_1_88' title='bbox 33 994 179 1035; x_wconf 85' lang='lat' dir='ltr'>runt.</span> <span class='ocrx_word' id='word_1_89' title='bbox 234 972 517 1051; x_wconf 81' lang='lat' dir='ltr'>statimque</span> <span class='ocrx_word' id='word_1_90' title='bbox 538 971 600 1028; x_wconf 86' lang='lat' dir='ltr'>ad</span> <span class='ocrx_word' id='word_1_91' title='bbox 623 972 925 1029; x_wconf 76' lang='lat' dir='ltr'>Belisarium</span> <span class='ocrx_word' id='word_1_92' title='bbox 945 976 1155 1050; x_wconf 80' lang='lat' dir='ltr'>equites</span> <span class='ocrx_word' id='word_1_93' title='bbox 1175 970 1425 1028; x_wconf 78' lang='lat' dir='ltr'>cursitant</span> <span class='ocrx_word' id='word_1_94' title='bbox 1443 1010 1457 1035; x_wconf 82' lang='lat'>‚</span> <span class='ocrx_word' id='word_1_95' title='bbox 1478 967 1652 1023; x_wconf 69' lang='lat' dir='ltr'>teneri.</span> 
     </span>
     <span class='ocr_line' id='line_1_12' title="bbox 31 1049 1652 1112; baseline -0.006 -1"><span class='ocrx_word' id='word_1_96' title='bbox 31 1054 62 1111; x_wconf 72' lang='grc' dir='ltr'>ὲ</span> <span class='ocrx_word' id='word_1_97' title='bbox 87 1054 312 1111; x_wconf 85' lang='lat' dir='ltr'>Gotthis</span> <span class='ocrx_word' id='word_1_98' title='bbox 330 1053 560 1111; x_wconf 69' lang='lat' dir='ltr'>isaacum</span> <span class='ocrx_word' id='word_1_99' title='bbox 591 1058 920 1112; x_wconf 78' lang='lat' dir='ltr'>nuntiantes,</span> <span class='ocrx_word' id='word_1_100' title='bbox 970 1052 1242 1111; x_wconf 81' lang='lat' dir='ltr'>Perculsus</span> <span class='ocrx_word' id='word_1_101' title='bbox 1262 1055 1539 1111; x_wconf 78' lang='lat' dir='ltr'>atrocitate</span> <span class='ocrx_word' id='word_1_102' title='bbox 1571 1049 1652 1103; x_wconf 71' lang='lat' dir='ltr'>rei,</span> 
     </span>
     <span class='ocr_line' id='line_1_13' title="bbox 30 1135 1650 1215; baseline -0.005 -21"><span class='ocrx_word' id='word_1_103' title='bbox 30 1135 337 1199; x_wconf 85' lang='lat' dir='ltr'>Belisarius‚</span> <span class='ocrx_word' id='word_1_104' title='bbox 370 1158 468 1194; x_wconf 90' lang='lat' dir='ltr'>nec</span> <span class='ocrx_word' id='word_1_105' title='bbox 507 1141 786 1215; x_wconf 83' lang='lat' dir='ltr'>inquirens</span> <span class='ocrx_word' id='word_1_106' title='bbox 819 1137 1109 1214; x_wconf 82' lang='lat' dir='ltr'>quomodo</span> <span class='ocrx_word' id='word_1_107' title='bbox 1133 1140 1186 1192; x_wconf 88' lang='lat' dir='ltr'>in</span> <span class='ocrx_word' id='word_1_108' title='bbox 1219 1135 1457 1193; x_wconf 82' lang='lat' dir='ltr'>hostium</span> <span class='ocrx_word' id='word_1_109' title='bbox 1484 1149 1650 1211; x_wconf 84' lang='lat' dir='ltr'>pote-</span> 
     </span>
     <span class='ocr_line' id='line_1_14' title="bbox 30 1217 1648 1295; baseline -0.007 -17"><span class='ocrx_word' id='word_1_110' title='bbox 30 1217 221 1278; x_wconf 77' lang='lat' dir='ltr'>statem</span> <span class='ocrx_word' id='word_1_111' title='bbox 243 1217 460 1275; x_wconf 81' lang='lat' dir='ltr'>veniffet</span> <span class='ocrx_word' id='word_1_112' title='bbox 476 1217 669 1275; x_wconf 81' lang='lat' dir='ltr'>Isaaces</span> <span class='ocrx_word' id='word_1_113' title='bbox 691 1258 706 1284; x_wconf 84' lang='lat'>‚</span> <span class='ocrx_word' id='word_1_114' title='bbox 742 1225 795 1275; x_wconf 64' lang='grc' dir='ltr'>ὃς</span> <span class='ocrx_word' id='word_1_115' title='bbox 830 1224 1024 1273; x_wconf 85' lang='lat' dir='ltr'>Portus</span> <span class='ocrx_word' id='word_1_116' title='bbox 1044 1218 1310 1295; x_wconf 86' lang='lat' dir='ltr'>oppidum</span> <span class='ocrx_word' id='word_1_117' title='bbox 1330 1225 1382 1275; x_wconf 85' lang='lat'>&amp;</span> <span class='ocrx_word' id='word_1_118' title='bbox 1415 1233 1648 1272; x_wconf 75' lang='lat' dir='ltr'>uxorem</span> 
     </span>
     <span class='ocr_line' id='line_1_15' title="bbox 32 1296 1650 1378; baseline -0.004 -22"><span class='ocrx_word' id='word_1_119' title='bbox 32 1307 89 1357; x_wconf 75' lang='grc' dir='ltr'>δε</span> <span class='ocrx_word' id='word_1_120' title='bbox 120 1321 202 1356; x_wconf 85' lang='lat' dir='ltr'>res</span> <span class='ocrx_word' id='word_1_121' title='bbox 222 1321 412 1357; x_wconf 88' lang='lat' dir='ltr'>omnes</span> <span class='ocrx_word' id='word_1_122' title='bbox 434 1300 632 1376; x_wconf 79' lang='lat' dir='ltr'>periisse</span> <span class='ocrx_word' id='word_1_123' title='bbox 652 1301 905 1367; x_wconf 77' lang='lat' dir='ltr'>credenS,</span> <span class='ocrx_word' id='word_1_124' title='bbox 942 1307 994 1357; x_wconf 87' lang='lat'>&amp;</span> <span class='ocrx_word' id='word_1_125' title='bbox 1031 1300 1158 1355; x_wconf 87' lang='lat' dir='ltr'>nihil</span> <span class='ocrx_word' id='word_1_126' title='bbox 1194 1297 1415 1378; x_wconf 86' lang='lat' dir='ltr'>usquam</span> <span class='ocrx_word' id='word_1_127' title='bbox 1449 1296 1650 1353; x_wconf 79' lang='lat' dir='ltr'>muniti</span> 
     </span>
    </p>

    <p class='ocr_par' dir='ltr' id='par_1_2' title="bbox 9 1376 1649 1544">
     <span class='ocr_line' id='line_1_16' title="bbox 9 1376 1646 1462; baseline -0.005 -23"><span class='ocrx_word' id='word_1_128' title='bbox 9 1382 225 1455; x_wconf 37' lang='lat' dir='ltr'>‚restare</span> <span class='ocrx_word' id='word_1_129' title='bbox 244 1403 357 1462; x_wconf 89' lang='lat' dir='ltr'>quo</span> <span class='ocrx_word' id='word_1_130' title='bbox 376 1379 668 1461; x_wconf 81' lang='lat' dir='ltr'>suffugium</span> <span class='ocrx_word' id='word_1_131' title='bbox 687 1382 945 1438; x_wconf 87' lang='lat' dir='ltr'>haberent</span> <span class='ocrx_word' id='word_1_132' title='bbox 963 1425 978 1446; x_wconf 87' lang='lat'>‚</span> <span class='ocrx_word' id='word_1_133' title='bbox 1014 1380 1157 1439; x_wconf 62' lang='lat' dir='ltr'>haesit</span> <span class='ocrx_word' id='word_1_134' title='bbox 1183 1381 1423 1459; x_wconf 78' lang='lat' dir='ltr'>stupidus</span> <span class='ocrx_word' id='word_1_135' title='bbox 1442 1420 1459 1447; x_wconf 64' lang='lat'><strong>2</strong></span> <span class='ocrx_word' id='word_1_136' title='bbox 1491 1376 1646 1457; x_wconf 80' lang='lat' dir='ltr'>quod,</span> 
     </span>
     <span class='ocr_line' id='line_1_17' title="bbox 30 1461 1649 1544; baseline -0.004 -23"><span class='ocrx_word' id='word_1_137' title='bbox 30 1468 81 1521; x_wconf 92' lang='lat' dir='ltr'>ei</span> <span class='ocrx_word' id='word_1_138' title='bbox 114 1464 332 1526; x_wconf 80' lang='lat' dir='ltr'>antehac</span> <span class='ocrx_word' id='word_1_139' title='bbox 366 1486 644 1544; x_wconf 84' lang='lat' dir='ltr'>nunquam</span> <span class='ocrx_word' id='word_1_140' title='bbox 675 1464 950 1521; x_wconf 86' lang='lat' dir='ltr'>acciderat.</span> <span class='ocrx_word' id='word_1_141' title='bbox 989 1485 1119 1520; x_wconf 83' lang='lat' dir='ltr'>mox</span> <span class='ocrx_word' id='word_1_142' title='bbox 1143 1483 1287 1520; x_wconf 88' lang='lat' dir='ltr'>retro</span> <span class='ocrx_word' id='word_1_143' title='bbox 1317 1467 1426 1542; x_wconf 84' lang='lat' dir='ltr'>agit</span> <span class='ocrx_word' id='word_1_144' title='bbox 1442 1461 1649 1531; x_wconf 80' lang='lat' dir='ltr'>exerci-</span> 
     </span>
    </p>

    <p class='ocr_par' dir='ltr' id='par_1_3' title="bbox 11 1540 1673 2939">
     <span class='ocr_line' id='line_1_18' title="bbox 11 1540 1646 1624; baseline -0.004 -21"><span class='ocrx_word' id='word_1_145' title='bbox 11 1550 152 1603; x_wconf 67' lang='lat' dir='ltr'>‘tum</span> <span class='ocrx_word' id='word_1_146' title='bbox 172 1589 189 1614; x_wconf 83' lang='lat'>,</span> <span class='ocrx_word' id='word_1_147' title='bbox 211 1551 353 1621; x_wconf 88' lang='lat' dir='ltr'>velut</span> <span class='ocrx_word' id='word_1_148' title='bbox 372 1547 787 1624; x_wconf 79' lang='lat' dir='ltr'>superventurus</span> <span class='ocrx_word' id='word_1_149' title='bbox 817 1549 1047 1602; x_wconf 86' lang='lat' dir='ltr'>incautis</span> <span class='ocrx_word' id='word_1_150' title='bbox 1068 1545 1443 1624; x_wconf 81' lang='lat' dir='ltr'>imparatisque</span> <span class='ocrx_word' id='word_1_151' title='bbox 1470 1540 1646 1599; x_wconf 81' lang='lat' dir='ltr'>hosti-</span> 
     </span>
     <span class='ocr_line' id='line_1_19' title="bbox 30 1626 1645 1707; baseline -0.003 -23"><span class='ocrx_word' id='word_1_152' title='bbox 30 1628 138 1685; x_wconf 85' lang='lat' dir='ltr'>bus</span> <span class='ocrx_word' id='word_1_153' title='bbox 168 1636 221 1685; x_wconf 72' lang='grc' dir='ltr'>δε</span> <span class='ocrx_word' id='word_1_154' title='bbox 253 1643 584 1707; x_wconf 86' lang='lat' dir='ltr'>quocunque</span> <span class='ocrx_word' id='word_1_155' title='bbox 610 1626 785 1707; x_wconf 83' lang='lat' dir='ltr'>&#39;poffet</span> <span class='ocrx_word' id='word_1_156' title='bbox 805 1629 975 1684; x_wconf 86' lang='lat' dir='ltr'>modo</span> <span class='ocrx_word' id='word_1_157' title='bbox 997 1629 1260 1705; x_wconf 78' lang='lat' dir='ltr'>oppidum</span> <span class='ocrx_word' id='word_1_158' title='bbox 1298 1642 1645 1704; x_wconf 79' lang='lat' dir='ltr'>recuperatu-</span> 
     </span>
     <span class='ocr_line' id='line_1_20' title="bbox 31 1705 1645 1787; baseline -0.004 -21"><span class='ocrx_word' id='word_1_159' title='bbox 31 1731 143 1767; x_wconf 77' lang='lat' dir='ltr'>rus·</span> <span class='ocrx_word' id='word_1_160' title='bbox 189 1713 272 1766; x_wconf 86' lang='lat' dir='ltr'>Sic</span> <span class='ocrx_word' id='word_1_161' title='bbox 303 1713 590 1766; x_wconf 81' lang='lat' dir='ltr'>Romanus</span> <span class='ocrx_word' id='word_1_162' title='bbox 624 1713 775 1766; x_wconf 88' lang='lat' dir='ltr'>miles</span> <span class='ocrx_word' id='word_1_163' title='bbox 806 1713 984 1766; x_wconf 87' lang='lat' dir='ltr'>irritus</span> <span class='ocrx_word' id='word_1_164' title='bbox 1016 1710 1260 1785; x_wconf 62' lang='lat' dir='ltr'>praeclare</span> <span class='ocrx_word' id='word_1_165' title='bbox 1296 1727 1461 1787; x_wconf 79' lang='lat' dir='ltr'>caepta</span> <span class='ocrx_word' id='word_1_166' title='bbox 1493 1705 1645 1764; x_wconf 76' lang='lat' dir='ltr'>dese-—</span> 
     </span>
     <span class='ocr_line' id='line_1_21' title="bbox 30 1789 1644 1870; baseline -0.002 -22"><span class='ocrx_word' id='word_1_167' title='bbox 30 1796 154 1848; x_wconf 87' lang='lat' dir='ltr'>ruit.</span> <span class='ocrx_word' id='word_1_168' title='bbox 197 1798 255 1848; x_wconf 86' lang='lat' dir='ltr'>ln</span> <span class='ocrx_word' id='word_1_169' title='bbox 276 1796 471 1848; x_wconf 82' lang='lat' dir='ltr'>Portus</span> <span class='ocrx_word' id='word_1_170' title='bbox 490 1792 756 1870; x_wconf 84' lang='lat' dir='ltr'>oppidum</span> <span class='ocrx_word' id='word_1_171' title='bbox 781 1810 840 1847; x_wconf 88' lang='lat' dir='ltr'>ut</span> <span class='ocrx_word' id='word_1_172' title='bbox 864 1797 1007 1847; x_wconf 88' lang='lat' dir='ltr'>venit</span> <span class='ocrx_word' id='word_1_173' title='bbox 1025 1789 1301 1848; x_wconf 81' lang='lat' dir='ltr'>Belisarius</span> <span class='ocrx_word' id='word_1_174' title='bbox 1320 1833 1335 1857; x_wconf 91' lang='lat'>,</span> <span class='ocrx_word' id='word_1_175' title='bbox 1370 1791 1444 1847; x_wconf 90' lang='lat' dir='ltr'>ibi</span> <span class='ocrx_word' id='word_1_176' title='bbox 1465 1789 1644 1845; x_wconf 81' lang='lat' dir='ltr'>statim</span> 
     </span>
     <span class='ocr_line' id='line_1_22' title="bbox 34 1870 1645 1954; baseline -0.002 -23"><span class='ocrx_word' id='word_1_177' title='bbox 34 1879 295 1954; x_wconf 86' lang='lat' dir='ltr'>cognovit</span> <span class='ocrx_word' id='word_1_178' title='bbox 315 1880 368 1930; x_wconf 84' lang='lat'>&amp;</span> <span class='ocrx_word' id='word_1_179' title='bbox 394 1872 571 1932; x_wconf 81' lang='lat' dir='ltr'>Isaacae</span> <span class='ocrx_word' id='word_1_180' title='bbox 590 1878 878 1930; x_wconf 85' lang='lat' dir='ltr'>amentiam</span> <span class='ocrx_word' id='word_1_181' title='bbox 913 1880 965 1930; x_wconf 73' lang='grc' dir='ltr'>δε</span> <span class='ocrx_word' id='word_1_182' title='bbox 988 1870 1133 1930; x_wconf 85' lang='lat' dir='ltr'>suam</span> <span class='ocrx_word' id='word_1_183' title='bbox 1157 1871 1262 1930; x_wconf 77' lang='lat' dir='ltr'>sine</span> <span class='ocrx_word' id='word_1_184' title='bbox 1294 1870 1443 1929; x_wconf 83' lang='lat' dir='ltr'>causa</span> <span class='ocrx_word' id='word_1_185' title='bbox 1474 1873 1645 1928; x_wconf 63' lang='lat' dir='ltr'>animi</span> 
     </span>
     <span class='ocr_line' id='line_1_23' title="bbox 34 1952 1641 2034; baseline -0.002 -22"><span class='ocrx_word' id='word_1_186' title='bbox 34 1955 496 2034; x_wconf 82' lang='lat' dir='ltr'>perturbationem</span> <span class='ocrx_word' id='word_1_187' title='bbox 517 1976 535 2024; x_wconf 64' lang='lat'><em>3</em></span> <span class='ocrx_word' id='word_1_188' title='bbox 555 1975 877 2033; x_wconf 86' lang='lat' dir='ltr'>tantumque</span> <span class='ocrx_word' id='word_1_189' title='bbox 894 1978 954 2012; x_wconf 77' lang='lat' dir='ltr'>ex</span> <span class='ocrx_word' id='word_1_190' title='bbox 975 1978 1041 2012; x_wconf 87' lang='lat' dir='ltr'>eo</span> <span class='ocrx_word' id='word_1_191' title='bbox 1060 1952 1367 2013; x_wconf 81' lang='lat' dir='ltr'>infortunio</span> <span class='ocrx_word' id='word_1_192' title='bbox 1387 1956 1641 2011; x_wconf 80' lang='lat' dir='ltr'>dolorem</span> 
     </span>
     <span class='ocr_line' id='line_1_24' title="bbox 32 2036 1673 2116; baseline -0.004 -21"><span class='ocrx_word' id='word_1_193' title='bbox 32 2042 204 2116; x_wconf 83' lang='lat' dir='ltr'>cepit,</span> <span class='ocrx_word' id='word_1_194' title='bbox 242 2043 479 2094; x_wconf 86' lang='lat' dir='ltr'>utetiam</span> <span class='ocrx_word' id='word_1_195' title='bbox 512 2043 728 2116; x_wconf 84' lang='lat' dir='ltr'>corpori</span> <span class='ocrx_word' id='word_1_196' title='bbox 759 2037 1018 2094; x_wconf 85' lang='lat' dir='ltr'>morbum</span> <span class='ocrx_word' id='word_1_197' title='bbox 1050 2039 1410 2095; x_wconf 78' lang='lat' dir='ltr'>contraheret.</span> <span class='ocrx_word' id='word_1_198' title='bbox 1454 2036 1644 2093; x_wconf 65' lang='lat' dir='ltr'>Febris</span> <span class='ocrx_word' id='word_1_199' title='bbox 1671 2061 1673 2064; x_wconf 95' lang='lat'>·</span> 
     </span>
     <span class='ocr_line' id='line_1_25' title="bbox 34 2120 1647 2200; baseline -0.001 -24"><span class='ocrx_word' id='word_1_200' title='bbox 34 2124 179 2176; x_wconf 83' lang='lat' dir='ltr'>enim</span> <span class='ocrx_word' id='word_1_201' title='bbox 199 2141 323 2176; x_wconf 87' lang='lat' dir='ltr'>eum</span> <span class='ocrx_word' id='word_1_202' title='bbox 343 2120 529 2177; x_wconf 71' lang='lat' dir='ltr'>invasit</span> <span class='ocrx_word' id='word_1_203' title='bbox 547 2160 562 2186; x_wconf 91' lang='lat'>‚</span> <span class='ocrx_word' id='word_1_204' title='bbox 605 2122 806 2199; x_wconf 87' lang='lat' dir='ltr'>diuque</span> <span class='ocrx_word' id='word_1_205' title='bbox 827 2126 1120 2177; x_wconf 89' lang='lat' dir='ltr'>cruciatum</span> <span class='ocrx_word' id='word_1_206' title='bbox 1140 2125 1193 2177; x_wconf 89' lang='lat' dir='ltr'>in</span> <span class='ocrx_word' id='word_1_207' title='bbox 1215 2122 1513 2200; x_wconf 80' lang='lat' dir='ltr'>periculum</span> <span class='ocrx_word' id='word_1_208' title='bbox 1534 2124 1647 2174; x_wconf 65' lang='lat' dir='ltr'>im«</span> 
     </span>
     <span class='ocr_line' id='line_1_26' title="bbox 32 2198 1642 2281; baseline -0.001 -23"><span class='ocrx_word' id='word_1_209' title='bbox 32 2205 394 2281; x_wconf 82' lang='lat' dir='ltr'>plicuitmorti</span> <span class='ocrx_word' id='word_1_210' title='bbox 416 2198 750 2280; x_wconf 78' lang='lat' dir='ltr'>proximum.</span> <span class='ocrx_word' id='word_1_211' title='bbox 793 2203 971 2259; x_wconf 85' lang='lat' dir='ltr'>Biduo</span> <span class='ocrx_word' id='word_1_212' title='bbox 993 2202 1111 2281; x_wconf 83' lang='lat' dir='ltr'>post</span> <span class='ocrx_word' id='word_1_213' title='bbox 1140 2225 1302 2281; x_wconf 85' lang='lat' dir='ltr'>quam</span> <span class='ocrx_word' id='word_1_214' title='bbox 1324 2205 1408 2260; x_wconf 79' lang='lat' dir='ltr'>illa</span> <span class='ocrx_word' id='word_1_215' title='bbox 1438 2222 1642 2258; x_wconf 79' lang='lat' dir='ltr'>evene-</span> 
     </span>
     <span class='ocr_line' id='line_1_27' title="bbox 31 2283 1642 2363; baseline -0.002 -22"><span class='ocrx_word' id='word_1_216' title='bbox 31 2303 147 2341; x_wconf 82' lang='lat' dir='ltr'>rant</span> <span class='ocrx_word' id='word_1_217' title='bbox 181 2326 197 2351; x_wconf 88' lang='lat'>,</span> <span class='ocrx_word' id='word_1_218' title='bbox 245 2284 500 2342; x_wconf 81' lang='lat' dir='ltr'>conceffit</span> <span class='ocrx_word' id='word_1_219' title='bbox 535 2288 642 2341; x_wconf 87' lang='lat' dir='ltr'>vita</span> <span class='ocrx_word' id='word_1_220' title='bbox 671 2283 1011 2341; x_wconf 83' lang='lat' dir='ltr'>Roderichus</span> <span class='ocrx_word' id='word_1_221' title='bbox 1042 2326 1057 2351; x_wconf 89' lang='lat'>,</span> <span class='ocrx_word' id='word_1_222' title='bbox 1097 2307 1210 2363; x_wconf 82' lang='lat' dir='ltr'>quo</span> <span class='ocrx_word' id='word_1_223' title='bbox 1243 2283 1360 2342; x_wconf 80' lang='lat' dir='ltr'>casu</span> <span class='ocrx_word' id='word_1_224' title='bbox 1394 2283 1642 2342; x_wconf 72' lang='lat' dir='ltr'>incensus</span> 
     </span>
     <span class='ocr_line' id='line_1_28' title="bbox 30 2365 1646 2426; baseline 0 -4"><span class='ocrx_word' id='word_1_225' title='bbox 30 2368 244 2424; x_wconf 86' lang='lat' dir='ltr'>Totilas</span> <span class='ocrx_word' id='word_1_226' title='bbox 262 2366 436 2425; x_wconf 83' lang='lat' dir='ltr'>Isaacae</span> <span class='ocrx_word' id='word_1_227' title='bbox 468 2389 654 2423; x_wconf 85' lang='lat' dir='ltr'>necem</span> <span class='ocrx_word' id='word_1_228' title='bbox 679 2370 874 2424; x_wconf 85' lang='lat' dir='ltr'>intulit.</span> <span class='ocrx_word' id='word_1_229' title='bbox 917 2365 1042 2424; x_wconf 83' lang='lat' dir='ltr'>Besa</span> <span class='ocrx_word' id='word_1_230' title='bbox 1062 2370 1277 2426; x_wconf 84' lang='lat' dir='ltr'>interim</span> <span class='ocrx_word' id='word_1_231' title='bbox 1299 2365 1646 2424; x_wconf 77' lang='lat' dir='ltr'>frumentum</span> 
     </span>
     <span class='ocr_line' id='line_1_29' title="bbox 32 2447 1642 2528; baseline -0.002 -23"><span class='ocrx_word' id='word_1_232' title='bbox 32 2448 315 2506; x_wconf 86' lang='lat' dir='ltr'>vendendo</span> <span class='ocrx_word' id='word_1_233' title='bbox 343 2447 666 2513; x_wconf 79' lang='lat' dir='ltr'>ditescebat‚</span> <span class='ocrx_word' id='word_1_234' title='bbox 702 2453 758 2505; x_wconf 88' lang='lat' dir='ltr'>in</span> <span class='ocrx_word' id='word_1_235' title='bbox 789 2449 1111 2506; x_wconf 86' lang='lat' dir='ltr'>immensum</span> <span class='ocrx_word' id='word_1_236' title='bbox 1144 2452 1304 2507; x_wconf 41' lang='lat' dir='ltr'>aucto</span> <span class='ocrx_word' id='word_1_237' title='bbox 1338 2472 1430 2528; x_wconf 84' lang='lat' dir='ltr'>per</span> <span class='ocrx_word' id='word_1_238' title='bbox 1448 2470 1642 2505; x_wconf 78' lang='lat' dir='ltr'>emen-</span> 
     </span>
     <span class='ocr_line' id='line_1_30' title="bbox 32 2529 1642 2610; baseline 0 -23"><span class='ocrx_word' id='word_1_239' title='bbox 32 2533 168 2587; x_wconf 88' lang='lat' dir='ltr'>tium</span> <span class='ocrx_word' id='word_1_240' title='bbox 205 2530 494 2610; x_wconf 84' lang='lat' dir='ltr'>egestatem</span> <span class='ocrx_word' id='word_1_241' title='bbox 526 2536 702 2610; x_wconf 88' lang='lat' dir='ltr'>pretio</span> <span class='ocrx_word' id='word_1_242' title='bbox 723 2573 737 2596; x_wconf 90' lang='lat'>,</span> <span class='ocrx_word' id='word_1_243' title='bbox 772 2553 868 2588; x_wconf 90' lang='lat' dir='ltr'>nec</span> <span class='ocrx_word' id='word_1_244' title='bbox 890 2535 1176 2610; x_wconf 84' lang='lat' dir='ltr'>quicquam</span> <span class='ocrx_word' id='word_1_245' title='bbox 1211 2553 1458 2609; x_wconf 76' lang='lat' dir='ltr'>praeterea</span> <span class='ocrx_word' id='word_1_246' title='bbox 1487 2529 1642 2587; x_wconf 73' lang='lat' dir='ltr'>cordi</span> 
     </span>
     <span class='ocr_line' id='line_1_31' title="bbox 29 2610 1641 2677; baseline -0.001 -8"><span class='ocrx_word' id='word_1_247' title='bbox 29 2610 229 2670; x_wconf 83' lang='lat' dir='ltr'>habens</span> <span class='ocrx_word' id='word_1_248' title='bbox 250 2653 264 2676; x_wconf 94' lang='lat'>‚</span> <span class='ocrx_word' id='word_1_249' title='bbox 303 2613 434 2669; x_wconf 64' lang='lat' dir='ltr'>nihil</span> <span class='ocrx_word' id='word_1_250' title='bbox 454 2617 516 2669; x_wconf 87' lang='lat' dir='ltr'>de</span> <span class='ocrx_word' id='word_1_251' title='bbox 539 2614 774 2670; x_wconf 85' lang='lat' dir='ltr'>tutandis</span> <span class='ocrx_word' id='word_1_252' title='bbox 793 2614 1053 2670; x_wconf 85' lang='lat' dir='ltr'>maenibus</span> <span class='ocrx_word' id='word_1_253' title='bbox 1074 2658 1087 2677; x_wconf 94' lang='lat'>‚</span> <span class='ocrx_word' id='word_1_254' title='bbox 1132 2613 1262 2671; x_wconf 86' lang='lat' dir='ltr'>nihil</span> <span class='ocrx_word' id='word_1_255' title='bbox 1287 2616 1352 2671; x_wconf 91' lang='lat' dir='ltr'>de</span> <span class='ocrx_word' id='word_1_256' title='bbox 1373 2636 1426 2671; x_wconf 88' lang='lat' dir='ltr'>re</span> <span class='ocrx_word' id='word_1_257' title='bbox 1452 2615 1552 2670; x_wconf 85' lang='lat' dir='ltr'>ulla</span> <span class='ocrx_word' id='word_1_258' title='bbox 1571 2612 1641 2668; x_wconf 71' lang='lat' dir='ltr'>acl</span> 
     </span>
     <span class='ocr_line' id='line_1_32' title="bbox 14 2692 1642 2775; baseline -0.001 -24"><span class='ocrx_word' id='word_1_259' title='bbox 14 2692 247 2760; x_wconf 14' lang='lat' dir='ltr'>*salutem</span> <span class='ocrx_word' id='word_1_260' title='bbox 265 2695 529 2773; x_wconf 81' lang='lat' dir='ltr'>publicam</span> <span class='ocrx_word' id='word_1_261' title='bbox 561 2699 864 2773; x_wconf 81' lang='lat' dir='ltr'>pertin-ente</span> <span class='ocrx_word' id='word_1_262' title='bbox 882 2695 1170 2775; x_wconf 84' lang='lat' dir='ltr'>cogitabat.</span> <span class='ocrx_word' id='word_1_263' title='bbox 1216 2698 1451 2753; x_wconf 86' lang='lat' dir='ltr'>militum</span> <span class='ocrx_word' id='word_1_264' title='bbox 1469 2700 1553 2752; x_wconf 89' lang='lat' dir='ltr'>cui</span> <span class='ocrx_word' id='word_1_265' title='bbox 1570 2696 1642 2750; x_wconf 91' lang='lat' dir='ltr'>li-</span> 
     </span>
     <span class='ocr_line' id='line_1_33' title="bbox 29 2775 1640 2856; baseline -0.002 -22"><span class='ocrx_word' id='word_1_266' title='bbox 29 2775 192 2834; x_wconf 86' lang='lat' dir='ltr'>bebat</span> <span class='ocrx_word' id='word_1_267' title='bbox 209 2782 365 2834; x_wconf 85' lang='lat' dir='ltr'>otiari</span> <span class='ocrx_word' id='word_1_268' title='bbox 380 2776 705 2856; x_wconf 74' lang='lat' dir='ltr'>permissum.</span> <span class='ocrx_word' id='word_1_269' title='bbox 752 2782 806 2833; x_wconf 90' lang='lat' dir='ltr'>in</span> <span class='ocrx_word' id='word_1_270' title='bbox 829 2777 1090 2835; x_wconf 84' lang='lat' dir='ltr'>maenibus</span> <span class='ocrx_word' id='word_1_271' title='bbox 1111 2779 1344 2836; x_wconf 74' lang='lat' dir='ltr'>excubia&gt;</span> <span class='ocrx_word' id='word_1_272' title='bbox 1365 2785 1416 2835; x_wconf 83' lang='lat'>&amp;</span> <span class='ocrx_word' id='word_1_273' title='bbox 1448 2795 1640 2834; x_wconf 75' lang='lat' dir='ltr'>tenues</span> 
     </span>
     <span class='ocr_line' id='line_1_34' title="bbox 30 2860 1637 2939; baseline -0.002 -26"><span class='ocrx_word' id='word_1_274' title='bbox 30 2864 85 2914; x_wconf 71' lang='grc' dir='ltr'>δε</span> <span class='ocrx_word' id='word_1_275' title='bbox 117 2860 464 2939; x_wconf 84' lang='lat' dir='ltr'>negligentes.</span> <span class='ocrx_word' id='word_1_276' title='bbox 525 2860 721 2937; x_wconf 83' lang='lat' dir='ltr'>quibus</span> <span class='ocrx_word' id='word_1_277' title='bbox 758 2861 1059 2939; x_wconf 82' lang='lat' dir='ltr'>vigiliarum</span> <span class='ocrx_word' id='word_1_278' title='bbox 1092 2864 1232 2918; x_wconf 89' lang='lat' dir='ltr'>vices</span> <span class='ocrx_word' id='word_1_279' title='bbox 1265 2862 1637 2920; x_wconf 75' lang='lat' dir='ltr'>obvenerant,</span> 
     </span>
    </p>
   </div>
   <div class='ocr_carea' id='block_1_2' title="bbox 0 2930 1639 3097">
    <p class='ocr_par' dir='ltr' id='par_1_4' title="bbox 0 2930 1639 3097">
     <span class='ocr_line' id='line_1_35' title="bbox 0 2930 1639 3076; baseline -0.005 -74"><span class='ocrx_word' id='word_1_280' title='bbox 0 2930 4 2980; x_wconf 60' lang='grc' dir='ltr'><strong><em>ἶ</em></strong></span> <span class='ocrx_word' id='word_1_281' title='bbox 33 2937 208 3002; x_wconf 78' lang='lat' dir='ltr'>{omni</span> <span class='ocrx_word' id='word_1_282' title='bbox 225 2944 467 3022; x_wconf 87' lang='lat' dir='ltr'>capiendi</span> <span class='ocrx_word' id='word_1_283' title='bbox 486 2962 685 3021; x_wconf 86' lang='lat' dir='ltr'>quanta</span> <span class='ocrx_word' id='word_1_284' title='bbox 703 2944 901 3005; x_wconf 84' lang='lat' dir='ltr'>vellent</span> <span class='ocrx_word' id='word_1_285' title='bbox 921 2944 1132 3001; x_wconf 81' lang='lat' dir='ltr'>licentia</span> <span class='ocrx_word' id='word_1_286' title='bbox 1155 2984 1166 3003; x_wconf 79' lang='lat'>‚</span> <span class='ocrx_word' id='word_1_287' title='bbox 1203 2948 1416 3000; x_wconf 83' lang='lat' dir='ltr'>nemine</span> <span class='ocrx_word' id='word_1_288' title='bbox 1437 2945 1509 2996; x_wconf 88' lang='lat' dir='ltr'>eis</span> <span class='ocrx_word' id='word_1_289' title='bbox 1530 2944 1639 3076; x_wconf 63' lang='lat' dir='ltr'>ism«</span> 
     </span>
     <span class='ocr_line' id='line_1_36' title="bbox 51 3029 1630 3097; baseline -0.011 -8"><span class='ocrx_word' id='word_1_290' title='bbox 51 3055 55 3059; x_wconf 78' lang='grc'><strong>’</strong></span> <span class='ocrx_word' id='word_1_291' title='bbox 892 3029 936 3081; x_wconf 78' lang='lat' dir='ltr'>Z</span> <span class='ocrx_word' id='word_1_292' title='bbox 1454 3041 1525 3097; x_wconf 75' lang='lat' dir='ltr'>po</span> <span class='ocrx_word' id='word_1_293' title='bbox 1552 3036 1630 3076; x_wconf 79' lang='lat' dir='ltr'>ito</span> 
     </span>
    </p>
   </div>
  </div>
 </body>
</html>
