1888 3428
233 155 349 232 '17'2
568 153 953 209 Pssocopn
995 146 1537 209 CAESAREENSIS
1887 213 1888 220 ἵ

229 253 410 294 autem
445 235 486 289 is
524 232 740 290 O&aris
774 251 865 310 per
903 229 958 287 se
997 249 1222 308 quoque
1253 224 1545 286 Theudato
1581 223 1801 284 infestus
1818 269 1856 296 ‚v
1887 222 1888 288 l

229 316 384 397 quod
404 333 633 392 amatam
654 312 747 370 fibi
767 314 1029 391 virginem
1046 318 1099 368 δε
1118 308 1392 388 pulchram
1415 316 1467 366 ὃς
1485 309 1726 367 dotatam
1745 307 1842 364 ab-
1887 320 1888 324 ’

231 396 448 457 stuliffet
464 396 803 462 Theudatus,
825 393 1165 472 pecuniisque
1190 389 1478 469 persuasam
1500 395 1555 447 in
1575 391 1715 447 aliud
1734 409 1844 446 ma-

232 483 554 539 trimonium
587 474 901 535 collocaffet.
943 480 1021 532 Ita
1039 495 1154 531 non
1175 472 1269 530 fibi
1290 477 1467 530 minus
1485 473 1538 529 id
1557 493 1721 551 quam
1741 473 1844 529 Vi·-

230 566 331 643 tigi
351 561 611 639 praestanS,
631 580 823 638 magna
842 560 1104 615 celeritate
1122 577 1235 612 non
1253 556 1344 612 diu
1364 577 1477 611 non
1498 556 1658 610 nocfflte
1677 558 1845 610 inter-

233 643 382 703 miffa
399 643 728 722 persequitur
746 639 1118 706 Theudatum‚
1136 658 1370 716 cumque
1387 658 1511 694 eum
1528 640 1627 693 iter
1643 633 1846 692 facien*

231 744 348 785 tem
364 721 708 803 oppreffiffet,
731 722 1092 800 resupinatum
1112 721 1340 777 vifflmae
1361 723 1415 775 in
1436 719 1664 777 modum
1681 719 1849 775 truci-

234 808 343 867 dat.
386 809 496 864 Hic
527 811 647 863 vitae
667 811 720 862 &
742 807 982 882 imperii,
1010 802 1161 881 quod
1185 824 1276 882 per
1295 821 1400 858 tres
1427 821 1597 857 annos
1618 800 1846 872 durave-

235 909 337 957 rat,
356 887 482 967 finis
499 887 789 946 Theudato
807 885 924 945 fuit.
970 892 1174 943 Interea
1192 888 1393 965 Vitigis
1412 923 1428 949 ‚
1462 879 1733 962 afl'umptis
1751 883 1848 960 qui

236 973 453 1030 aderant
478 970 826 1027 Gotthorum
848 1010 861 1033 ,
895 971 1129 1025 Romam
1153 983 1526 1046 properaverat
1546 1005 1563 1031 ‚
1594 967 1851 1044 cognito-

235 1075 344 1133 que
363 1051 632 1129 Theudati
651 1055 796 1108 exitu
814 1056 1017 1110 laetatus
1035 1092 1050 1117 ,
1066 1049 1238 1106 filium
1258 1055 1371 1124 ejus
1389 1046 1849 1126 Theudegisclum
1867 1059 1877 1109 j

236 1138 296 1193 in
315 1135 526 1193 vincula
545 1134 707 1190 dedit.
757 1135 1016 1210 Cumque
1052 1129 1144 1208 ipsi
1184 1153 1296 1188 non
1315 1129 1432 1187 satis
1451 1129 1513 1187 ad
1532 1127 1733 1185 bellum
1757 1149 1851 1205 pa-

235 1234 359 1276 ratae
395 1236 474 1272 res
510 1212 860 1271 Gotthorum
898 1214 1206 1270 viderentur
1230 1255 1245 1279 ‚
1278 1215 1599 1270 Ravennam
1635 1213 1709 1266 ire
1739 1211 1852 1287 pri-

237 1319 394 1357 mum
416 1300 591 1364 duxit,
609 1314 667 1352 ut
687 1294 895 1351 struffls
915 1316 1033 1372 quae
1051 1315 1159 1351 erat
1177 1316 1338 1373 opuS‚
1357 1295 1489 1350 totis
1511 1291 1703 1349 deinde
1725 1292 1852 1348 viri-

237 1380 340 1438 bus
355 1395 594 1436 certaret.
644 1380 826 1444 Quare
846 1383 1167 1434 concionem
1203 1377 1515 1434 advocatam
1537 1373 1601 1430 sic
1622 1375 1856 1453 alloquif

235 1480 344 1520 tur.
389 1463 498 1519 Res
518 1463 780 1529 maximae,
797 1461 1120 1516 commilites
1142 1500 1157 1525 ‚
1189 1458 1466 1537 prudentia
1486 1477 1646 1536 quam
1667 1456 1854 1513 celeri*

236 1563 345 1603 tate
383 1563 712 1622 peraguntur
730 1587 741 1599 .
804 1543 984 1599 multis
1017 1539 1389 1619 intempestiva
1431 1537 1701 1596 festinatio
1735 1536 1854 1616 spes

237 1625 483 1707 pulchras
524 1643 669 1680 retro
705 1628 836 1704 egit.
880 1625 1103 1680 Facilius
1144 1627 1342 1701 quippe
1362 1623 1637 1699 imparati,
1674 1641 1853 1698 quan-

239 1709 443 1765 tumvis
464 1709 637 1771 multi,
656 1708 710 1761 in
732 1723 998 1761 certamen
1023 1723 1240 1761 ruentes
1260 1708 1557 1767 vincantur,
1576 1723 1738 1780 quam
1760 1704 1853 1780 qui

240 1809 474 1849 numero
496 1791 733 1843 minores
756 1828 773 1853 ,
804 1785 1016 1864 provisu
1035 1807 1214 1842 rerum
1235 1791 1437 1861 majore
1456 1788 1510 1840 in
1529 1783 1738 1840 hostem
1760 1804 1855 1841 va-

244 1872 400 1929 dunt.
440 1871 528 1927 Ne
566 1890 666 1925 nos
700 1872 864 1948 igitur
891 1867 1033 1943 justo
1056 1868 1318 1925 avidiores
1337 1873 1388 1923 in
1409 1862 1630 1945 praesens
1648 1867 1888 1945 gloriaes·

242 1955 380 2011 mala
401 1949 704 2010 insanabilia
740 1955 794 2006 in
815 1950 1025 2007 nosmet
1044 1949 1364 2007 accersamus
1399 1972 1412 2005 :
1449 1950 1678 2017 Quanto
1698 1948 1854 2005 satius

244 2034 395 2092 brevi
430 2031 637 2112 pudore
657 2051 976 2112 perpetuum
999 2032 1160 2090 decus
1179 2053 1355 2089 emere
1379 2073 1396 2099 ,
1427 2052 1589 2110 quam
1608 2032 1852 2110 ignomi-

242 2120 406 2181 niam,
427 2116 556 2172 dum
588 2119 966 2194 temporariam
986 2113 1244 2196 fugimus,
1263 2134 1514 2172 aeternam
1535 2117 1684 2193 pati?
1715 2112 1853 2170 scitis

243 2216 494 2279 praeterea
527 2195 695 2252 robur
735 2197 1079 2254 Gotthorum
1115 2217 1499 2275 armorumque
1535 2200 1642 2253 vim
1684 2197 1853 2250 maxi-

242 2302 390 2338 mam
424 2283 479 2336 in
508 2279 698 2338 Galliis
729 2281 973 2336 Venetiis
1005 2278 1218 2358 aliisque
1238 2278 1700 2359 longinquislocis
1719 2262 1883 2334 deti-l

241 2365 374 2420 neri.
420 2360 511 2418 Ad
551 2359 656 2417 hoc
689 2359 849 2417 nobis
869 2360 999 2417 nihil
1019 2360 1118 2419 isto
1138 2365 1302 2419 levius
1321 2367 1376 2417 in
1398 2363 1630 2417 Francos
1647 2357 1852 2416 bellum

244 2443 321 2503 est
345 2467 359 2502 ε
388 2465 498 2523 quo
523 2463 636 2498 non
657 2441 960 2519 composito
981 2445 1038 2500 in
1058 2443 1198 2501 aliud
1217 2441 1265 2499 se
1287 2443 1557 2508 inducere,
1577 2443 1770 2498 nullius
1792 2438 1854 2496 fit

243 2525 469 2585 consilii.
513 2525 659 2582 Nam
680 2525 876 2603 quibus
897 2528 1146 2605 utrinque
1167 2526 1395 2604 pericula
1412 2564 1427 2589 ,
1466 2545 1564 2580 nec
1584 2543 1750 2602 quem
1769 2543 1855 2578 re·-

242 2609 464 2688 spiciant
480 2605 645 2663 hostis
664 2628 921 2673 unUS,eos
939 2603 1309 2666 succubituros
1327 2605 1577 2663 credibile
1595 2603 1688 2662 est.
1722 2602 1854 2662 mihi

244 2694 416 2770 placet
457 2694 677 2766 jamjam
726 2689 1041 2746 Ravennam
1095 2687 1350 2769 proficisci
1397 2711 1411 2744 ε
1454 2684 1854 2765 conciliatisque

243 2775 457 2831 Francis
493 2776 546 2827 ἃ*
583 2769 719 2827 bene
752 2769 962 2850 digestis
996 2771 1156 2828 rebus
1178 2769 1435 2829 omnibus
1456 2810 1471 2836 ,
1503 2791 1631 2826 mox
1652 2786 1776 2825 toto
1796 2771 1854 2824 in

243 2855 553 2913 Belisarium
600 2855 674 2908 ire
724 2851 1073 2910 Gotthorum
1121 2856 1352 2910 exercitu
1372 2895 1384 2909 .
1452 2852 1539 2908 Ne
1571 2848 1853 2930 quisquam

243 2937 389 2998 hunc
409 2933 614 2995 abitum
636 2932 906 2993 erubescat
926 2976 943 3005 2
964 2954 1056 2994 aut
1073 2934 1260 3017 fugam
1281 2950 1457 2995 vocet.
1501 2934 1647 2991 Nam
1670 2932 1852 2988 multis

1657 3011 1851 3071 formi-
