1888 3428
209 135 649 194 Gorrmeffi
689 126 1038 187 HISTORI
1061 145 1112 184 ,ε
1150 128 1420 187 LmIV.
1500 121 1621 206 47}

17 219 232 298 imperii
250 220 306 276 in
325 238 418 277 eos
435 219 528 296 qui
543 214 800 292 Principis
821 229 1018 288 corpus
1035 208 1346 267 custodiunt
1363 254 1377 274 ‚
1417 209 1623 288 Byzan-¹

17 303 80 359 tii
114 300 359 360 detinuit.
401 300 529 357 Erat
557 314 733 354 autem
764 293 1080 373 dignatione
1111 293 1314 370 primus
1329 292 1623 348 Romano,

17 404 141 441 rum
159 386 413 447 omnium
445 377 751 443 BelisariuS,
786 394 1095 455 quanquam
1130 376 1214 429 alii
1233 375 1380 450 prius
1397 389 1622 451 tempo?-

19 486 75 523 re
102 472 157 525 &
187 467 406 522 Senatui
450 461 693 539 adscripti
721 455 933 516 fuerant
966 462 1020 513 ἃ
1057 453 1365 512 consulatus
1411 454 1618 531 adepti:

18 568 145 605 nam
166 553 218 604 &
238 547 293 604 hi
328 543 701 604 concedebant
732 536 981 615 Belisario
999 578 1017 605 ,
1055 557 1231 617 neque
1257 553 1445 591 contra
1462 553 1621 594 tantae

16 633 231 687 virtutis
265 626 592 703 majestatem
620 629 741 700 jure
758 620 909 700 quod
944 623 1027 678 lex
1058 617 1374 697 indulgebat
1404 620 1624 674 nitiau-

15 711 252 770 debant:
289 728 448 789 atque
481 705 708 786 idipsum
724 706 1043 782 Imperatori
1064 702 1210 761 valde
1238 699 1494 779 placebat.
1542 704 1622 757 At

15 797 273 853 Vitaliani
288 792 555 850 Iohannes
576 785 859 866 hyemabat
877 786 1083 842 Salonis
1103 826 1119 852 ‚
1150 805 1313 862 quem
1332 785 1624 860 opperien-

14 894 97 935 tes
116 879 210 957 qui
242 879 296 933 in
313 875 459 932 Italia
476 887 625 930 erant
646 871 1032 926 Romanorum
1053 867 1212 925 duces
1229 906 1244 931 ‚
1279 884 1494 944 tempus
1513 882 1624 921 tra-

16 958 220 1016 hebant
249 959 453 1015 inutile.
493 955 566 1011 Et
589 958 701 1028 jam
732 949 955 1009 finiebat
985 949 1172 1028 hyems
1206 968 1421 1025 unaque
1451 967 1625 1007 annus

17 1039 439 1099 sextusdecimus
481 1036 609 1094 belli
643 1040 759 1120 ejus
801 1032 953 1113 quod
997 1035 1301 1111 Procopius
1337 1027 1617 1109 descripsit.

17 1126 189 1181 Anno
222 1143 371 1179 novo
390 1124 648 1185 ineunte,
689 1116 1037 1174 constituerat
1054 1115 1197 1172 idem
1228 1112 1497 1171 Iohannes
1526 1115 1622 1168 Sa-

15 1208 154 1265 lonis
173 1203 394 1284 degredi
416 1243 432 1271 ‚
451 1209 505 1259 &
529 1222 692 1280 quam
731 1204 966 1277 primum
994 1201 1046 1254 in
1078 1199 1320 1253 Totilam
1342 1194 1625 1255 Gotthos-

14 1309 124 1368 que
145 1286 339 1344 ducere
359 1284 673 1342 exercitum.
706 1279 793 1338 fed
813 1283 983 1354 yetuit
1000 1286 1296 1357 Imperator
1315 1317 1329 1337 ‚
1363 1275 1622 1355 juslitque

16 1391 144 1427 eum
161 1367 433 1425 subsistere
452 1366 656 1434 ‚donec
672 1361 863 1422 Narses
880 1361 1041 1441 spado
1063 1361 1354 1426 adveniret,
1375 1361 1459 1415 cui
1474 1354 1622 1415 sum-

17 1473 165 1509 mam
192 1451 318 1508 belli
339 1448 701 1507 mandaverat.
747 1447 883 1512 Quae
902 1449 957 1501 in
987 1445 1041 1502 id
1059 1440 1208 1501 causa
1231 1447 1620 1519 Imperatorem

17 1537 254 1593 moverit
272 1575 289 1602 ,
319 1550 467 1590 certo
488 1531 774 1609 cognitum
794 1529 1012 1585 nemini.
1056 1523 1130 1583 est
1149 1524 1291 1583 enim
1321 1528 1362 1580 is
1380 1529 1622 1601 Impera-

16 1634 108 1673 tor
127 1657 141 1683 ,
179 1636 240 1673 ut
259 1614 474 1672 confilia
493 1618 537 1689 ej
549 1632 604 1668 ns
621 1653 636 1678 ‚
674 1609 766 1666 nifi
789 1608 948 1687 ipfius
967 1610 1244 1664 voluntate
1259 1646 1277 1674 ,
1308 1603 1501 1683 affequi
1520 1625 1621 1661 ne-

16 1720 113 1756 mo
137 1696 317 1776 possit.
359 1701 572 1755 Verum
600 1691 731 1772 quid
751 1689 1105 1766 conjectando
1125 1687 1377 1745 homines
1400 1705 1518 1743 tum
1535 1687 1622 1744 di-

13 1785 223 1850 xerint,
253 1779 515 1858 explicare
549 1797 664 1832 non
700 1772 920 1854 pigebit.
964 1777 1023 1827 In
1052 1789 1294 1827 mentem
1324 1766 1619 1825 Iustiniano

16 1881 236 1921 venerat
271 1903 286 1924 ,
336 1879 557 1919 caeteros
591 1858 833 1916 Romani
868 1856 1127 1911 exercitus
1161 1853 1319 1909 duces
1351 1849 1620 1915 'Iohannis

13 1947 237 2024 imperia
253 1944 642 2002 detrefflturos
660 1981 676 2008 ‚
712 1937 862 2018 quod
882 1940 929 1993 ei
960 1936 1023 1994 de
1043 1935 1304 2014 dignitate
1328 1936 1619 2014 quicquam

15 2030 222 2086 nollent
242 2026 566 2084 concedere:
613 2041 773 2100 atque
794 2020 916 2077 inde
936 2017 1214 2078 metuebat
1235 2058 1253 2085 ,
1283 2038 1349 2072 ne
1368 2013 1622 2072 diffiden-

15 2128 98 2168 tes
116 2108 346 2167 confiliis
378 2126 468 2166 aut
495 2126 586 2185 per
613 2103 868 2162 invidiam
890 2098 1137 2158 malitioii
1157 2141 1173 2167 ‚
1219 2098 1496 2179 publicum
1513 2096 1621 2153 bo·-

17 2214 150 2250 num
169 2207 555 2273 perverterent.
597 2184 684 2244 sed
703 2193 755 2242 &
775 2184 917 2242 aliud
936 2182 1064 2262 quid
1083 2182 1262 2246 audivi
1281 2201 1406 2237 cum
1420 2181 1620 2239 Romae

16 2296 229 2356 agerem
250 2318 264 2339 ‚
296 2296 358 2330 ex
381 2277 495 2331 viro
514 2272 775 2326 Romano
807 2267 1069 2326 Senatorii
1100 2264 1316 2324 ordinis.
1359 2261 1622 2339 Ajebatis

15 2379 130 2435 quo
160 2375 409 2435 tempore
439 2356 647 2411 Italiam
662 2348 878 2408 tenebat
905 2345 1237 2405 Atalarichus
1254 2344 1621 2409 Theuderichi

18 2439 123 2498 filia
140 2442 354 2520 genitus
372 2480 389 2506 ,
424 2455 648 2516 gregem
668 2432 843 2490 boum
872 2429 1017 2487 flexo
1046 2434 1101 2486 in
1123 2428 1392 2506 vesperam
1418 2428 1502 2486 die
1524 2448 1621 2484 ve·-

19 2519 147 2580 niffe
176 2526 236 2582 in,
262 2522 464 2577 Forum
496 2521 642 2576 Pacis
676 2513 829 2594 quod
853 2513 1044 2570 dicitur
1065 2552 1082 2580 ‚
1115 2516 1266 2586 juxta
1297 2512 1445 2568 Pacis
1475 2528 1621 2565 tem.-

18 2606 168 2682 plum
187 2602 337 2684 quod
355 2600 578 2660 fulmine
589 2605 701 2675 jam
720 2598 851 2653 olim
872 2597 1045 2657 icium
1067 2614 1213 2651 nunc
1231 2613 1455 2672 quoque
1482 2612 1618 2648 con-

18 2684 254 2763 spicitur.
296 2688 446 2741 Ante
479 2684 533 2741 id
565 2679 750 2738 forum
772 2675 896 2734 fons
915 2695 1068 2733 vetus
1086 2676 1156 2734 est
1174 2717 1194 2743 „
1236 2679 1325 2732 cui
1342 2673 1497 2731 instat
1516 2673 1620 2730 bos

18 2787 163 2825 aenea
193 2767 389 2826 Phidiae
425 2759 766 2823 Atheniensis
790 2777 886 2818 aut
927 2758 1141 2838 Lysippi
1169 2798 1185 2824 ‚
1222 2762 1280 2815 ni
1305 2753 1460 2814 fallor
1480 2797 1497 2818 ‚
1550 2776 1620 2811 o-

13 2871 139 2929 pus.
181 2851 348 2906 multa
376 2851 521 2905 enim
555 2847 772 2903 illorum
803 2839 1070 2899 artificum
1111 2861 1273 2917 opera
1304 2841 1359 2896 in
1393 2859 1459 2894 eo
1489 2839 1615 2892 loco

17 2948 275 3011 apparent
306 2972 327 3000 ,f
387 2951 555 3003 unum
592 2930 754 2987 ctiam
804 2923 1003 3005 Phidiae
1042 2921 1393 3001 subscriptum
1426 2937 1619 2997 gerens

831 3007 890 3063 G
908 3027 946 3086 g
993 3021 1022 3082 ςζ
1410 3019 1618 3064 nomen
