1888 3428
247 215 361 284 364
592 205 979 266 PRocoPu
1024 208 1569 266 CAESAREENsrs

234 289 365 346 inid
379 286 739 365 laborantium
768 292 1030 348 alacritate
1062 287 1376 349 vicesimum
1406 297 1459 347 δε
1480 294 1735 368 quintum
1755 291 1844 347 in-

234 389 316 427 tra
331 370 477 430 diem
497 375 764 428 moenium
782 373 926 429 labes
947 413 964 439 ‚
989 390 1049 430 ut
1069 388 1299 448 poterat,
1322 391 1558 449 reparata
1575 371 1670 429 est.
1712 374 1845 428 Bre-

233 456 398 532 vique
437 470 504 510 eo
537 453 585 510 se
616 457 895 513 contulere
928 458 1022 532 qui
1040 457 1421 520 Romanorum
1445 455 1740 531 nonlonge
1760 453 1848 509 di·-

232 530 389 614 sperfi
408 534 491 593 hic
509 538 610 606 illic
630 538 858 614 agebant
877 577 893 602 ,
925 555 1042 592 tum
1073 535 1372 593 habitandae
1393 535 1539 592 urbis
1563 534 1843 601 defideri0‚
1866 534 1870 537 ’

232 633 355 674 tum
375 618 545 696 quod,
563 639 739 676 rerum
761 616 1159 676 necessariarum
1182 616 1335 695 pressi
1355 616 1576 674 antehac
1590 615 1846 696 egestate,

231 699 310 756 ibi
343 697 571 757 subitam
607 703 943 779 reperiebant
978 704 1190 778 copiam
1209 696 1445 756 Belisarii
1464 697 1714 778 provisu,
1748 701 1845 777 qui

232 781 417 860 plenas
436 786 622 841 talium
642 805 801 852 naves
822 786 1069 860 plurimas
1101 786 1156 838 in
1189 782 1379 838 urbem
1409 796 1566 838 amne
1585 779 1848 838 subvexe-

232 883 334 920 rat.
374 868 484 922 His
500 867 714 922 Totilas
732 866 921 922 auditis
937 862 1346 921 festinabundus
1376 861 1622 922 adversus
1658 861 1851 919 urbem
1867 898 1879 901 „

232 944 655 1025 Belisariumque
689 945 738 1004 se
775 966 978 1003 movet.
1021 947 1293 1009 Necdumf
1312 964 1562 1023 potuerat
1577 944 1855 1002 Belisarius

233 1048 419 1108 portas
440 1029 715 1087 moenibus
733 1031 1016 1107 injungere
1039 1069 1056 1097 ,
1089 1027 1283 1085 exustis
1313 1029 1340 1084 a
1355 1031 1542 1085 Totila
1562 1026 1856 1087 veteribus,

234 1134 416 1191 neque
436 1113 553 1169 ullis
571 1111 876 1168 admanum
895 1108 1078 1176 fabr-13,
1100 1129 1160 1167 ut
1173 1130 1342 1168 novas
1362 1107 1573 1169 faceret.
1616 1107 1855 1175 Barbari,

235 1198 375 1251 utin
395 1191 742 1272 conspectum
763 1212 953 1248 venere
976 1192 1122 1248 urbis
1139 1232 1156 1257 ‚
1195 1189 1371 1248 castris
1390 1192 1453 1248 ad
1474 1193 1725 1248 Tiberim
1748 1212 1855 1269 po-

164 1314 168 1320 ,
234 1274 344 1332 fitis
363 1280 599 1354 quietam
620 1294 775 1352 egere
797 1274 1040 1335 noetem.
1084 1271 1342 1330 Postridie
1362 1273 1585 1330 vixdum
1605 1291 1723 1329 orta
1737 1276 1855 1329 luce

237 1379 436 1436 magna
468 1376 592 1412 cum
627 1359 700 1411 ira
731 1376 788 1412 ac
823 1356 1063 1411 tumultu
1085 1354 1300 1412 obeunt
1318 1358 1537 1412 moenia.
1582 1352 1859 1425 Belisarius

237 1441 477 1497 rnilitum
504 1442 756 1519 egregios
775 1441 829 1494 in
849 1438 982 1493 locis
1002 1459 1119 1515 quae
1140 1437 1167 1493 a
1190 1440 1360 1516 portis
1378 1438 1635 1505 vacabant
1656 1435 1858 1493 consti-

237 1525 359 1580 tuit.
405 1539 624 1580 caeteros
658 1542 721 1578 ex
755 1519 1029 1577 moenibus
1061 1522 1117 1575 in
1139 1518 1439 1577 ‘subeuntes
1474 1522 1622 1577 nullo
1658 1540 1856 1598 genere

238 1626 401 1663 noxae
435 1602 694 1660 abstinere
723 1603 904 1679 jubet.
948 1605 1028 1658 Fit
1059 1605 1188 1658 acris
1225 1623 1421 1681 pugna.
1463 1623 1587 1676 nam
1606 1600 1853 1668 barbari,

239 1690 335 1766 qui
354 1691 529 1765 primo
549 1689 757 1764 impetu
779 1705 1027 1763 capturos
1045 1682 1093 1740 se
1119 1685 1308 1741 urbem
1328 1684 1660 1763 speraverant
1680 1725 1696 1751 ,
1731 1704 1857 1740 cum

239 1770 297 1827 id
332 1789 447 1825 non
484 1768 833 1847 procederet,
865 1769 1129 1824 Romanis
1168 1764 1380 1822 strenue
1401 1769 1534 1822 adeo
1553 1766 1603 1822 se
1628 1769 1857 1823 tutanti-

241 1852 365 1917 buS,
385 1849 439 1907 id
455 1850 721 1928 indignati
737 1889 754 1916 ,
770 1853 855 1907 irae
878 1846 1105 1915 stimulis
1124 1853 1178 1905 in
1205 1854 1469 1921 majorem
1491 1889 1506 1914 ‚
1523 1869 1701 1925 >quam
1723 1851 1859 1907 vires

190 2001 194 2003 q
240 1931 475 1999 ferrent,
493 1933 765 1989 audaciam
785 1930 1175 1987 excitabantur.
1217 1951 1407 1988 contra
1423 1932 1689 1987 Romani-s
1706 1971 1723 1997 ,
1746 1932 1856 2007 pri-

240 2037 331 2072 ma
359 2014 513 2091 supra
533 2013 681 2091 spem
714 2011 810 2069 fibi
847 2010 1041 2069 cessiffe
1076 2010 1428 2069 sentientibus
1450 2056 1463 2076 ,
1499 2010 1606 2090 ipsa
1635 2012 1857 2090 periculi

241 2096 566 2177 magnitudo
586 2094 812 2152 addebat
830 2098 1085 2151 virtutem
1117 2117 1130 2149 :
1161 2093 1456 2173 ingensque
1477 2093 1853 2160 barbarorum,

241 2199 305 2237 ut
328 2181 423 2258 qui
441 2178 505 2235 de
523 2176 884 2255 superioribus
901 2179 1032 2233 locis
1051 2176 1453 2255 impetebantur
1472 2218 1489 2244 ‚
1508 2176 1700 2257 strages
1717 2172 1856 2232 facia
1883 2218 1885 2222 .

243 2260 338 2319 est.
384 2265 630 2339 variaque
651 2260 916 2316 malorum
950 2279 1007 2314 ac
1035 2258 1283 2315 laborum
1309 2258 1476 2336 specie
1496 2255 1682 2315 lassatis
1699 2256 1858 2318 utris-

243 2365 352 2422 que
372 2383 390 2410 ,
422 2361 663 2421 coeptum
694 2362 850 2397 mane
881 2343 1117 2419 praelium
1138 2341 1201 2398 ad
1221 2343 1441 2397 ηοᾶεηῑ
1464 2338 1630 2418 usque
1648 2340 1859 2419 produ-

243 2428 395 2483 &um
416 2424 510 2482 est.
551 2425 733 2481 multis
767 2428 876 2495 jam
912 2422 1146 2479 tenebris
1178 2422 1368 2482 reversi
1400 2427 1454 2479 in
1473 2420 1856 2480 castraGotthi

242 2506 490 2566 curandis
503 2504 720 2563 suorum
740 2504 1049 2562 vulneribus
1068 2506 1290 2562 noctem
1307 2503 1605 2563 insumunt.
1637 2511 1717 2562 At
1735 2505 1858 2560 Ro-

243 2609 534 2648 manorum
568 2590 647 2643 alii
676 2591 732 2643 in
750 2586 1024 2643 moenibus
1045 2585 1380 2644 excubabant
1413 2609 1427 2643 :
1462 2591 1655 2644 virtute
1675 2588 1857 2665 primi,

244 2670 456 2729 vicibus
489 2669 666 2726 hiatus
698 2666 1069 2726 custodiebant
1105 2671 1161 2725 in
1194 2668 1393 2747 quibus
1424 2673 1599 2727 Portae
1622 2668 1857 2734 fuerant,

244 2751 425 2833 sparfis
457 2771 550 2829 per
572 2754 902 2828 praejacentia
920 2750 1131 2811 tribulis
1150 2750 1215 2807 ad
1239 2750 1497 2807 arcendos
1514 2750 1750 2808 hostiurn
1771 2754 1858 2814 in-

245 2832 425 2893 cursus
441 2875 454 2889 .
517 2833 736 2889 Tribuli
782 2851 960 2889 autem
1008 2832 1112 2889 five
1151 2835 1376 2889 murices
1408 2830 1672 2907 ejusmodi
1704 2831 1825 2890 sunt
1840 2872 1855 2888 .

248 2920 510 2996 Qtuor
545 2917 692 2992 palos
723 2916 947 2991 aequales
981 2910 1155 2970 forma
1187 2916 1446 2991 triquetra
1476 2919 1615 2972 inter
1640 2914 1689 2971 se
1707 2932 1858 2971 retro

246 3000 609 3078 compingunt
629 3037 646 3067 ,
679 2995 894 3076 paribus
915 2997 1203 3057 interranis
1219 2996 1293 3053 ita
1318 3013 1378 3057 ut
1396 3017 1630 3076 quoquo
1646 2994 1855 3073 abjece-

1757 3094 1851 3144 ηερ
