1931 3428
386 175 1237 263 LtnERSExTvs;
1498 191 1612 250 931

0 260 448 342 ejus-comitibus
482 281 707 323 cervum
734 255 920 340 sagitta
954 272 1235 335 percutere
1269 248 1440 319 nisus,
1473 254 1616 327 ejus-

2 350 132 407 dem
149 349 291 429 regis
312 362 607 426 nepotem,
644 343 752 402 hoc
781 338 892 409 est,
926 336 1124 397 sororis
1141 342 1256 414 ejus
1290 335 1465 394 filium
1491 340 1615 395 Au-

3 428 184 490 fusum
219 431 477 495 nomine,
519 429 712 487 nolens
745 423 1013 484 sauciavit.
1058 421 1232 496 Qod
1252 441 1342 476 rex
1362 440 1606 487 cernens,

0 514 154 573 valde
183 517 328 571 enim
363 512 598 571 eundem
626 529 855 590 puerum
884 503 1134 568 amabat,
1170 523 1295 559 cum
1326 500 1609 579 lachrymis

0 603 120 673 ejus
148 595 570 653 incommodum
604 593 882 653 lamentari
900 589 1095 667 coepir,
1126 581 1414 661 statimque
1435 605 1608 641 unum

0 675 154 737 esuis
187 679 430 759 equitem
456 677 597 736 misit
623 720 639 745 ‚
683 678 778 757 qui
807 672 872 731 ad
906 674 1085 731 virum
1114 668 1223 725 Dei
1241 666 1609 723 Baodolinum

0 779 273 843 curreret,
311 783 549 839 eumque
568 776 771 840 peteret
799 798 815 824 ,
858 773 918 812 ut
935 774 1037 832 pro
1055 753 1162 808 vita
1191 746 1426 824 ejusdem
1455 752 1605 824 pueri

1 842 282 903 Christum
300 842 634 924 supplicaret.
676 842 792 917 Q
811 859 936 896 cum
955 836 1020 895 ad
1037 832 1248 891 servum
1280 832 1389 887 Dei
1411 850 1607 908 perge-

0 947 78 987 ret
90 970 108 997 ‚
129 949 265 1009 puer
278 926 566 987 defunditis
584 922 657 981 est
679 946 692 979 :
713 926 798 980 cui
818 917 1020 978 Christi
1034 915 1269 974 famulus
1289 954 1306 982 ,
1325 911 1391 970 ad
1410 909 1459 968 se
1477 931 1604 989 per-

0 1015 278 1080 venienti,
307 1015 380 1069 ita
412 1011 580 1066 dixit:
624 1007 783 1073 Scio,
817 1024 985 1082 quam
1019 998 1097 1058 ob
1119 997 1326 1056 causam
1358 996 1604 1057 veneris;

0 1096 90 1157 sed
106 1094 240 1154 illud
257 1092 409 1173 quod
431 1090 792 1171 postulasjam
813 1085 930 1144 fieri
952 1104 1070 1141 non
1084 1078 1296 1161 potest,
1331 1081 1457 1157 quia
1473 1095 1606 1155 puer

0 1182 86 1239 ille
101 1173 393 1236 defuncffits
414 1174 506 1232 est.
551 1172 726 1243 Quod
746 1173 932 1228 cumis
953 1168 1046 1247 qui
1077 1159 1256 1221 missus
1272 1159 1446 1219 fuerat
1465 1200 1482 1226 ‚
1517 1179 1609 1213 re-

0 1265 101 1343 gi,
127 1256 328 1339 quoda
358 1257 511 1317 servo
541 1258 650 1312 Dei
670 1254 940 1316 audierat,
976 1244 1354 1308 renuntiasset,
1385 1263 1474 1298 rex
1494 1281 1509 1306 ‚
1539 1241 1606 1297 li-

0 1361 86 1404 cet
104 1343 373 1410 doluerit,
415 1340 568 1420 quod
602 1335 859 1394 efferitum
891 1331 1293 1411 supplicationis
1319 1324 1419 1381 suae
1440 1322 1610 1379 habe-
1685 1348 1691 1354 ·

0 1449 55 1485 re
93 1447 208 1483 non
245 1427 462 1503 potuit,
511 1441 692 1479 tamen
726 1422 854 1498 quia
888 1419 968 1474 vir
1002 1414 1236 1471 Domini
1270 1406 1608 1464 Baodolinus

0 1508 246 1591 spiritum
279 1506 570 1587 prophetiae
588 1502 838 1560 habuerit
862 1540 880 1565 ‚
914 1516 1094 1577 aperte
1117 1494 1401 1571 cognovit.
1457 1489 1608 1543 Huic

0 1613 226 1672 quoque
268 1610 385 1647 non
429 1584 689 1646 diffimilis
728 1579 870 1662 apud
919 1576 1290 1638 Veronensem
1336 1574 1609 1628 civitatem

0 1672 409 1754 Theudelapius
445 1672 671 1739 nomine
705 1661 844 1732 fuit,
894 1663 987 1742 qui
1019 1663 1157 1716 inter
1179 1654 1450 1720 miranda,
1486 1669 1610 1730 quae.

1 1757 246 1840 patrabat
263 1798 280 1825 ‚
298 1749 530 1835 praesago
550 1754 715 1808 etiam
732 1746 918 1827 spiritu
938 1785 956 1812 ,
976 1743 1147 1800 multa
1163 1757 1283 1818 quae
1302 1752 1455 1793 erant
1474 1753 1610 1795 ven-

0 1861 121 1901 tura
136 1883 156 1910 ,
183 1838 439 1920 praedixit.
481 1836 568 1892 Eo
588 1850 815 1913 quoque
831 1845 1080 1905 tempore
1108 1820 1296 1878 floruit
1317 1822 1425 1876 vita
1447 1816 1530 1872 vel
1549 1837 1609 1871 a-

2 1924 183 1982 &ibus
199 1917 503 1981 Ticinenfis
521 1911 766 1974 Ecclefiae
785 1906 1086 1990 Episcopus
1108 1911 1316 1964 Petrus,
1366 1903 1460 1979 qui
1480 1898 1607 1976 quia

2 2010 146 2088 regis
164 2025 276 2065 erat
296 2002 725 2081 consanguineus
746 2037 764 2064 ‚
797 1993 864 2053 ab
898 1991 1157 2049 Ariberto
1179 1984 1460 2065 quondam
1481 2000 1609 2059 rege

3 2091 148 2170 apud
163 2091 445 2167 Spoletum
468 2085 629 2140 exilio
644 2078 818 2137 fuerat
839 2072 1084 2133 retrusus.
1123 2072 1273 2128 Huic
1293 2067 1434 2124 beati
1464 2081 1610 2119 mar-

8 2173 143 2253 tyris
188 2170 369 2228 Sabini
396 2162 681 2223 Ecclesiam
716 2158 1118 2238 frequentanti,
1146 2152 1292 2210 idem
1326 2144 1614 2207 venerabi-

6 2256 73 2313 lis
112 2272 312 2333 martyr
344 2246 754 2330 praenuntiavit‚
790 2239 942 2320 quod
974 2234 1270 2316 Episcopus
1288 2229 1429 2311 apud
1458 2228 1615 2284 Tici-

7 2358 144 2395 num
163 2335 383 2395 futurus
402 2331 548 2390 effet.
593 2323 908 2407 onstea
926 2341 1052 2378 cum
1082 2317 1137 2375 id
1166 2311 1346 2374 fuiffet
1380 2310 1606 2371 factum,

7 2418 272 2480 basilicam
291 2418 469 2476 eidem
487 2413 648 2471 beato
671 2408 887 2484 martyri
906 2403 1106 2462 Sabino
1128 2441 1141 2461 ,
1167 2403 1225 2457 in
1238 2396 1351 2454 solo
1370 2393 1617 2475 propri0‚

9 2504 152 2583 apud
172 2501 397 2562 eandem
432 2499 709 2554 civitatem
736 2487 1050 2547 construxit.
1100 2483 1212 2541 Hic
1229 2480 1366 2536 inter
1383 2476 1616 2552 reliquas

9 2591 230 2666 optimae
248 2590 366 2643 vitae
389 2624 405 2650 ‚
439 2600 571 2659 quas
603 2572 823 2638 habuit,
863 2574 1085 2626 virtutes
1104 2607 1120 2634 ‚
1152 2568 1311 2622 etiam
1330 2559 1614 2639 virginita-

10 2672 80 2726 tis
109 2668 245 2727 flore
276 2667 562 2725 decoratus
590 2658 803 2715 enituit.
854 2653 1032 2727 Cujus
1065 2669 1167 2706 nos
1197 2640 1419 2722 aliquod
1449 2642 1613 2696 mira-

11 2741 194 2809 culum
213 2793 230 2820 ‚
265 2746 419 2830 quod
453 2740 736 2825 posteriori
758 2755 1006 2813 tempore
1023 2730 1235 2813 gestum
1259 2727 1335 2785 est
1356 2765 1371 2787 ‚
1408 2725 1466 2780 in
1484 2723 1611 2778 loco

10 2838 230 2912 proprio
266 2846 558 2912 ponemus·
607 2826 688 2879 At
721 2840 852 2881 vero
885 2812 1281 2895 Liutprandu3‚
1324 2803 1611 2888 postquam

13 2916 236 2995 triginta
268 2921 323 2971 &
359 2932 474 2969 uno
509 2926 654 2964 anno
686 2902 997 2983 septemque
1034 2893 1307 2955 menfibus
1345 2887 1614 2970 principa-

12 3013 134 3061 tum
151 2997 422 3063 obtinuit,
457 2997 569 3072 jam
587 3004 738 3050 aetate
759 3002 1002 3132 magurus
1021 3021 1038 3048 ‚
1067 2979 1228 3054 hujus
1259 2977 1379 3060 yitae
1400 2963 1611 3103 cursulm

894 3085 929 3124 n
945 3083 980 3123 n
1014 3081 1043 3119 z.
1432 3067 1533 3127 exp
1558 3065 1617 3104 e*
