1888 3428
263 148 372 209 128
604 151 986 207 PRocoPII
1043 140 1568 205 CAESAREE‘Nsis

186 227 191 229 ’
249 236 429 291 Laetus
447 228 640 288 auditis
659 232 876 286 Antalas
890 228 996 286 hoc
1015 250 1187 286 unum
1206 226 1478 306 respondit
1497 269 1515 296 ‚
1545 242 1739 307 magna
1756 248 1858 288 ηεξ-’-

249 316 405 394 gotia
423 334 515 392 per
534 330 744 392 coquos
774 312 983 368 tractari
1002 328 1117 368 non
1147 309 1327 368 solere.
1376 308 1681 368 Gontharis
1709 330 1858 367 acce..

249 414 350 474 pto
368 394 475 452 hoc
493 390 745 472 responso
763 431 780 458 ‚
798 391 1051 450 fidiffimo
1072 391 1290 450 suorum
1314 390 1617 457 satellitum,
1633 390 1857 450 Vlitheo

251 481 478 535 nomine
496 517 513 544 ‚
544 477 610 533 ad
638 476 897 554 Antalam
917 472 1069 532 misso
1088 516 1105 542 ,
1138 474 1486 540 adhortatur,
1533 493 1660 544 eum
1693 488 1860 552 quam

251 564 500 639 proxime
549 557 935 638 Carthaginem
970 557 1259 615 accederet.
1324 559 1404 614 Vt
1445 554 1796 613 Areobindus
1829 552 1861 612 ὲ

249 642 437 700 medio
459 641 766 710 tolleretur,
797 639 891 699 fibi
917 659 1097 697 curam
1128 637 1265 696 fore.
1299 637 1550 696 Vlitheus
1581 640 1715 696 clam
1731 636 1856 695 bar·
1884 700 1888 707 ,

252 723 414 782 batos
432 725 563 782 alios
580 764 597 790 ‚
625 723 775 803 pacta
791 744 913 780 cum
932 724 1131 780 Antala
1151 716 1370 779 conficit
1387 761 1406 788 ,
1443 738 1504 777 ut
1520 721 1743 776 Antalas
1758 723 1862 799 By*
1883 709 1888 782 ἶ

251 810 462 864 zacium
482 804 604 870 fibi,
640 823 955 886 partemque
982 808 1195 862 alteram
1216 805 1562 883 pecuniarum
1579 801 1861 859 Areobin-
1883 783 1888 868 ff

252 889 344 954 di,
382 888 677 967 militesque
703 890 987 945 Romanos
1007 886 1226 944 haberet
1244 886 1387 944 mille
1408 890 1462 942 &
1495 888 1859 966 quingentos}
1885 883 1888 957 ξ

254 970 558 1028 Gontharis
592 972 805 1050 regium
835 991 1039 1027 nomen
1059 968 1553 1049 Carthaginemque
1582 974 1636 1024 &
1664 967 1860 1025 Africae
1886 1000 1888 1023 ÷

254 1072 455 1114 caetera.
489 1055 571 1109 Re
593 1050 838 1108 confecta
860 1052 1014 1109 rediit
1032 1052 1094 1109 ad
1114 1052 1272 1108 castra
1292 1054 1671 1108 Romanorum
1691 1090 1710 1117 ‚
1741 1060 1888 1128 quae'}

252 1156 354 1215 pro
391 1134 665 1190 moenibus
695 1133 1039 1214 Carthaginis
1056 1131 1340 1211 posuerant
1360 1173 1377 1199 ,
1410 1128 1888 1208 distributisinteffs

250 1216 302 1275 se
322 1215 469 1273 urbis
498 1235 721 1293 quoque
745 1232 1021 1293 portarum
1041 1213 1316 1272 custodiis·
1344 1212 1561 1270 Barbari
1582 1232 1696 1270 non
1718 1213 1863 1269 mul-

252 1298 315 1355 to
336 1296 455 1376 post
475 1315 633 1376 capto
663 1295 852 1352 urbem
886 1294 1062 1355 versus
1099 1300 1291 1353 itinere
1312 1336 1330 1363 ‚
1364 1296 1429 1354 ad
1448 1297 1744 1352 Decimum
1774 1315 1864 1352 ca-

251 1379 371 1437 stris
392 1379 615 1446 vallatiS,
631 1377 885 1458 postridie
904 1382 1127 1458 propius
1143 1382 1303 1438 etiarn
1321 1376 1586 1436 acceffere.
1618 1377 1862 1456 Qdam

252 1464 643 1520 Romanorum
678 1462 777 1519 illis
807 1460 959 1519 obvii
991 1482 1184 1518 manus
1219 1459 1545 1519 miscuerunt
1566 1500 1583 1527 ‚
1619 1480 1734 1517 non
1753 1457 1877 1522 fine,

250 1545 580 1603 Maurorum
600 1545 759 1601 caede.
772 1548 1044 1603 revocavit
1060 1565 1154 1601 eos
1169 1544 1470 1602 Gontharis
1483 1545 1696 1600 crimini
1712 1542 1864 1609 danS,

251 1626 406 1707 quod
437 1624 743 1703 improvida
769 1625 982 1682 audacia
1011 1646 1125 1681 rem
1155 1628 1464 1682 Romanam
1492 1630 1548 1681 in
1566 1627 1862 1702 periculum

252 1706 532 1767 dedissent.
578 1711 723 1763 Inter
751 1705 861 1764 haec
892 1707 958 1764 ad
997 1705 1047 1762 C
1056 1710 1292 1764 utzinam
1331 1706 1469 1764 misit
1488 1705 1861 1774 Areobi'ndUS,

252 1794 389 1849 clam
411 1794 457 1847 ei
477 1788 802 1868 proditionis
819 1793 1032 1868 praemia
1049 1788 1343 1847 ostentans,
1374 1791 1443 1846 Et
1461 1782 1705 1868 promisit
1721 1783 1862 1846 Cut-

252 1876 400 1931 zinas
421 1913 435 1935 ‚
469 1869 562 1928 ubi
582 1870 646 1927 ad
667 1891 905 1950 pugnam
930 1890 1153 1938 ventum
1172 1868 1295 1928 esset
1315 1912 1332 1936 ‚
1377 1870 1424 1928 se
1458 1875 1513 1928 in
1532 1872 1787 1928 Antalam
1806 1872 1871 1930 δέ

253 1957 467 2034 Byzacii
498 1954 726 2009 Mauros
759 1973 905 2009 arma
937 1952 1224 2010 versurum.
1267 1959 1343 2011 Ita
1361 1957 1505 2010 enim
1528 1952 1603 2011 est
1631 1951 1866 2010 Mauro-²

249 2038 671 2115 rumingenium
692 2078 706 2099 ,
734 2055 833 2092 nec
862 2038 917 2092 in
941 2035 1072 2092 alios
1092 2057 1189 2092 nec
1225 2036 1364 2093 inter
1381 2034 1427 2092 se
1457 2033 1621 2093 fidem
1650 2036 1858 2092 colunt.

247 2121 384 2177 Haec
403 2116 677 2176 Gonthari
695 2115 1046 2174 Areobindus
1070 2121 1250 2176 retulit
1268 2159 1284 2183 ,
1326 2120 1408 2176 ille
1435 2139 1546 2175 rem
1567 2116 1860 2175 disturbare

252 2196 348 2258 a'ut
364 2202 623 2279 prolatare
641 2202 861 2277 cupiens
886 2240 903 2266 ‚
944 2197 1124 2258 suadet
1144 2199 1467 2258 Areobindo
1503 2221 1570 2276 ne
1608 2202 1858 2258 Cutzinae

253 2282 423 2341 fidem
440 2280 634 2337 habeat
654 2322 670 2346 ‚
704 2280 800 2338 nisi
820 2281 998 2338 liberis
1017 2289 1130 2358 ejus
1149 2282 1426 2341 obsidibus
1445 2285 1688 2361 acceptis,
1742 2284 1859 2340 Ne-

255 2386 364 2445 que
395 2385 462 2422 eo
493 2362 705 2443 segnius
729 2383 912 2420 arcana
946 2365 1329 2422 Areobindum
1351 2367 1860 2443 Cutzinamquein-

253 2451 338 2506 ter
355 2447 626 2524 colloquia
643 2444 708 2502 de
738 2444 933 2503 insidiis
966 2449 1021 2505 in
1048 2448 1303 2505 Antalam
1327 2448 1730 2504 commeabant.
1767 2450 1859 2517 At

255 2527 561 2586 Gontharis
593 2525 746 2584 mifl'o
778 2532 977 2585 iterum
1008 2530 1229 2588 Vlitheo
1265 2531 1468 2587 Antalae
1488 2534 1654 2609 aperit
1671 2549 1789 2607 quae
1807 2546 1861 2585 a-·

254 2611 546 2693 gebantur.
604 2613 827 2669 Antalas
864 2632 1039 2692 neque
1075 2612 1392 2682 tentandum
1433 2610 1526 2668 fibi
1564 2615 1861 2691 quicquam*

252 2711 443 2752 contra
462 2693 756 2751 Cutzinam
777 2734 795 2762 ,
836 2714 1014 2774 neque
1049 2697 1096 2752 ei
1132 2691 1472 2775 significanda
1495 2712 1613 2773 quae
1632 2707 1859 2772 compe-

253 2794 395 2835 rerat-
410 2794 551 2833 ratus
571 2815 589 2841 ‚
610 2773 957 2854 perseveravit
974 2798 1220 2855 promere
1241 2819 1257 2845 ‚
1291 2798 1409 2855 quae
1428 2775 1525 2833 fibi
1544 2792 1668 2833 curn
1688 2775 1858 2831 Gon-

254 2856 461 2915 tharide
493 2871 879 2915 convenerant.
902 2904 903 2907 ¹
923 2863 1000 2915 Ita
1030 2863 1171 2917 inter
1202 2857 1251 2916 se
1269 2856 1490 2937 suspecti
1522 2860 1873 2936 inimicique,..

253 2937 427 3001 fallaci
444 2939 695 3007 societate
708 2980 729 3016 ‚
771 2957 962 3028 contra
979 2945 1213 3015 amicum
1235 2940 1457 3024 quisque
1474 2939 1855 3080 suumgradiea

1679 3036 1854 3079 antuxe·
