1888 3428
177 144 576 205 {hs-roam:
615 144 1097 203 VANDALICAE
1133 142 1370 203 LmII.
1513 141 1628 209 ‘121

29 227 370 307 expostulans
393 226 545 305 quod
580 243 768 284 contra
784 222 1029 283 federum
1061 224 1227 284 fidem
1258 230 1315 283 in
1346 229 1637 301 Romanos

31 332 177 369 arma
192 307 446 369 inferrent
465 334 478 367 z
524 307 678 365 simul
696 310 813 387 paci
831 306 1105 366 firmandae
1116 313 1490 384 juramentum
1512 313 1641 370 reli-

30 390 382 473 giofiffimum
402 388 664 449 offerebat
679 430 696 455 ,
731 391 904 447 inulta
920 387 1040 447 fore
1059 411 1176 469 quae
1193 389 1452 447 ha&enus
1472 394 1640 452 admi-

29 478 214 537 serant.
232 473 373 530 irrisa
389 472 498 534 haec
516 472 753 532 barbaris
773 512 788 533 ,
809 471 1112 548 dicentibus
1129 470 1271 529 haud
1291 471 1454 530 dubie
1473 474 1637 532 Chri-

28 554 320 613 stianorum
341 556 552 612 oracula
563 563 868 633 juraturum
889 595 904 620 ‚
949 576 1069 635 quae
1084 554 1378 636 Euangelia
1394 576 1515 612 mos
1534 578 1638 612 vo-

29 642 131 698 cari
169 659 183 694 :
226 657 344 714 quae
363 635 469 716 ipsa
495 643 703 712 juratus
723 635 943 694 antehac
961 635 1126 695 fidem
1147 635 1240 694 fibi
1272 635 1641 696 habentesin-

28 717 326 782 terfeciffet.
369 721 523 777 Velle
542 722 708 798 igitur
738 715 789 774 se
814 739 869 776 re
893 721 947 775 in
968 718 1206 798 praelium
1225 718 1454 775 deduota
1473 724 1640 798 expe-‘-

30 805 153 870 riri,
173 823 336 881 quam
356 804 466 860 vim
486 823 545 858 ea
562 803 772 859 oracula
790 804 843 858 in
864 807 1109 881 perjuros
1122 800 1410 869 haberent,
1439 819 1500 858 ut
1519 801 1640 859 fiiis

33 883 272 942 viderent
289 882 338 941 se
368 879 513 964 posse
532 882 805 941 confidere
826 923 844 949 2
874 888 1216 963 *inte'grarent
1232 885 1406 963 pansta-
1449 886 1642 945 Relata

29 966 140 1028 haec
169 967 456 1024 Solomoni
488 964 709 1025 effecere
726 983 786 1023 ut
813 965 879 1025 de
901 969 1080 1046 praelio
1112 984 1322 1024 tantum
1355 971 1640 1045 cogitaret.

29 1048 286 1107 Postridie
301 1067 508 1128 partem
525 1048 802 1108 hostilium
819 1053 1095 1129 copiarum
1112 1050 1297 1127 praedae
1314 1049 1538 1107 divitem
1558 1051 1643 1107 in-

29 1130 212 1192 cidens
229 1171 244 1192 ,
281 1152 572 1212 pugnaque
590 1129 830 1209 superior
847 1172 865 1200 ‚
910 1133 1147 1210 ‘praed'am
1170 1152 1394 1189 omnem
1415 1128 1643 1190 asserva-

29 1215 140 1271 vit:
183 1217 428 1293 iratoque
451 1220 503 1271 &
529 1216 724 1273 minaci
747 1214 904 1271 militi
926 1217 1080 1292 quod
1109 1235 1223 1270 non
1248 1212 1368 1291 ipsis
1396 1235 1514 1270 eam
1544 1214 1643 1272 da-

30 1314 111 1353 ret
128 1335 146 1362 ,
165 1294 297 1356 dixit
316 1293 726 1373 exspeffltndum
745 1294 871 1353 belli
890 1293 1055 1353 finem
1077 1316 1091 1351 ε
1111 1312 1242 1352 tunc
1260 1294 1309 1351 se
1329 1296 1470 1353 bello
1489 1291 1642 1376 capta

31 1397 132 1456 pro
164 1380 367 1434 meritis
397 1381 536 1434 inter
571 1374 711 1455 ipsos
731 1373 1045 1438 divisurum.
1096 1377 1246 1434 Cum
1267 1380 1463 1437 iterum
1482 1381 1640 1436 omni

31 1462 271 1517 exercitu
290 1458 385 1516 suo
406 1457 614 1516 barbari
633 1459 814 1538 praelio
837 1456 1094 1527 adeffent‚
1110 1459 1494 1516 Romanorum
1515 1462 1644 1540 qui-

29 1539 155 1599 dam
186 1540 236 1607 fe
269 1539 567 1598 subduxere
589 1581 604 1602 ‚
638 1544 811 1599 caeteri
835 1544 1155 1619 neutiquam
1184 1540 1337 1598 solita
1376 1542 1643 1600 alacritate

29 1618 273 1702 pugnam
296 1643 500 1701 cepere.
543 1621 729 1682 Dubia
749 1623 1079 1700 aliquamdiu
1097 1620 1242 1680 haefit
1261 1620 1482 1679 fortuna
1502 1647 1515 1679 t
1536 1645 1645 1684 nu..

29 1725 183 1765 mero
205 1702 641 1784 praepollentibus
661 1704 869 1760 Mauris
887 1744 905 1771 ‚
941 1704 1098 1761 multi
1117 1701 1144 1758 ὲ
1164 1705 1433 1763 Romanis
1450 1703 1640 1785 fugam

29 1807 234 1866 cepere,
279 1786 510 1850 Solomo
533 1807 656 1842 cum
676 1789 740 1842 iis
775 1789 868 1864 qui
891 1789 1134 1865 proxime
1168 1783 1342 1865 ipsum
1360 1806 1546 1855 erant,
1587 1791 1639 1846 vi

29 1867 264 1931 hostium
294 1867 623 1948 aliquamdiu
643 1866 924 1926 sustentata
943 1909 960 1937 ‚
998 1889 1133 1925 mox
1155 1890 1213 1925 ea
1229 1868 1640 1950 superurgente‚

28 1948 216 2032 fugam
237 1957 290 2009 &
322 1949 414 2030 ipfi
435 1952 761 2016 celerarunt‚
793 1952 968 2007 donec
986 1951 1050 2008 ad
1085 1954 1183 2008 rivi
1205 1952 1418 2008 alveum
1449 1973 1639 2031 perve-

31 2054 156 2095 nere
176 2073 194 2101 ,
228 2032 323 2090 ubi
358 2054 502 2112 equo
547 2031 794 2111 prolapso
826 2033 1016 2091 cecidit
1047 2034 1309 2095 Solomo,
1344 2032 1637 2112 subitoque

32 2113 62 2177 ἃ
94 2113 398 2173 satellitibus
430 2114 735 2172 sublevatus
769 2119 933 2195 inque
968 2136 1172 2195 equum
1209 2116 1494 2195 impositus
1526 2115 1637 2174 est:

29 2195 118 2255 sed
135 2217 236 2278 prae
254 2197 444 2256 dolore
464 2195 626 2254 fraena
645 2201 815 2276 impar
834 2202 1059 2255 retinere
1084 2240 1102 2268 ,
1123 2197 1188 2254 ab
1207 2196 1450 2256 hostibus
1468 2204 1638 2256 inter-

31 2298 213 2358 ceptus,
247 2280 512 2341 occiditur
530 2285 583 2336 &
620 2301 744 2336 cum
765 2301 831 2336 eo
848 2283 1099 2360 equitum
1137 2301 1252 2338 non
1269 2282 1442 2359 pauci.
1489 2283 1636 2340 Eum

33 2362 245 2420 vivendi
272 2360 440 2419 finem
477 2360 708 2423 Solomo
731 2360 940 2419 habuit.
995 2361 1196 2421 Africae
1229 2367 1470 2443 regimen
1491 2362 1635 2440 juffu

30 2445 371 2524 Imperatoris
389 2447 605 2525 Sergius
621 2448 822 2524 accepit
841 2485 856 2507 ,
903 2446 1042 2503 ειτᾶε
1061 2448 1460 2525 propinquitate
1478 2450 1638 2503 inne-

30 2545 163 2587 xum
203 2528 527 2596 Solomoni,
560 2524 719 2589 fratre
748 2530 948 2608 quippe
967 2534 1080 2604 ejus
1105 2533 1385 2608 genitum,
1416 2549 1634 2585 memo-
1663 2580 1665 2582 .

29 2611 279 2670 ravimus·
320 2609 386 2672 ab
407 2630 473 2667 eo
494 2631 688 2691 magna
704 2610 854 2666 malis
872 2607 1067 2669 Africae
1086 2609 1254 2674 causa.
1313 2611 1636 2669 Gravaban-

30 2706 121 2753 tur
138 2695 250 2770 ejus
266 2694 553 2770 imperium
585 2690 819 2772 praefeffi
837 2733 854 2759 ‚
901 2694 1053 2773 quod
1070 2692 1383 2772 imprudens
1401 2699 1455 2751 δι’,
1482 2692 1635 2759 sensu

32 2790 147 2827 non
172 2774 350 2830 minus
367 2795 531 2854 qnam
552 2793 702 2834 aetate
720 2774 868 2833 rudis
896 2815 914 2840 ,
953 2775 1146 2857 infigni
1163 2773 1404 2854 superbia
1421 2774 1634 2857 agebat,

31 2853 194 2912 nullis
227 2854 292 2917 de
318 2854 480 2914 caulis
512 2855 806 2937 despiciens
841 2859 972 2915 alios
1017 2864 1073 2916 ὃ(
1116 2860 1462 2933 contumeliis
1494 2878 1633 2914 one-

31 2954 151 3002 rans
180 2977 197 3004 ‚
240 2935 544 3006 divitiarum
573 2940 944 3022 potentiaeque
976 2937 1173 3006 fiducia
1204 2961 1222 3004 ε,
1281 2943 1476 3005 milites
1516 2957 1634 3003 non

786 3022 848 3079 H
893 3043 921 3098 5
1449 3021 1636 3082 minus
