1888 3428
198 168 644 228 'CoT-r'HIcAE
691 165 1103 223 H1srron1ffi
1156 161 1439 218 L1132111.
1484 158 1638 232 '3653

28 244 134 311 bus
169 251 328 333 gestis
364 268 591 329 apparet.>
634 246 835 306 diffidia
857 248 1054 324 quippe
1075 236 1382 300 ani-morum
1413 247 1467 298 in
1486 237 1640 296 faustis

0 398 2 402 ,
31 338 293 393 eminent.
338 337 447 407 jam
469 333 642 388 multo
674 349 921 406 tempore
953 349 1020 383 ne
1057 327 1395 383 conveniunt
1416 321 1641 401 quidem

31 421 171 476 inter
188 415 255 481 se,
276 413 574 472 retrahente
595 432 865 488 utrunque
884 403 1178 487 suspicione
1200 423 1389 464 mutua
1407 445 1423 472 ,
1441 407 1524 460 cui
1543 424 1642 458 co-

32 503 191 556 mites
208 494 306 553 effe
325 495 498 553 solent
518 495 716 551 invidia
735 513 893 571 atque
910 493 1117 549 odium.
1174 490 1306 546 Haec
1339 504 1519 543 autem
1547 483 1645 540 ubi

29 583 418 645 interveniunt,
436 576 565 634 nihil
581 576 730 655 quod
749 592 973 652 oportet
989 571 1104 629 fieri
1125 569 1323 652 potest.
1377 569 1508 624 Haec
1528 566 1646 620 elo-

32 680 190 720 cutus
204 663 436 724 TotilaS,
453 658 718 716 Perufiam
737 654 910 712 versus
927 655 1096 713 ducit.
1139 659 1317 729 Prope
1337 668 1398 706 ut
1418 664 1644 706 ventum.

32 742 106 802 est
123 785 139 810 ,
159 741 254 800 sub
270 744 473 799 moenia
490 738 672 818 pofitis
692 736 867 794 castris
884 738 1186 794 intenditur
1206 732 1495 811 obfidiur'n.
1539 732 1646 805 Ag·-

30 847 139 905 que
159 847 218 881 ea
236 823 366 880 dum
389 823 487 880 illis
506 838 767 900 geruntur
784 825 837 876 in
858 822 991 877 locis
1013 852 1028 885 ,
1057 820 1320 882 Iohanni,
1358 813 1645 895 postquam

32 904 399 965 Acherontida
416 903 712 961 obfidendo
731 902 859 960 nihil
878 902 1242 980 promovebat
1265 942 1281 967 ,
1320 897 1486 954 audax
1509 897 1647 950 inci-

34 990 115 1047 dit
131 990 390 1067 cogitatio
405 1027 420 1052 ,
451 1006 569 1065 quae
584 988 844 1043 Romano
862 988 1077 1042 Senatui
1095 981 1312 1040 salutem
1334 1024 1347 1046 ‚
1382 976 1476 1058 ipfi
1505 973 1648 1054 apud

36 1071 290 1129 mortales
322 1089 514 1125 omnes
543 1066 742 1125 famam
776 1071 1053 1147 ingentem
1077 1067 1301 1144 peperit.
1344 1059 1490 1119 Nam
1508 1061 1646 1116 dum

31 1155 227 1211 Romae
263 1155 461 1207 moenia
481 1153 784 1230 oppugnari
818 1148 846 1205 a
877 1151 1064 1206 Totila
1094 1138 1426 1224 Gottliisque
1445 1143 1645 1200 intelli==²

31 1238 133 1315 git,
147 1233 434 1290 cumleffis
451 1238 698 1311 equitum
722 1235 904 1308 primis
925 1273 940 1297 ,
973 1229 1254 1288 consilium
1277 1229 1460 1286 caelans
1479 1264 1493 1291 ,
1524 1244 1644 1279 non

32 1318 120 1375 die
141 1336 254 1372 non
275 1315 437 1372 ηοᾶε
462 1312 753 1371 intermiflb
771 1317 959 1371 itinere
994 1314 1305 1391 Campaniae
1339 1311 1457 1366 loca
1483 1307 1639 1384 petit,

32 1396 130 1456 ubi
145 1400 427 1456 Senatores
449 1414 600 1454 erant
617 1396 644 1454 ὲ
661 1399 847 1454 Totila
862 1394 1087 1475 depositi
1106 1436 1124 1462 ‚
1159 1412 1220 1452 ut
1239 1409 1334 1451 eos
1356 1389 1642 1469 repentino

32 1482 354 1560 superventu
369 1479 632 1558 abriperet
648 1476 978 1558 servaretque
997 1522 1010 1544 ,
1033 1477 1175 1535 nuda
1193 1478 1392 1556 quippe
1412 1472 1438 1529 a
1460 1472 1646 1539 muni-³

30 1566 232 1622 mentis
253 1584 312 1619 ea
328 1567 563 1643 regione.
607 1562 956 1640 Congruerat
977 1563 1033 1618 in
1052 1560 1195 1623 idern
1215 1577 1426 1635 tempus
1444 1573 1503 1612 ut
1517 1553 1647 1607 To*

33 1647 153 1703 tilas
172 1662 416 1702 metuens
434 1642 585 1724 quod
603 1643 879 1722 agebatur,
904 1664 971 1700 ne
1005 1645 1124 1720 quis
1141 1639 1379 1697 hostium
1400 1638 1644 1714 captivos

33 1729 237 1806 eripere
268 1728 561 1792 niteretur,
594 1728 897 1803 equitatum
926 1729 982 1781 in
1006 1725 1363 1802 Campaniam
1384 1722 1643 1777 mitteret*

37 1814 132 1887 qui
151 1810 458 1865 Minturnas
477 1805 570 1863 ubi
588 1827 777 1863 venere
792 1846 808 1873 ‚
845 1810 1120 1886 optimum
1158 1802 1302 1862 ἷειὲὶι]
1315 1803 1648 1880 judicarunt,

39 1909 104 1948 ut
118 1890 192 1956 ibi
208 1891 444 1969 plerique
461 1886 798 1946 subfisterent
817 1889 1061 1947 curandis
1078 1891 1232 1967 equis
1253 1907 1420 1965 jquos
1438 1882 1646 1940 itineris
1698 1885 1700 1888 ’

38 1975 362 2052 perpetuitas
381 1970 666 2037 lassaverat,
686 1975 962 2030 mitterent
980 1988 1160 2028 autem
1181 1970 1246 2028 de
1263 1969 1367 2026 suis
1387 1964 1648 2046 quadrin··⁵

39 2072 271 2135 gentOS,
299 2058 391 2133 qui
428 2056 676 2132 Capuam
709 2059 866 2133 eique
893 2052 1190 2111 circumsita
1224 2050 1643 2131 specularentun,

41 2135 182 2193 unde
212 2156 327 2193 tum
361 2135 653 2194 stadiorum
689 2154 1059 2194 trecentorum
1091 2136 1372 2192 intervallo
1387 2198 1390 2200 ,
1405 2132 1648 2188 aberants

38 2219 204 2275 Erant
222 2239 399 2276 autem
422 2220 799 2298 quadringenti
816 2222 885 2278 illi
899 2221 1100 2278 caeteris
1120 2222 1296 2275 minus
1313 2212 1449 2283 festi,
1468 2208 1649 2291 equis-³

39 2322 147 2379 que
164 2299 558 2357 robustioribus
574 2301 882 2358 utebantur.
927 2305 1062 2358 mire
1081 2298 1259 2358 evenit
1280 2341 1298 2367 ‚
1331 2317 1399 2355 ut
1421 2318 1536 2353 non
1557 2293 1645 2350 die

39 2398 249 2439 tanturn
267 2424 283 2449 ‚
309 2381 396 2440 sed
421 2390 473 2440 &
493 2384 594 2440 diei
614 2401 862 2462 tempore
898 2383 1092 2442 eodem
1113 2383 1363 2440 Iohannis
1380 2397 1568 2452 turmae
1588 2381 1647 2431 ὃς

39 2463 416 2546 quadringenti
429 2468 500 2525 illi
518 2464 791 2522 &barbaris
809 2506 826 2533 ,
845 2487 967 2523 cum
987 2464 1115 2524 nihil
1135 2467 1199 2523 de
1217 2467 1329 2521 aliis
1348 2466 1428 2521 alii
1451 2455 1647 2529 audiis-j-

37 2546 150 2605 sent
172 2588 188 2615 ,
221 2550 464 2605 venirent
499 2548 563 2605 ad
584 2548 853 2626 Capuam.
898 2548 1073 2605 statim
1094 2568 1153 2605 ut
1171 2553 1308 2605 inter
1327 2545 1374 2604 se
1397 2544 1487 2604 visi
1504 2542 1646 2605 sunta·
1688 2556 1693 2562 ‘

38 2627 288 2686 consertis
307 2629 564 2688 'manibus
582 2652 762 2710 pugna
776 2629 839 2688 fit
855 2634 1000 2688 acris.
1046 2633 1243 2689 virtute
1264 2633 1479 2711 egregia
1495 2629 1645 2685 vicee-

37 2730 94 2768 re
113 2711 348 2769 Romani
385 2736 398 2769 ε
436 2717 592 2771 multi
626 2713 976 2770 barbarorum
1007 2713 1183 2771 occisis
1213 2708 1646 2794 paucos‘fugiew

37 2794 313 2851 tescursus
345 2796 655 2852 Minturnas
686 2792 920 2852 abstulit.
963 2818 1105 2875 quos
1136 2816 1196 2854 ut
1212 2795 1500 2874 conspicati
1519 2793 1643 2850 sunt

41 2876 324 2952 populares
358 2875 614 2956 respersos
643 2876 896 2957 sanguine
916 2919 933 2945 ‚
971 2882 1163 2956 partim
1195 2885 1248 2936 &
1278 2880 1384 2935 tela
1399 2878 1645 2954 corpori«⁴⁴

44 2954 145 3018 bus
161 2955 413 3031 ferentes,
433 2980 609 3041 neque
631 2981 820 3022 vocem
850 2960 1070 3019 edentes
1093 2962 1252 3017 ullam
1273 3001 1288 3031 ‚
1310 2982 1484 3041 neque
1506 2948 1646 3014 aliud

30 3076 32 3079 ’
1072 3046 1124 3100 A
1145 3063 1171 3099 a
1533 3039 1663 3097 acftae
