1931 3428
115 236 128 243 N
333 169 669 233 LI'BER
748 154 1267 211 TERTIVS.
1522 148 1637 220 819

0 249 145 316 ”nulli
168 250 306 332 cap‘ti
327 290 344 316 ,
382 246 601 328 plurimi
621 242 784 299 etiam
808 254 901 316 per
919 228 1108 310 fugam
1128 228 1282 308 elapsi
1304 270 1318 296 ‚
1341 228 1430 285 vix
1449 225 1514 285 ad
1533 213 1639 306 pat-⁵

10 342 171 398 triam
205 347 564 393 revertuntur.
609 327 898 398 Tantaque
938 313 1012 370 ibi
1050 311 1245 391 strages
1278 309 1430 367 faci-a
1453 309 1528 367 est
1561 310 1629 368 de

10 424 345 480 Francorum
380 413 650 477 exercitu,
683 419 883 485 quanta
918 393 1184 474 nusquam
1209 393 1330 450 alibi
1351 412 1629 450 memora-=

9 524 116 564 tur.
159 497 482 559 Mirandum
501 492 620 552 sane
651 488 756 551 est,
794 503 886 542 cur
906 476 1182 538 Secundus
1206 516 1221 542 ‚
1258 476 1351 552 qui
1372 477 1546 551 aliqua
1561 475 1627 531 de

9 582 505 665 Langobardorum
526 574 684 657 gestis
706 563 901 646 scripsit
919 603 935 629 ‚
956 560 1092 617 hanc
1110 577 1316 615 tantam
1333 575 1526 612 eorum
1545 559 1627 611 vi--=

10 671 239 727 &oriam
257 664 590 745 praeterierit,
608 674 730 714 cum
746 651 855 707 haec
874 667 991 724 quae
1014 639 1365 721 praernisimus
1384 638 1449 694 de
1468 639 1630 694 Fran-

9 771 205 809 corum
239 748 464 806 interitu
486 785 502 811 ,
534 746 590 798 in
626 754 818 793 eorum
853 726 1072 786 historia
1107 721 1313 781 hisdem
1349 718 1471 800 ipsis
1490 719 1627 799 pene

12 833 191 894 verbis
211 847 419 889 exarata
436 828 700 905 legantur.

423 994 483 1059 C
587 1012 635 1056 A
735 1009 787 1050 P.
936 983 1006 1048 X
1029 982 1096 1047 X
1120 980 1188 1044 X
1215 976 1261 1039 Ι.

171 1175 273 1221 Rex
303 1156 514 1223 Authari
551 1156 604 1210 in
641 1151 917 1228 Bajoariam
941 1145 1200 1221 perrexit,
1246 1153 1303 1196 ut
1326 1135 1474 1212 suam

584 1234 806 1312 sponstzm
840 1231 1045 1290 videret.

13 1412 316 1545 FLavius
342 1426 470 1465 vero
490 1424 580 1461 rex
610 1398 841 1457 Authari
858 1396 1065 1475 legatos
1086 1385 1204 1470 post
1219 1387 1332 1445 haec
1350 1381 1416 1441 ad
1433 1383 1632 1455 Bajoa-

119 1498 251 1554 riam
271 1490 415 1550 mifit
437 1531 454 1557 ,
486 1489 580 1567 qui
614 1478 909 1548 Garibaldir
932 1496 1125 1534 eorum
1153 1474 1325 1551 Regis
1342 1465 1509 1525 filiam
1537 1460 1637 1517 fibi

11 1583 72 1639 in
107 1576 524 1636 matrimonium
559 1583 817 1648 peterent.
870 1563 1037 1628 Quos
1076 1559 1161 1615 ille
1195 1553 1434 1630 benigne
1470 1544 1635 1604 susci·-

10 1666 169 1743 piens
186 1702 204 1729 ‚
241 1652 677 1715 Theudelindarn
706 1646 853 1704 suam
873 1642 1037 1701 filiam
1057 1636 1289 1697 Authari
1307 1633 1357 1691 se
1377 1632 1636 1691 daturum

11 1740 281 1827 promisit.
301 1740 420 1808 Qui
436 1736 599 1816 legati
619 1746 949 1790 revertentes
968 1745 1094 1799 cum
1114 1721 1223 1779 haec
1243 1713 1471 1775 Authari
1489 1730 1638 1768 nun-

13 1825 224 1887 tiassent
244 1866 261 1893 ‚
294 1823 379 1880 ille
398 1840 491 1900 per
510 1816 679 1875 semet
695 1810 868 1893 ipsum
888 1808 1034 1867 suam
1070 1801 1317 1884 sponsam
1337 1798 1519 1856 videre
1537 1813 1638 1850 cu-

12 1916 186 1990 piens,
203 1908 384 1987 paucis
402 1900 600 1964 secum,
617 1897 705 1956 sed
722 1894 980 1973 expeditis
999 1911 1063 1948 ex
1079 1880 1457 1965 Langobardis
1481 1875 1636 1935 adhi-

11 1994 161 2061 bitis,
181 2008 466 2068 unumque
485 1983 581 2041 fibi
600 1978 967 2040 fideiiffimum
987 2014 1004 2042 ,
1032 1979 1086 2031 &
1106 1967 1251 2051 quasi
1271 1965 1536 2023 seniorem
1557 1955 1640 2014 se-

15 2097 144 2134 cum
161 2074 387 2132 ducens,
404 2068 514 2126 fine
531 2087 684 2124 mora
700 2063 766 2120 ad
779 2060 1080 2137 Bajoariam
1099 2053 1352 2133 perrexit.
1375 2048 1492 2122 Qi
1510 2039 1638 2100 cum

7 2155 76 2217 *in
94 2153 387 2234 conspe&u
408 2147 687 2208 Garibaldi
704 2147 844 2224 regis
867 2185 882 2210 ‚
908 2148 1062 2218 juxta
1076 2155 1288 2195 morem
1310 2133 1644 2211 legatorum,

16 2238 321 2299 introdutffi
340 2231 582 2300 effent,&
598 2236 643 2287 is
676 2230 768 2309 qui
790 2247 913 2283 cum
935 2220 1162 2280 Authari
1181 2214 1328 2297 quasi
1345 2215 1522 2272 senior
1541 2230 1640 2265 ve·-

19 2342 174 2383 nerat
191 2363 208 2388 ‚
227 2316 346 2399 post
363 2315 740 2374 salutationem
762 2308 942 2375 verba,
964 2322 1025 2363 ut
1045 2304 1214 2362 moris
1234 2298 1307 2357 est
1326 2339 1340 2360 ‚
1362 2291 1636 2356 intulisset,

20 2405 274 2470 Ambarri,
292 2422 417 2458 cum
436 2398 462 2456 Ξι
478 2399 629 2456 nullo
647 2398 782 2453 illius
800 2393 978 2472 gentis
995 2382 1413 2467 cognosceretur
1433 2419 1445 2439 ‚
1468 2375 1531 2431 ad
1553 2394 1640 2430 re—

21 2511 151 2572 gem
171 2482 528 2545 Garibaldum
550 2479 910 2560 propinquius
928 2471 1186 2530 accedens
1200 2512 1214 2532 ,
1236 2468 1334 2523 ait:
1355 2464 1641 2518 Dominus

23 2591 180 2631 meus
197 2566 428 2626 Authari
444 2584 537 2622 rex
556 2605 572 2631 ‚
608 2582 694 2618 me
733 2561 945 2638 proprie
984 2553 1060 2612 ob
1078 2552 1186 2609 hoc
1201 2550 1397 2609 direxit
1417 2585 1430 2605 ‚
1465 2559 1526 2600 ut
1545 2560 1641 2598 ve-

23 2655 185 2714 stram
203 2650 369 2708 filiam
387 2646 549 2728 ipfius
567 2642 810 2724 sponsam
831 2681 847 2707 ‚
882 2659 1000 2719 quae
1023 2632 1202 2694 nostra
1221 2632 1443 2689 domina
1460 2623 1643 2683 futura

27 2737 104 2813 Jest
119 2779 136 2805 ‚
158 2733 385 2793 debeam
405 2728 710 2808 conspicere
729 2766 745 2788 ‚
785 2743 844 2781 ut
861 2724 1026 2802 qualis
1045 2724 1159 2794 ejus
1179 2714 1359 2774 forma
1378 2710 1437 2767 fit
1458 2750 1473 2775 ‚
1511 2727 1639 2766 meo

27 2820 233 2880 valeam
253 2816 484 2873 domino
505 2814 702 2868 certius
722 2811 990 2867 nuntiare.
1035 2802 1296 2878 Cumque
1316 2817 1404 2853 rex
1423 2793 1532 2850 haec
1549 2810 1644 2847 au-

29 2901 183 2960 diens
206 2898 373 2959 filiam
400 2898 581 2956 venire
596 2888 849 2970 jussisset,
890 2906 1120 2966 eamque
1150 2879 1381 2940 Authari
1403 2918 1419 2944 ‚
1452 2893 1511 2930 ut
1532 2888 1646 2927 erat

27 2981 153 3070 satia
177 2983 409 3067 eleganti
440 2976 653 3047 forma,
687 2977 850 3035 tacito
884 2989 1025 3112 ηὲιὲιι
1060 2965 1460 3042 contemplatus
1480 2949 1642 3017 effer,

442 3063 462 3067 “’
854 3057 895 3114 F
1020 3073 1049 3117 ς,
1498 3038 1659 3115 eique
