1888 3428
198 174 592 232 Hisroinffi
631 170 1095 238 VANoAmcAE
1134 169 1292 228 LIB.
1333 170 1378 227 I.
1535 186 1601 248 23

24 277 116 318 um
132 255 321 316 habuit
339 257 596 335 potentiae
612 246 978 311 successorem.
1020 251 1344 332 Regnarunt
1361 254 1418 309 in
1439 250 1610 309 Occi-

40 359 165 404 ,ente
182 346 236 397 &
255 341 337 398 alii
351 358 588 418 quorum
605 337 828 395 nomina
845 354 1043 414 gnarus
1058 355 1173 390 non
1194 354 1446 392 memoro
1455 375 1472 401 ‚
1485 338 1614 412 quia

45 443 105 481 ec
123 422 438 481 diuturnum
460 419 581 500 ipsis
596 439 694 476 nec
710 415 870 474 rebus
888 414 1049 497 gestis
1072 414 1278 496 insigne
1297 417 1611 497 imperium.

68 526 138 566 aec
155 509 211 563 in
246 504 545 562 Occidente
567 503 697 558 affra.
741 502 821 557 At
850 500 1092 578 Byzantii
1124 495 1397 556 Basiliscus
1414 538 1432 566 ‚
1464 518 1613 555 non·-

45 609 136 645 um
164 607 322 647 exuta
338 584 651 645 dominandi
689 581 982 660 cupiditate
1002 622 1020 651 ,
1057 578 1210 639 facile
1242 585 1358 639 voti
1377 600 1612 658 compos

29 673 176 729 aetus
192 670 266 729 est
283 711 299 737 ‚
313 710 316 713 ι
332 675 553 727 Zenone
568 707 586 735 ‚
620 686 748 723 cum
769 684 937 721 uxore
957 705 974 732 ‚
1008 667 1066 721 in
1084 662 1330 721 Isauriam
1351 662 1496 720 unde
1516 682 1613 720 ve·

45 771 154 810 erat
174 749 412 834 profugo
441 772 456 807 z
497 749 583 807 sed
602 753 740 806 intra
758 749 890 805 ouo
911 745 1032 827 post
1050 767 1253 805 annum
1277 744 1484 803 menses
1503 747 1615 801 im-

42 838 134 892 erii
152 875 170 903 ,
205 833 559 891 tum-urbanis
576 850 696 889 tum
722 829 986 907 militibus
1006 832 1336 909 praetorianis
1355 850 1419 885 ex
1441 829 1616 886 avari-

26 919 75 974 ia
97 914 301 975 invisus
315 914 414 974 esse
448 918 619 995 caepit.
680 914 933 972 Gnarum
968 914 1023 971 id
1051 914 1302 979 Zenoni,
1346 913 1441 991 qui
1467 909 1617 968 leisto

33 1002 306 1078 xercituin
326 1020 452 1057 eum
474 994 751 1078 profefius
773 995 847 1054 est
870 1020 885 1058 t
927 998 1014 1054 cui
1034 993 1305 1053 Basiliscus
1321 990 1500 1073 &ipse
1521 1013 1619 1050 ex·—

34 1080 229 1139 rcitum²
246 1082 551 1162 ducemque
569 1076 825 1160 opposuit
852 1083 1148 1138 Armatum
1183 1080 1432 1135 nomine.
1474 1079 1618 1132 Pro-

40 1167 218 1244 inquis
234 1163 440 1225 inter-'se
466 1163 642 1222 castris
659 1167 921 1221 Armatus
940 1165 1155 1228 Zenoni
1182 1158 1297 1219 suas
1327 1157 1488 1217 tradit
1515 1178 1618 1215 co·-

39 1249 111 1303 ias
129 1287 146 1315 ,
176 1247 273 1304 hac
291 1250 430 1328 lege,
449 1264 510 1305 ut
540 1244 808 1304 Basiliscus
830 1266 960 1326 puer
989 1243 1290 1303 admodum
1311 1243 1527 1300 Armati
1545 1237 1617 1296 fi-

24 1330 106 1385 ius
124 1349 271 1386 nunc
289 1329 464 1388 Caesar
482 1370 500 1398 ,
528 1332 585 1384 in
610 1327 883 1406 posterum
903 1331 1120 1385 Zenoni
1137 1322 1396 1384 successor
1412 1323 1620 1379 dicere-

31 1431 111 1467 ur.
142 1409 374 1473 desertus
392 1410 420 1469 a
436 1409 540 1469 suis
555 1407 828 1467 Basiliscus
850 1451 867 1477 ‚
901 1414 958 1467 in
976 1431 1139 1491 quam
1159 1409 1293 1465 olim
1311 1406 1503 1466 aedem‚
1523 1408 1622 1462 ite·

33 1513 125 1550 um
144 1489 413 1574 confugit.¹
455 1498 644 1572 Atque
662 1513 789 1549 eum
808 1491 976 1551 Vrbis
1007 1489 1224 1549 antistes
1251 1491 1484 1547 Aeacius
1515 1491 1624 1544 Ze·-

42 1577 136 1633 oni
152 1573 393 1655 dedidit,
409 1577 576 1632 multa
592 1578 650 1630 in
666 1576 1002 1651 impietatem
1021 1579 1136 1647 ejus
1154 1573 1425 1636 inveliuS,
1442 1585 1503 1624 ut
1522 1569 1621 1646 qui

61 1656 371 1715 hristiauum
404 1657 606 1734 dogma
625 1675 739 1710 non
760 1674 948 1730 parum
968 1646 1490 1712 novitate'turbaffet
1511 1689 1528 1717 ‚
1561 1653 1621 1705 in

51 1732 262 1819 utychis
291 1736 486 1796 seffam
512 1735 808 1795 defle&ens
823 1777 840 1803 ‚
881 1757 981 1793 nec
1014 1737 1072 1793 in
1106 1756 1174 1792 eo
1210 1733 1332 1793 falsa
1368 1730 1582 1792 dicebat
1602 1753 1618 1792 τ,

59 1838 249 1901 ecepto
279 1824 581 1900 principatu
614 1824 766 1876 Zeno
786 1860 803 1886 ,
834 1816 941 1876 fide
973 1821 1030 1876 in
1059 1821 1355 1877 Armatum
1388 1812 1623 1894 defungi

40 1907 193 1963 olens
206 1916 236 1972 ,'
252 1900 429 1980 filium
449 1907 563 1977 ejus
580 1899 882 1961 Basiliscum
901 1899 1166 1960 Caesarem
1189 1897 1314 1959 fecit
1330 1940 1348 1968 ,
1384 1895 1472 1955 sed
1492 1895 1623 1954 bre-

41 1989 130 2044 i&
152 1983 246 2066 ipsi
262 1985 402 2047 hancv
418 1984 738 2065 dignitatem
769 1985 972 2046 ademit
1003 1989 1058 2042 &
1090 1987 1386 2041 Armatum
1406 1976 1623 2058 insuper

45 2066 220 2127 ccidit.
262 2065 564 2129 Basiliscum
581 2085 765 2123 autem
793 2069 1023 2125 alterum
1044 2087 1172 2124 cum
1203 2064 1384 2122 liberis
1403 2069 1458 2121 &
1479 2058 1623 2119 uxo-

35 2154 136 2210 ein
155 2151 558 2231 Cappadociam
590 2146 733 2206 misit
748 2189 764 2211 ‚
783 2154 893 2208 vacri
910 2149 1105 2228 hyeme
1120 2189 1139 2216 ,
1155 2150 1424 2206 alimentis
1439 2186 1456 2213 ,
1475 2142 1624 2204 veste

7 2239 64 2293 &
83 2254 199 2314 quae
214 2238 307 2292 alia
326 2251 517 2293 natura
533 2231 789 2293 desiderat
808 2274 825 2300 ‚
856 2230 1120 2292 sublevari
1152 2249 1355 2289 vetanS.
1400 2247 1516 2308 quo
1538 2223 1623 2283 fa·-

7 2319 158 2375 &cum
190 2333 248 2374 ut
265 2315 467 2399 frigore
487 2311 721 2396 oppressi
750 2321 804 2372 δε
823 2312 966 2373 fame
983 2316 1122 2373 inter
1148 2311 1198 2372 se
1231 2326 1624 2379 concurrentes

8 2419 122 2458 cara
166 2420 231 2456 ue
266 2401 541 2480 complexi
574 2402 1088 2478 corpora-perirent.
1136 2397 1274 2454 Haec
1311 2390 1626 2453 Basiliscum

12 2502 109 2565 pro
124 2420 232 2540 suis
259 2481 412 2541 fastis
430 2502 580 2563 paena
607 2483 838 2560 excepit.
865 2481 955 2539 sed
974 2480 1085 2540 haec
1102 2477 1265 2538 serius
1283 2478 1429 2559 gesta
1448 2478 1506 2534 in
1525 2494 1627 2532 an·-

13 2563 260 2623 tecefl'um
288 2568 604 2624 memoravi.
642 2567 723 2620 At
758 2561 1080 2622 Gizerichus
1096 2604 1113 2632 a
1147 2580 1208 2621 ut
1239 2561 1415 2624 dicere
1447 2557 1622 2616 modo

17 2653 301 2726 cae'peram,
337 2651 530 2728 partim
547 2647 680 2706 dolo
700 2649 1085 2707 circumventis
1103 2686 1119 2713 ,
1156 2645 1423 2725 partimvi
1441 2641 1625 2716 ejeffls

17 2728 288 2801 hostibu8‚
321 2737 494 2813 'magis
512 2733 674 2788 etiam
695 2751 862 2811 quam
881 2748 1000 2789 ante
1027 2751 1110 2787 res
1139 2731 1421 2788 Romanas
1449 2741 1626 2803 rapta-

17 2810 111 2869 bat
128 2852 144 2879 ,
162 2811 334 2874 donec
353 2817 417 2884 ad
437 2815 589 2895 pac‘ta
609 2834 737 2871 cum
755 2833 823 2871 eo
841 2815 991 2871 venit
1008 2817 1161 2876 Zeno
1181 2852 1199 2879 ‚
1219 2807 1479 2886 fedusque
1500 2823 1626 2885 per-

17 2912 246 2978 petuum
265 2895 429 2956 sanxit
443 2939 459 2966 ‚
475 2918 542 2954 ne
562 2892 695 2977 quid
712 2917 957 2976 unquam
974 2893 1166 2954 hostile
1184 2892 1417 2953 Vandali
1437 2893 1491 2945 in
1511 2888 1630 2942 Ro-

19 2997 216 3040 manos
234 2998 514 3065 faeptarent
533 2978 954 3043 aut-aRornanis
973 2995 1304 3059 paterentur.
1328 2966 1630 3110 Stetisstrkzluic¹

856 3064 902 3119 B
948 3080 988 3139 4
1490 3070 1514 3108 e
1557 3067 1634 3110 eti
