1888 3428
236 148 626 208 H1s1-0R1AE
666 147 1144 224 VANDALJCAE
1183 146 1331 202 [ΑΒ.
1372 151 1457 206 ΙΙ.
1542 145 1661 229 J107

48 228 247 296 lisarius
269 229 657 310 Carthaginem
673 227 829 287 rediit
851 248 865 283 ε
887 225 982 285 ubi
1002 229 1050 284 ei
1067 248 1129 284 ex
1151 229 1329 285 Sicilia
1347 232 1495 288 venit
1515 253 1662 291 nun-

47 318 160 373 tius
180 356 196 382 ,
229 315 489 371 seditione
524 314 760 369 militum
796 332 856 368 ea
885 306 1061 367 insula‘
1075 313 1362 389 agentium
1385 318 1558 370 metui
1579 335 1661 373 res

48 418 241 465 nova3‚
260 400 312 452 ni
334 391 445 475 ipse.
460 398 749 474 repentino
769 393 1001 450 adventu
1019 392 1350 471 prohiberet.
1402 394 1662 453 ordinatis

48 480 235 555 igitur,
256 497 521 556 quantum
541 497 782 556 tempora
800 472 1068 542 ferebant,
1089 473 1286 533 Africa:
1308 473 1465 532 rebus
1485 519 1501 540 ,
1524 478 1664 533 Car-

47 558 264 640 thagine
303 583 430 616 vero
459 561 667 640 lldigeri
693 555 936 635 permiffa
965 580 1025 615 ac
1055 557 1363 614 Theodoro
1382 598 1401 624 ‚
1431 561 1663 618 Siciliam

47 641 191 699 abiit.
240 647 318 700 At
337 650 389 699 in
408 643 669 700 Numidia
690 643 1076 697 Romanorum
1100 638 1336 720 praefeeti
1355 682 1372 708 ‚
1396 641 1488 697 ubi
1508 643 1664 699 Stot-

44 745 165 795 zam
187 725 434 781 restituto
455 727 670 804 agmine
690 724 755 781 ad
772 722 821 780 se
843 726 1021 780 venire
1041 725 1356 802 intelligunt
1375 764 1391 789 ,
1413 724 1594 801 praelio
1613 725 1666 782 se

40 826 246 892 parant„
268 807 533 864 Pederatis
553 826 808 884 praeerant
831 808 1116 864 Marcellus
1133 813 1184 863 &
1210 807 1448 884 Cyrillus
1468 828 1481 861 :
1504 808 1665 886 equie

43 907 154 946 tem
175 890 434 946 Barbatus
454 890 673 970 regebat
757 889 989 968 peditem
1013 892 1310 946 Terentius
1330 895 1382 945 δέ
1403 890 1664 968 Rarapis:

45 967 130 1041 sed
158 993 227 1027 ira
263 992 320 1030 ut
354 971 706 1035 summumin
725 994 919 1029 omnes
936 971 1058 1030 effer
1088 972 1328 1029 Marcelli
1352 973 1666 1049 imperium,

44 1057 246 1133 quippe
280 1056 557 1115 Numidiae
592 1055 838 1113 curandae
873 1054 1140 1134 impositi.
1201 1061 1249 1111 Is
1283 1052 1573 1131 postquam
1607 1059 1664 1133 in

8 1147 15 1151 “
45 1136 398 1218 GazophyliS,
414 1143 543 1196 loco
560 1138 715 1196 bidui
732 1141 831 1194 iter
849 1136 1073 1196 distante
1089 1137 1117 1195 ὲ.
1135 1137 1514 1202 Constantina,
1540 1158 1667 1196 curn

40 1238 158 1281 non
181 1224 252 1277 ita
271 1224 454 1279 multis
470 1218 692 1278 suorum
711 1218 810 1276 effe
843 1223 1085 1276 Stotzam
1108 1223 1395 1299 comperit,
1416 1238 1668 1298 anteverss

42 1318 159 1357 tere
192 1324 318 1368 eum
355 1306 577 1380 cupiens
608 1300 916 1384 priusquam
946 1324 1171 1359 ornnem
1195 1303 1422 1358 militem
1443 1304 1669 1382 collige-

42 1387 338 1448 ret‚.citus
374 1387 430 1442 in
466 1406 592 1442 eum
615 1384 782 1441 ducit.
828 1381 1434 1463 postquam-‚propinqui
1457 1387 1596 1442 inter
1615 1381 1665 1441 se

41 1462 191 1524 fuere
209 1469 498 1535 exercitus,
514 1488 611 1524 nec
632 1466 773 1524 aliud
792 1487 955 1544 quam
973 1469 1223 1545 proelium
1243 1464 1668 1545 exspectabatur,
1695 1525 1697 1527 a

42 1548 341 1626 procedens
360 1551 544 1605 Stotza
577 1555 740 1627 partis
773 1547 996 1607 adversae
1032 1550 1228 1606 milites
1255 1547 1324 1604 sic
1356 1550 1664 1627 alloquitur.

39 1633 233 1710 Inique
265 1634 422 1709 agitis
440 1671 457 1697 ‚
493 1632 819 1687 commilites
837 1670 854 1695 ,
889 1634 1058 1708 quiin
1078 1632 1362 1708 populares
1377 1625 1668 1709 sociosque

42 1710 246 1770 vestros
282 1710 477 1769 infesto
496 1714 691 1769 venitis
710 1714 949 1768 exercitu
978 1752 994 1773 ,
1025 1733 1278 1791 armaque
1297 1713 1354 1767 in
1374 1732 1470 1775 eos
1489 1709 1678 1779 fertis,

41 1800 137 1873 qui
167 1791 348 1851 vestris
389 1791 611 1851 miseriis
660 1792 1189 1874 inclementibusque·
1211 1797 1266 1851 in
1287 1815 1388 1852 vos
1423 1796 1664 1873 imperiis

43 1880 311 1941 com-moti
343 1876 546 1936 bellum
576 1879 634 1934 in
673 1882 1063 1953 Imperatorem
1100 1875 1317 1956 ejusque
1349 1874 1544 1933 seftam
1582 1877 1665 1937 se.-

43 1978 271 2038 quentes
299 1957 602 2017 sumsimus.
633 1958 881 2030 ‚Adeone
897 1959 1094 2017 excidit
1109 2002 1126 2027 ‚
1151 1957 1430 2017 fraudatos
1450 1980 1548 2017 vos
1568 1959 1666 2018 de=

41 2039 165 2111 bitis
188 2041 460 2122 stipendiis
479 2087 514 2109 ,..
531 2060 781 2122 praeterea
801 2040 1038 2098 hostium
1060 2041 1241 2122 spoliis
1265 2087 1279 2107 ‚
1313 2064 1434 2121 quae
1469 2044 1663 2099 milita-

40 2125 188 2194 rium
220 2126 585 2202 periculorum
626 2128 843 2204 praemia
877 2123 974 2182 effe
1013 2129 1096 2183 lex
1131 2126 1253 2183 belli
1275 2130 1387 2185 vult
1413 2131 1434 2182 ?
1478 2130 1663 2205 Itaque

43 2207 130 2272 alii
163 2208 397 2275 victoria
429 2207 591 2265 bonis
611 2228 949 2285 peromnem
971 2211 1143 2279 vitam>
1168 2208 1232 2266 ad
1268 2209 1457 2264 luxum
1490 2207 1664 2276 abuti}

41 2286 513 2360 fibiffv-indicarunt.
551 2311 648 2347 vos
672 2310 788 2351 eos,
810 2307 867 2347 ut
891 2293 1012 2347 vilia
1033 2293 1302 2368 mancipia
1317 2331 1333 2355 ‚
1354 2288 1658 2368 sequimini,

45 2373 116 2440 Si,
132 2370 218 2428 ob*
239 2370 349 2441 haec
367 2372 501 2430 mihi
533 2370 840 2430 succensetis
862 2413 879 2437 ,
911 2373 1209 2439 licetvobis
1226 2375 1282 2428 in
1306 2371 1411 2437 hoc
1433 2394 1663 2452 corpore

30 2456 144 2524 *iras
160 2452 342 2512 satiare
361 2495 379 2521 ,
411 2477 590 2536 neque
627 2459 684 2512 in
704 2457 832 2511 alios
852 2458 1121 2533 piaculum
1142 2459 1496 2517 committere
1527 2479 1543 2520 3
1587 2454 1664 2512 fin

43 2536 198 2614 quod
214 2536 502 2596 irascamini
524 2538 657 2596 nihil
678 2534 751 2594 est
773 2579 789 2605 ,
812 2557 1003 2595 monet
1025 2557 1241 2619 tempus
1262 2536 1357 2616 ipsi
1380 2559 1476 2616 pro
1503 2537 1665 2595 vobis

41 2634 267 2681 utarma.
295 2623 526 2699 ssapiatis.
569 2619 880 2682 Pro-habant
898 2625 1097 2680 Stotzae
1119 2621 1281 2678 verba
1294 2622 1536 2692 Romani
1559 2622 1666 2677 mi·

39 2699 162 2765 lites
180 2742 194 2765 ‚
218 2705 497 2784 multoque
515 2701 704 2761 favore
724 2704 1082 2783 excipiebant.
1128 2707 1263 2783 Q)
1287 2721 1480 2761 notato
1503 2702 1664 2760 duces

40 2778 256 2845 silentiov
271 2785 319 2841 se
336 2783 1046 2867 subduxere,co>1]fugientes
1067 2787 1132 2844 ad
1151 2788 1203 2843 id
1225 2785 1375 2865 quod
1395 2790 1449 2843 in
1471 2785 1663 2842 Gazoae

44 2861 217 2941 phylis
255 2885 364 2923 erat
396 2873 680 2948 templum.
730 2868 832 2926 Sed
863 2871 1067 2944 juntffis
1099 2868 1421 2926 exercitibus
1460 2866 1663 2927 validus

52 2965 232 3029 eoque
255 2965 376 3011 trux
398 2955 581 3020 Stotza
602 2957 653 3010 in
675 2973 772 3010 eos
792 2954 1022 3032 it‚inque
1041 2953 1249 3031 templo
1271 2967 1671 3029 repert03,cum

1554 3026 1671 3099 fide
