1888 3428
269 415 390 482 bor,
411 415 524 475 non
546 419 866 476 admittente
887 440 1063 476 rerum
1088 418 1223 474 statu
1242 419 1407 474 seram
1424 421 1704 475 virtutem.
1738 422 1846 476 Prae

264 498 488 579 terlapso
507 503 748 559 utilitatis
764 502 988 558 articulo
1007 543 1022 567 ,
1044 500 1302 580 quicquid
1322 498 1385 557 fit
1405 541 1423 567 ,
1437 499 1817 578 intempestiva

266 579 549 640 fitueceffe
569 584 664 640 est.
710 587 895 653 Quare
930 582 996 640 sic
1028 582 1216 641 censeo
1238 623 1253 644 ‚
1287 582 1641 661 arripiendam
1680 582 1843 640 nobis

273 662 405 721 dum
428 662 616 733 sedat,
650 686 843 747 pugnae
862 670 1334 745 opportunitatem
1355 706 1370 727 ‚
1406 683 1466 727 ut
1487 665 1739 743 deinceps
1772 663 1847 722 bo

268 748 351 803 nis
371 752 486 822 ejus
506 745 611 805 frui
643 752 814 806 liceat.
854 752 1124 828 Praecipue
1161 748 1226 805 ad
1262 769 1376 809 rem
1412 744 1570 806 faciet
1603 750 1842 828 cogitare

265 848 431 906 quam
463 829 815 909 pernitiosum
847 829 908 887 fit
928 827 1072 911 fuga.
1115 834 1249 889 Non
1285 833 1430 888 enim
1465 832 1619 889 aliam
1654 830 1853 903 arbitro

265 909 343 966 ob
365 911 569 969 causam·
585 912 799 970 desertis
818 914 1099 971 ordinibus
1115 918 1170 971 in
1188 911 1374 992 fugam
1390 911 1440 971 se
1458 914 1587 971 dant
1605 913 1858 970 homines

262 1013 433 1072 quam
465 1014 524 1051 ut
547 997 749 1052 vivant.
793 999 872 1051 At
892 994 926 1051 fi
947 993 1073 1078 fuga
1104 994 1389 1055 manifesto
1425 1014 1659 1053 mortem
1681 993 1782 1053 fert
1801 994 1849 1052 se
1873 1023 1875 1025 ·

265 1095 430 1145 cum,
465 1081 637 1133 tutior
656 1081 754 1133 erit
772 1081 867 1156 qui
886 1081 938 1133 in
961 1079 1142 1157 praelio
1171 1078 1382 1157 perstat.
1426 1080 1570 1136 illam
1609 1099 1737 1137 vero
1774 1076 1870 1134 hol

263 1156 424 1215 stium
442 1158 850 1216 multitudinem
870 1160 1004 1237 quid
1039 1164 1093 1216 ni
1125 1158 1378 1238 spernatis
1398 1200 1414 1225 ‚
1449 1182 1512 1217 ex
1548 1179 1634 1217 tot
1666 1158 1888 1238 diversis

266 1241 549 1297 colleRam
569 1240 864 1319 gentibus?
887 1244 1142 1299 Fortuito
1178 1242 1476 1306 contracti,
1517 1243 1676 1299 turba
1711 1242 1888 1322 magis!

267 1343 432 1400 quam
452 1318 714 1380 exercitus
732 1367 744 1386 ,
782 1345 896 1381 non
932 1322 1095 1381 fidem
1131 1327 1271 1381 inter
1290 1323 1339 1381 se
1361 1365 1375 1387 ‚
1410 1327 1682 1392 nontvires
1702 1327 1756 1381 in
1774 1321 1888 1408 lio-fl

264 1402 399 1462 stem
418 1403 618 1462 habent
639 1446 653 1472 ,
676 1423 735 1462 ut
753 1408 965 1487 origine
986 1405 1198 1473 dissoni,
1218 1406 1284 1464 sic
1305 1412 1359 1464 &
1379 1405 1676 1464 affeffibuS.
1697 1409 1855 1463 ‘Hun

264 1491 392 1545 nine
414 1494 466 1544 &
487 1487 834 1568 Langobardi
854 1490 1118 1548 &Heruli
1139 1531 1157 1557 ,
1191 1488 1368 1548 nescio
1406 1508 1608 1568 quanta
1637 1488 1847 1547 merced

269 1569 563 1638 conducti,
601 1593 700 1649 pto
735 1572 1003 1629 Romanis
1036 1573 1270 1651 pericula
1288 1576 1344 1630 in
1372 1590 1607 1629 mortem
1629 1572 1875 1630 ducenti

265 1651 570 1721 amabunt?
611 1655 747 1711 Non
768 1658 882 1712 vilis
901 1656 1034 1712 adeo
1059 1658 1164 1712 vita
1179 1655 1277 1713 illis
1292 1697 1308 1724 ,
1325 1674 1386 1713 ut
1404 1662 1456 1712 &
1477 1659 1715 1735 pecuniae
1733 1652 1852 1734 post
1870 1660 1875 1676 ‘

260 1730 486 1791 feratur.
530 1738 617 1791 Sat
648 1733 788 1803 sci0‚
824 1740 879 1793 in
906 1735 1131 1815 speciem
1163 1736 1488 1818 pugnabunt
1523 1738 1866 1817 corporibus*

264 1815 427 1874 averfi
448 1819 630 1873 animo
651 1857 667 1881 ‚
705 1822 903 1897 quippe
923 1821 1189 1887 autillecti
1222 1822 1395 1899 pretio
1417 1858 1434 1883 ,
1465 1836 1556 1876 aut
1570 1823 1888 1899 regentiutffl

260 1901 493 1978 imperio
512 1902 567 1956 in
588 1899 641 1956 id
665 1898 884 1962 subacti.
927 1902 1102 1958 Etiam
1123 1923 1216 1980 per
1236 1900 1285 1959 se
1305 1901 1478 1959 dulcia
1496 1943 1513 1969 ,
1541 1903 1742 1960 nedum
1763 1880 1888 1988 quat}

255 1979 445 2059 'aspera
474 1980 624 2044 sunt,
664 1983 823 2039 taedio
843 1983 966 2040 sunt
987 1982 1302 2040 hominibus
1323 1982 1359 2039 fi
1383 2004 1496 2039 non
1532 2005 1595 2040 ex
1624 1981 1888 2052 sententia]

262 2063 472 2121 cadant.
514 2067 594 2121 At
617 2069 710 2142 qui
730 2084 821 2122 aut
839 2069 889 2124 vi
911 2086 999 2122 aut
1021 2065 1262 2123 mercede
1283 2083 1372 2122 aut
1403 2087 1511 2145 qua
1542 2067 1641 2123 alia
1658 2064 1878 2127 neceffif

259 2163 370 2203 tate
401 2148 693 2226 quicquam
727 2145 1013 2226 suscipiunt
1034 2189 1049 2209 ‚
1080 2147 1159 2204 his
1186 2146 1316 2205 nihil
1349 2169 1540 2205 eorum
1571 2169 1691 2228 quae
1710 2170 1853 2228 agun

263 2228 413 2285 cordi
435 2227 508 2285 est
531 2251 544 2284 ε
578 2224 851 2307 displicent
868 2251 1094 2309 quaeque
1111 2269 1127 2296 ,
1161 2250 1219 2287 ut
1237 2248 1468 2287 extorta.
1508 2233 1643 2290 Haec
1664 2252 1764 2288 nos
1782 2252 1848 2289 co
1873 2257 1876 2261 ⁴

263 2313 706 2389 girat-coponem
747 2316 1095 2390 maximoque
1127 2310 1307 2370 studio
1332 2316 1387 2370 in
1422 2310 1633 2393 hostem
1668 2314 1872 2387 vadere„

253 2395 347 2449 vix
362 2392 562 2450 dixerat
581 2394 794 2459 Totilas
812 2435 827 2461 ‚
867 2401 920 2452 &
949 2393 1123 2453 infesti
1144 2399 1282 2452 inter
1298 2394 1347 2452 se
1366 2391 1658 2474 processere
1676 2399 1849 2453 exerci
1868 2401 1883 2469 j<

265 2492 386 2541 tiis,
420 2476 509 2531 tali
532 2473 800 2552 dispositu.
846 2481 1090 2556 Vtraque
1112 2481 1245 2534 acies
1279 2481 1333 2534 in
1353 2477 1661 2558 oblongum
1698 2499 1887 2557 porre-·

262 2558 348 2613 δὶα
366 2554 590 2614 adversis
608 2554 882 2615 frontibus
904 2559 1159 2616 constitit.
1203 2564 1426 2617 Laevum
1446 2559 1664 2618 suorum
1683 2578 1886 2632 cornu‚[

262 2639 326 2696 ad
349 2641 511 2696 colles
529 2680 545 2705 ,
581 2641 769 2696 Narses
788 2639 892 2717 ipse
926 2650 978 2699 &
999 2642 1268 2699 Iohannes
1292 2642 1548 2700 tenebant
1566 2648 1618 2700 δέ
1636 2643 1878 2701 Romani

262 2723 526 2782 exercitus
560 2723 730 2799 prima
775 2724 984 2781 decora.
1030 2727 1174 2782 Nam
1207 2743 1395 2802 praetet
1433 2727 1626 2783 milites
1659 2725 1789 2781 alios
1818 2729 1878 2782 δε

246 2802 545 2861 ·huic&illi
568 2804 781 2861 aderant
818 2804 1139 2873 satellitum,
1178 2807 1550 2885 protectorum
1573 2848 1590 2874 ,
1628 2809 1876 2864 Hunno-

258 2905 491 2964 rumque
512 2884 699 2942 dilecta
733 2890 943 2944 virtutis
977 2892 1172 2945 merito
1203 2911 1415 2946 manus.
1456 2895 1516 2947 ln
1553 2889 1742 2947 dextro
1772 2908 1877 2967 pu-

174 2991 186 3000 ·
257 2970 475 3048 gnaturi
493 2987 642 3026 erant
657 2970 968 3029 Valerianus
988 2971 1319 3030 &Iohannes
1336 2970 1539 3054 Phagas
1557 3013 1575 3041 ,
1607 2992 1730 3029 cum
1755 2972 1874 3026 Da-

1648 3049 1880 3134 gisthaeo'
