1888 3428
45 152 47 155 ⁴
121 140 127 161 ‘
184 147 629 205 Go-rrmcffi
669 146 1079 203 Hrs‘rORIAE
1118 148 1411 204 L113.1V.
1496 166 1618 220 499

32 227 140 288 esta
158 230 435 305 irejubet,
471 230 666 286 collem
704 247 763 294 ut
800 245 1048 307 caperent
1080 227 1476 306 servarentque.
1519 229 1616 283 Fa-

28 313 94 370 ile
114 314 222 379 illi,
255 310 500 369 hostium
524 309 1081 376 obsistentenemine3
1116 329 1229 386 quo
1261 310 1456 365 vellent
1488 329 1615 366 cum

37 391 387 459 ervenilsent,
423 393 624 451 ibidem
649 396 1028 471 conquievere.
1072 389 1384 447 Praelabitur
1419 391 1616 447 collem

27 498 245 543 ortem,
269 482 421 553 juxta
439 498 554 533 eam
575 497 736 555 quam
757 475 863 531 dixi
881 472 1122 532 semitam
1142 514 1158 539 ‚
1196 494 1260 529 ex
1295 469 1512 527 adverso
1529 475 1616 528 lo-

27 562 116 617 iin
135 580 249 638 quo
269 558 430 616 castra
460 578 609 616 erant
644 556 1008 614 Gotthorum.
1055 553 1146 612 Ad
1182 576 1308 612 eum
1333 550 1397 610 ‘se
1418 552 1621 610 consti-

29 660 224 700 uerunt
243 642 734 721 quinquagintailli
757 681 772 706 ‚
803 636 1090 716 constipati
1120 642 1258 695 inter
1291 634 1374 702 se,
1408 633 1619 692 servatis

28 745 180 781 amen
201 765 217 790 ‚
241 743 505 804 quantum
528 721 776 803 angustia:
794 720 1065 786 sinebant,
1085 718 1391 778 ordinibus.
1433 717 1520 775 die
1540 718 1619 773 al-

28 827 149 874 era,
176 805 302 865 cum
321 807 471 886 quod
505 826 586 863 res
620 822 731 862 erat
764 801 1112 882 conspexisset
1153 802 1367 860 Totilas
1387 841 1404 868 ,
1435 799 1622 878 depel-

20 911 106 947 ere
126 911 222 947 eos
238 909 372 947 curae
391 888 489 946 suae
506 887 659 945 duxit
683 928 699 952 ‚
737 885 1022 966 statimque
1044 885 1183 943 misit
1204 904 1441 941 turmam
1461 885 1620 961 equi-

26 994 118 1030 um
158 975 250 1052 qui
295 968 638 1028 insessoribus
668 972 853 1027 locum
899 972 1306 1048 quamprimum
1339 969 1620 1044 eriperent.

67 1059 84 1113 i
111 1059 317 1136 equites
347 1055 559 1135 ingenti
578 1054 811 1109 clamore
831 1072 888 1109 ac
907 1053 1130 1131 strepitu
1162 1050 1311 1107 ibant
1343 1051 1490 1106 velut
1513 1049 1622 1125 pri-

58 1158 93 1194 ο
111 1141 320 1215 impetu
336 1137 533 1193 collem
552 1140 777 1215 capturi.
821 1141 897 1192 At
916 1136 1179 1201 Romani,
1197 1134 1369 1198 coasszi
1391 1136 1530 1188 inter
1550 1128 1622 1196 se,

21 1239 253 1297 cutaque
286 1222 426 1284 muri
463 1224 576 1276 vice
606 1217 970 1274 obtendentes
991 1258 1005 1283 ‚
1040 1215 1267 1273 stabant.
1306 1213 1618 1293 Pergebant

65 1302 209 1359 otthi
260 1304 442 1358 animo
478 1299 812 1358 disturbandi
843 1301 1082 1357 ordines,
1124 1305 1203 1356 At
1250 1297 1623 1378 quinquagin-

26 1407 56 1465 a
87 1386 187 1444 viri
221 1383 448 1460 objeetu
480 1381 757 1440 scutorum
788 1422 804 1443 ‚
854 1382 1018 1440 denso
1055 1401 1305 1462 praeterea
1335 1399 1496 1459 atque
1536 1379 1626 1433 in-

34 1464 234 1525 onfuso
269 1465 533 1524 hastarum
567 1462 773 1522 incussu
825 1463 1036 1522 strenue
1088 1462 1332 1523 adversus
1364 1459 1620 1519 insultum

27 1573 54 1607 e
92 1549 385 1608 tuebantur
419 1571 433 1604 ε
496 1548 560 1606 ad
592 1548 697 1605 hoc
731 1547 796 1605 de
831 1547 1087 1605 industria
1137 1543 1414 1605 scutorum
1460 1545 1622 1599 r‘notu

26 1654 274 1713 ragorem
298 1632 538 1690 >edebant
569 1671 587 1697 ‚
630 1650 690 1688 ut
723 1652 896 1709 equos
928 1651 994 1687 eo
1029 1672 1045 1698 ‚
1090 1651 1205 1686 non
1241 1632 1422 1686 minus
1457 1645 1623 1704 quam

42 1719 153 1773 iros
170 1712 434 1770 hastarum
469 1710 681 1790 spiculis
700 1753 717 1779 ‚
753 1732 1035 1769 terrerent.
1077 1717 1297 1788 Iamque
1317 1730 1461 1768 retro
1481 1704 1625 1763 fere-

44 1817 200 1856 antur
222 1798 350 1875 equi
366 1795 516 1876 quod
534 1796 781 1852 locorum
802 1792 1027 1853 offensas
1054 1799 1109 1852 &
1138 1792 1410 1851 insuetum
1430 1790 1625 1849 sonum

5 1902 123 1938 non
143 1877 378 1944 ferrent,
412 1899 590 1957 neque
621 1880 725 1935 ulla
756 1875 880 1935 esset
914 1878 979 1934 ad
1016 1876 1477 1955 perrumpendum
1515 1874 1622 1930 via.

4 1962 346 2021 fatiscebant
380 1968 435 2018 &
472 1963 604 2028 viri,
633 1981 758 2017 cum
792 1959 1111 2018 hominibus
1145 1956 1413 2017 commissi
1433 1998 1450 2025 ,
1484 1954 1620 2012 adeo

7 2043 281 2124 conseptis
301 2047 440 2100 inter
453 2041 503 2100 se
524 2043 762 2122 nihilque
784 2042 1100 2101 cedentibus
1120 2084 1135 2109 ,
1171 2039 1625 2120 &imperandum

6 2126 270 2184 habentes
288 2129 440 2205 equis
459 2147 574 2183 non
593 2124 1041 2206 obsequentibus.
1085 2126 1277 2199 dejecti
1294 2127 1458 2205 igitur
1476 2120 1503 2178 ὲ
1522 2122 1628 2199 pri-

10 2230 108 2267 mo
130 2214 338 2287 impetu
374 2205 556 2265 ceffim
583 2225 716 2266 eunt
736 2249 752 2276 ‚
783 2207 1183 2287 recolleffisque
1219 2210 1410 2264 animis
1447 2222 1626 2261 tenta-

0 2277 198 2368 {menta
216 2290 338 2347 cum
368 2286 629 2347 iterassent
649 2330 667 2358 ‚
694 2309 972 2368 coguntur
1000 2295 1195 2348 iterum
1228 2289 1292 2347 ad
1326 2304 1625 2367 receptum,

0 2374 160 2456 lquod
178 2395 302 2430 cum
325 2371 576 2450 &saepius
593 2370 838 2429 evenisset
857 2414 873 2440 ‚
904 2371 1163 2430 destitere.
1208 2371 1312 2429 Sed
1332 2372 1487 2428 aliam
1506 2387 1624 2426 tur-

0 2452 153 2530 }mam
187 2459 243 2513 in
279 2455 515 2513 eundem
545 2455 787 2513 laborem
815 2452 1088 2512 substituit
1120 2459 1371 2513 Totilas:
1411 2459 1465 2509 δε
1497 2450 1624 2507 huic

8 2552 136 2597 c'um
172 2559 252 2596 res
290 2537 526 2595 similiter
552 2535 843 2599 cecidisset,
879 2535 1052 2595 rursus
1087 2541 1263 2596 aliam.
1305 2537 1525 2592 mutatis
1559 2529 1626 2587 ad

7 2620 162 2700 hunc?
178 2620 408 2678 modum
425 2618 557 2699 saepe
574 2627 799 2688 turmis,
832 2618 1037 2700 semper
1054 2620 1163 2699 spei
1179 2623 1357 2678 irritus
1392 2617 1628 2679 Totila5‚

9 2703 350 2784 postremum
370 2701 552 2761 omisit
569 2724 748 2783 caepta.
792 2706 927 2760 Duo
946 2708 1003 2760 in
1021 2726 1088 2760 eo
1108 2700 1369 2761 confiifflm
1389 2701 1624 2756 maxime

13 2787 381 2844 excelluerunt
402 2828 418 2854 ‚
447 2789 642 2844 Paulus
661 2794 715 2845 &
730 2784 937 2843 Aufilas
952 2828 968 2852 ,
984 2790 1081 2865 qui
1098 2806 1247 2845 extra
1264 2785 1479 2841 ordines
1497 2801 1626 2859 pro-

13 2866 172 2950 greffi
192 2871 325 2926 clara
341 2872 552 2928 virtutis
569 2868 851 2948 specimina
868 2868 1076 2927 dedere.
1119 2871 1375 2947 Namque
1404 2863 1627 2922 eductos

19 2954 257 3036 acinaces
274 2950 427 3013 humi
445 2950 806 3033 deposuerunt
819 2995 834 3017 ‚
853 2955 1073 3011 interim
1090 2949 1249 3013 tenfis
1268 2947 1495 3006 arcubus
1515 2961 1629 3079 cestr·-

24 3056 36 3060 ’“
881 3036 938 3090 Ii
984 3054 1013 3092 2.
1519 3041 1558 3079 tl
1602 3043 1646 3079 1-
