1888 3428
230 103 350 162 608
614 93 1341 156 'IoRNANDES
1708 165 1712 167 Α
1865 0 1888 175 i

230 179 571 243 transfretare
596 201 612 237 τ
642 183 769 261 quia
788 175 1057 237 refistente
1072 178 1230 242 ulva,
1264 184 1320 234 δε
1352 171 1645 236 ventorum
1685 169 1849 258 spirae»
1877 177 1888 276 j

231 269 380 326 mine
401 263 727 344 quiescente,
745 259 1173 341 impermeabiles
1191 257 1289 316 effe
1309 260 1622 327 sentiantur,
1641 267 1693 319 ὅτ
1714 255 1847 319 nulli
1876 261 1888 326 i

181 391 187 398 -
232 351 445 429 cogniti
464 345 609 418 ‚nisi
640 343 737 403 soli
771 348 818 402 ei
847 348 947 422 qui
970 364 1065 399 eos
1096 341 1395 401 constituit.
1442 345 1685 400 Citerior
1715 342 1847 401 vero
1883 327 1888 354 ³

233 439 350 510 ejus
369 431 544 511 pelagi
578 431 722 508 ripa,
752 447 917 507 quarn
936 426 1170 484 diximus
1188 465 1206 493 ,
1242 428 1413 482 totius
1448 426 1641 482 mundi
1671 426 1849 487 ‘circu-2
1883 435 1888 493 ’ζ

231 517 425 574 lumin
458 511 687 570 modum
726 530 942 568 coronae
979 509 1260 572 ambienS,
1289 505 1425 564 fines
1465 508 1588 566 suos
1627 505 1850 565 curiosis
1884 557 1888 582 3

233 578 557 655 bominibus
576 636 593 662 ‚
629 600 683 651 δε
719 592 894 672 quide
923 591 1094 649 haere
1115 587 1339 648 scribere
1373 592 1665 648 voluerunt
1684 631 1702 658 ‚
1730 610 1850 669 pere

231 700 399 758 quam
418 680 690 742 innotuit,
733 677 861 754 quia
879 680 931 730 δι
952 693 1100 731 terrae
1121 674 1354 730 circulus
1387 672 1453 729 ab
1473 674 1666 730 incolis
1685 670 1851 751 poffi»

233 763 412 821 detur.
455 752 527 818 Et
563 759 835 816 nonnullae
863 755 1115 815 insulaein
1134 756 1332 813 eodem
1369 759 1501 812 mari
1531 754 1851 812 habitabiles

231 843 356 902 sunt
376 885 393 911 ,
425 862 486 901 ut
504 845 559 899 in
580 841 849 897 Orientali
870 843 1020 920 plaga
1037 880 1053 906 ‚
1077 838 1339 896 &Iudico
1360 859 1569 896 oceano
1586 879 1603 905 ‚
1624 841 1851 916 Hippo-

232 926 330 985 des
351 969 368 995 ‚
400 922 690 990 Iamnesia‚
724 920 831 979 sole
866 921 1116 1000 perustae‚
1159 924 1408 1000 quamvis
1444 918 1819 977 inhabitabiles
1832 956 1854 988 ,
1884 990 1888 992 ῃ

233 1025 420 1067 tamen
440 1008 673 1064 omnino
693 1004 768 1061 sui
788 1006 960 1082 spacio
981 1003 1037 1059 in
1057 1004 1290 1083 longum
1310 1004 1587 1082 latumque
1603 1000 1855 1061 extensae·

235 1090 571 1169 Taprobane
592 1106 817 1166 quoque
836 1125 853 1152 ‚
890 1086 944 1156 in
964 1106 1068 1162 qua
1086 1090 1324 1162 exceptis
1341 1088 1555 1165 oppidis
1576 1127 1593 1154 ‚
1629 1086 1714 1141 vel
1736 1082 1854 1162 poi:-

233 1171 552 1233 seffionibus
571 1211 587 1238 ‚
630 1169 817 1226 dicunt
837 1162 1216 1223 munitissimas
1238 1166 1398 1224 urbes
1420 1210 1435 1231 ,
1463 1168 1713 1225 decoram
1754 1164 1855 1225 Se·-

235 1257 428 1314 daliam
450 1295 466 1321 ‚
501 1254 734 1309 omnino
768 1246 1118 1331 gratissimam
1156 1247 1547 1306 Silestantinam
1569 1289 1583 1309 ,
1613 1271 1713 1307 nec
1733 1271 1852 1308 non

232 1335 502 1401 Etheron,
519 1338 641 1391 licet
661 1354 774 1391 non
794 1330 859 1388 ab
879 1333 1062 1410 aliquo
1082 1327 1340 1410 scriptore
1358 1331 1615 1390 dilucidas
1631 1370 1650 1398 ,
1669 1352 1852 1391 tamen
1875 1384 1883 1388 .

232 1420 340 1481 suis
360 1413 734 1499 poffefforibus
753 1412 954 1473 affatim
984 1410 1226 1473 refertas,
1265 1413 1524 1472 Habetin
1544 1433 1691 1495 parte
1713 1419 1859 1473 occis
1886 1459 1888 1462 .

234 1502 506 1562 duaidem
527 1503 782 1558 Oceanus
809 1494 1314 1577 aliquantasinsulas
1335 1539 1352 1567 ‚
1387 1505 1441 1555 ὃς
1463 1498 1601 1578 pene
1631 1499 1855 1557 cunctae
1886 1515 1888 1526 ²

235 1584 314 1645 ob
333 1583 694 1663 frequentiam
713 1585 961 1639 euntium
982 1586 1037 1638 &
1057 1579 1399 1639 redeuntium
1419 1601 1598 1639 notas.
1641 1582 1713 1638 Et
1733 1581 1855 1640 sunt
1882 1598 1888 1645 ξ

230 1673 388 1746 juxta
405 1664 602 1725 fretum
636 1665 973 1723 Gaditanum
998 1662 1141 1722 haud
1171 1667 1392 1744 procul,
1426 1685 1531 1722 una
1562 1667 1725 1721 Beata
1745 1705 1760 1731 ,
1796 1671 1854 1722 &
1886 1698 1888 1708 =

233 1750 339 1808 alia
374 1771 494 1828 quae
525 1749 720 1805 dicitur
752 1749 1082 1815 Fortunata,
1114 1749 1364 1828 quamvis
1396 1748 1644 1805 nonnulli
1681 1753 1736 1804 ὃς
1766 1748 1855 1804 illa

236 1836 458 1913 gemina
492 1829 732 1888 Galliciae
765 1837 818 1888 &
850 1829 1132 1888 Lusitaniae
1167 1832 1621 1908 promontoriain
1643 1830 1856 1888 Oceani
1884 1856 1888 1860 ⁴

230 1913 416 1973 insulis
441 1931 669 1992 ponant.
714 1916 775 1969 In
793 1933 1032 1992 quorum
1054 1933 1166 1969 uno
1193 1914 1458 1990 templum
1478 1913 1729 1970 Herculis
1746 1952 1763 1978 ,
1797 1916 1877 1971 inr

234 1998 341 2055 alio
365 2013 790 2053 monumentum
826 1994 996 2052 adhuc
1013 1990 1340 2074 conspicitur
1363 1997 1627 2074 SciponiS.
1668 2013 1855 2052 tamen

235 2082 368 2159 quia
387 2082 782 2135 extremitatem
803 2078 1042 2134 Galliciae
1059 2095 1208 2136 terrae
1234 2082 1519 2133 continent
1537 2119 1554 2145 ,
1573 2076 1638 2134 ad
1655 2094 1852 2136 terram

238 2183 498 2241 magnam
521 2161 753 2238 Europae
791 2162 1010 2236 potum,
1050 2158 1211 2238 quam
1251 2160 1315 2218 ad
1350 2161 1558 2217 Oceani
1581 2163 1855 2237 pertinent

233 2242 452 2302 insulas,
495 2242 682 2298 Habet
718 2261 898 2298 tamen
929 2248 983 2299 &
1019 2243 1142 2299 alias
1171 2241 1364 2300 insulas
1395 2244 1624 2300 interius
1662 2246 1719 2298 in
1751 2240 1849 2300 suo

238 2325 364 2384 aestu
381 2367 397 2392 ‚
416 2346 534 2404 quae
554 2326 808 2382 dicuntur
825 2324 1066 2381 Baleares
1088 2366 1103 2393 ,
1121 2321 1394 2405 habetque
1412 2332 1463 2382 ὃς
1483 2327 1636 2381 aliam
1658 2325 1853 2382 Meva-

239 2411 424 2466 niam:
461 2428 560 2464 nec
591 2428 703 2464 non
738 2404 1054 2483 &Orcadas
1089 2428 1321 2472 nurnero
1357 2427 1561 2465 xxxun,
1606 2411 1857 2485 quamvis*

240 2512 360 2548 non
379 2511 573 2546 omnes
600 2490 849 2546 excultas.
893 2488 1082 2544 Habet
1118 2495 1172 2546 &
1203 2493 1256 2546 in
1288 2491 1484 2547 ultimo
1519 2491 1683 2569 plagae
1701 2492 1852 2546 occi-
1884 2512 1888 2515 ’

240 2573 466 2629 dentalis
487 2573 642 2629 aliam
673 2567 893 2628 insulam
914 2574 1137 2629 nomine
1159 2570 1375 2651 Thylen
1394 2612 1411 2640 ,
1443 2571 1510 2629 de
1538 2593 1646 2652 qua
1682 2570 1855 2629 Man-⁷

240 2671 474 2711 tuanus:
526 2717 536 2725 ,

430 2761 539 2778 ----
580 2735 860 2811 tibisbrviat
876 2740 1056 2794 ultima
1073 2738 1228 2817 Thyle.
1607 2795 1615 2797 .

240 2814 430 2874 Habet
447 2838 672 2896 quoque
697 2812 803 2875 hoc
833 2818 1006 2897 ipsum
1043 2813 1367 2878 immensum
1387 2820 1608 2900 pelagus
1625 2821 1682 2879 in
1700 2835 1850 2900 parte
1882 2845 1888 2850 ’

243 2901 425 2960 arctoa
444 2941 464 2973 ‚
483 2899 538 2960 id
555 2899 630 2984 est
646 2940 666 2977 2
682 2899 1116 2983 septentrionali,
1133 2904 1366 2984 amplam
1383 2899 1606 2963 insulam
1625 2908 1854 2963 nomine

1702 2991 1888 3045 Scan-⁴
