1888 3428
268 191 348 251 '9²
577 167 966 232 PR'ocoPir
1011 166 1556 227 CAESAREENMS
1739 242 1741 244 Ι

266 262 330 320 lis
362 255 679 315 hominibus
707 253 802 334 ipsi
839 251 1144 312 serviamus.
1190 252 1371 318 Quare
1390 254 1445 307 in
1481 244 1701 328 praesens
1720 247 1865 310 exci-=

267 340 428 398 tanda
465 341 650 404 ‘virtus-
695 336 1070 417 quibus-enim
1106 353 1222 389 cara
1249 336 1448 389 omnia
1470 333 1829 411 periclitantur
1847 358 1872 396 ‚-

267 418 473 480 remiffe
487 441 642 501 agere
661 423 905 476 noxium.
949 418 1069 474 Nec
1083 413 1156 472 est
1187 414 1337 492 quod
1368 415 1454 471 illa
1473 435 1569 471 vos
1606 433 1867 473 armatura

269 520 478 563 terreat.
524 502 581 559 Id
599 500 769 581 ipsum
790 498 826 556 fi
845 499 1070 579 pedibus
1089 502 1144 553 in
1166 518 1267 552 nos
1289 501 1501 552 veniant
1526 537 1542 562 ‚
1561 500 1712 552 oneri
1731 501 1828 552 erit
1845 536 1864 564 ‚

267 607 367 644 nec
412 587 643 664 patietur
677 584 1000 639 Maurorum
1034 578 1098 636 ab
1142 576 1261 657 ipfis
1296 579 1621 635 celeritatem
1658 570 1888 656 aequariff

268 671 423 747 equis
458 665 493 722 fi
515 670 592 723 uti
610 667 795 722 malint
814 704 830 730 ,
861 684 956 721 eos
988 665 1044 719 in
1061 681 1322 739 pavorem
1349 659 1497 717 dabit
1535 662 1867 716 camelorum
1886 672 1888 733 j

268 749 506 808 insuetus
524 746 761 826 aspeotus
780 787 796 813 ,
815 744 1222 822 eorundemque
1241 742 1464 799 barritus
1483 762 1705 799 omnem
1724 742 1888 809 mili-i

267 849 438 889 tarem
456 829 649 887 sonum
670 826 983 905 exsuperans
1001 825 1241 884 turbabit
1262 844 1354 888 ‚ut
1374 823 1617 880 credibile
1640 823 1713 879 est
1729 865 1744 890 ‚
1764 811 1888 900 im-5l

268 916 427 990 peria.
473 915 525 967 Si
543 915 662 989 quis
678 911 743 967 de
763 910 1014 969 Vandalis
1031 911 1308 967 vitfftoriam
1331 927 1582 985 reputans
1602 947 1617 971 ‚
1635 903 1888 986 invictos}

268 993 447 1052 hostes
461 992 722 1050 existimat
737 1032 753 1059 ‚
771 990 1041 1048 multum&
1062 1010 1188 1047 vero
1208 990 1432 1046 aberrat.
1454 1007 1732 1045 momenta
1752 987 1883 1051 bel-2

269 1077 305 1134 li
338 1080 393 1133 in
412 1079 607 1133 virtute
625 1072 745 1130 sunt
777 1073 942 1130 ducis.
986 1075 1117 1128 Dux
1149 1090 1278 1128 tunc
1298 1068 1402 1127 fuit
1435 1069 1711 1127 Belisarius
1728 1111 1743 1135 ,
1780 1074 1888 1141 tot}-

268 1156 529 1236 prosperis
543 1153 688 1218 causa
704 1195 720 1221 ,
740 1176 904 1234 quem
924 1174 1068 1211 nunc
1089 1151 1272 1210 favens
1293 1153 1454 1209 nobis
1472 1157 1678 1210 amovit
1697 1151 1888 1227 Deus.{,

268 1240 423 1295 Tum
443 1244 494 1294 δέ
512 1235 721 1313 nosipsi
740 1277 755 1302 ,
776 1235 1143 1292 Vandalorum
1162 1238 1212 1290 vi
1233 1233 1360 1310 saepe
1381 1254 1469 1291 aut
1483 1232 1644 1290 fracta
1662 1252 1751 1290 aut
1767 1237 1885 1289 cir-i

269 1317 495 1377 cumcisa
511 1358 526 1383 ‚
545 1319 812 1374 Romanis
829 1337 923 1373 eos
941 1315 1186 1373 dedimus
1206 1318 1348 1372 vinci
1363 1313 1638 1372 faciliores,
1686 1317 1885 1386 Quare}

268 1406 325 1458 &
339 1399 440 1456 hos
456 1397 616 1457 nobis
632 1399 859 1456 ceffuros
881 1415 1019 1456 certa
1031 1395 1144 1475 spes
1163 1394 1258 1464 est,
1278 1396 1314 1453 si
1336 1397 1464 1476 quid
1488 1397 1643 1453 vobis
1661 1396 1735 1453 est
1755 1397 1884 1452 ani-5

268 1485 368 1540 mi.
384 1481 488 1539 His
507 1482 660 1539 dictis
675 1482 999 1540 Maurorum
1011 1479 1173 1536 duces
1191 1500 1387 1557 caepere
1407 1480 1657 1559 pugnarn.
1673 1483 1756 1536 Ac
1774 1478 1888 1535 ini-³2

267 1566 349 1620 tio
368 1585 562 1643 magna
580 1564 844 1620 Romanis
864 1562 1194 1641 perturbatio
1223 1559 1445 1619 incesfit.
1490 1566 1614 1641 equi
1635 1565 1888 1639 primumi

268 1647 600 1702 camelorum
620 1643 732 1702 visu
750 1645 1045 1723 audituque
1078 1646 1294 1699 attoniti
1315 1661 1558 1700 excutere
1593 1641 1753 1699 fraena
1775 1684 1789 1704 ‚
1809 1646 1886 1700 acl:

269 1727 492 1801 dejectis
511 1725 788 1805 equitibus
807 1723 973 1782 effuso
992 1725 1141 1783 cursu
1159 1723 1366 1804 fugere.
1385 1728 1533 1781 Tum
1555 1746 1683 1782 vero
1700 1726 1885 1782 Mau--s

267 1811 313 1866 ri
329 1806 671 1887 impreffione
690 1805 827 1865 facta
847 1848 863 1875 ,
878 1808 1079 1865 adaftis
1098 1829 1228 1887 quas
1245 1808 1493 1864 manibus
1509 1804 1753 1865 ferebant
1769 1806 1867 1863 ha·
1881 1838 1888 1885 j.

267 1888 387 1956 stis,
407 1906 620 1953 tantum
639 1892 1166 1947 terrorisintulerunt
1184 1933 1198 1953 ‚
1238 1910 1296 1946 ut
1318 1889 1490 1946 soluta
1521 1894 1628 1946 acie
1662 1889 1888 1964 inultus}

267 1972 423 2030 miles
440 1969 701 2029 feriretur.
747 1975 916 2039 Queis
936 1973 1153 2028 Salomo
1173 1970 1489 2050 conspecti&
1507 1970 1612 2049 ipse
1632 1972 1700 2028 ab
1719 1993 1864 2051 equo
1881 2010 1885 2048 3

265 2051 504 2110 desiliens
538 2053 681 2110 idem
703 2072 920 2110 caeteros
940 2052 1108 2111 facere
1130 2054 1325 2130 >jubet;
1364 2076 1420 2111 ac
1455 2054 1749 2132 postquam.
1768 2054 1888 2112 <le-i

267 2132 576 2193 scenderant
594 2177 611 2204 ,
629 2140 830 2193 caeteris
848 2140 1072 2215 imperat
1090 2180 1103 2200 ‚
1126 2154 1185 2191 ut
1201 2140 1369 2214 quieti
1392 2140 1657 2214 praetentis
1671 2135 1828 2192 scutis
1844 2134 1888 2205 ,ξ

265 2219 368 2274 tela
382 2220 677 2295 reciperent
693 2217 900 2275 hostilia
920 2259 935 2284 ,
954 2218 1084 2274 nihil
1100 2219 1385 2276 ordinibus
1402 2223 1716 2276 immutatis.
1752 2218 1864 2296 Ipse
1881 2218 1888 2312 l

263 2297 447 2356 autem
466 2302 660 2356 milites
679 2297 938 2357 affumens
955 2303 1286 2379 quingentos
1301 2341 1317 2367 ,
1345 2305 1401 2358 in'
1419 2318 1623 2379 partem
1649 2297 1777 2360 facti
1796 2299 1864 2356 ab
1881 2321 1888 2370 g.

267 2378 510 2437 hostibus
525 2380 672 2439 orbis
690 2381 956 2438 incumbit
976 2426 990 2445 ,
1012 2380 1307 2461 stantesque
1327 2383 1403 2439 ibi
1422 2384 1657 2440 camelos
1675 2382 1864 2462 gladiis
1881 2401 1886 2458 f

266 2461 332 2519 ad
363 2480 598 2520 mortem
630 2460 930 2537 fodijubet.
972 2463 1118 2522 Fufis
1135 2468 1230 2543 qui
1262 2482 1408 2521 extra
1436 2483 1584 2521 erant
1623 2464 1829 2520 Mauris
1843 2463 1888 2531 ‚l

220 2573 222 2575 >
266 2546 481 2601 camelis
515 2545 709 2603 deinde
742 2544 927 2602 occisis
961 2567 1128 2624 prope
1148 2546 1387 2603 ducentis
1401 2587 1417 2613 ‚
1445 2546 1509 2603 ad
1526 2542 1781 2602 interiora
1800 2528 1888 2623 fit}

266 2625 440 2683 aditus
456 2626 721 2683 Romanis
739 2667 756 2691 ,
791 2630 885 2706 qui
912 2632 1175 2686 continuo
1212 2629 1565 2685 meditullium
1597 2626 1826 2685 invasere
1846 2635 1888 2699 ,ξ

233 2706 363 2764 -ubi
390 2709 713 2767 Maurorum
745 2726 893 2765 erant
915 2713 1178 2768 mulieres.
1220 2711 1404 2767 Pavidi
1430 2710 1551 2767 inde
1581 2702 1888 2778 barbariin}

263 2807 514 2846 montem
534 2794 625 2868 qui
648 2793 942 2867 proximus,
961 2791 1009 2847 se
1026 2790 1226 2847 ferunt.
1243 2789 1454 2868 Sparsos
1469 2789 1599 2870 fuga
1619 2811 1676 2847 ac
1690 2790 1862 2869 segre-
1886 2858 1888 2860 q

267 2892 360 2950 ges
379 2870 595 2928 insecuti
617 2872 850 2928 Romani
872 2912 889 2937 ‚
920 2890 1056 2951 quot
1077 2869 1287 2950 pofliint
1301 2915 1315 2939 ,
1352 2871 1702 2929 interficiunt.
1744 2875 1888 2946 D4e-j

269 2972 384 3010 cem
402 2953 565 3016 millia
580 2954 906 3014 Maurorum
920 2975 990 3014 co
1008 2959 1294 3013 certamine
1311 2951 1614 3014 occubuiffe
1633 2954 1858 3011 tradun—
1880 2950 1888 3037 ᾗ

1734 3037 1888 3135 tura?

1879 3342 1888 3428 l
