1888 3428
473 168 1112 242 ΕῑζμοψῑῑΑ.
1409 199 1478 238 12

34 261 137 321 diae
156 256 391 341 politum
405 297 425 326 ,
457 277 571 337 quo
604 255 803 312 tractus
820 252 1042 333 quidam
1059 256 1243 313 Baltici
1271 264 1431 319 maris
1448 265 1527 320 al-

36 345 139 404 luit
156 383 193 410 ‚.
210 341 437 401 reddens
456 357 676 420 portum
694 335 990 416 optabilem
1009 377 1026 404 ,
1067 358 1184 418 quo
1203 359 1397 399 omnes
1413 347 1527 403 Da-

35 447 234 486 norum
256 467 271 494 ,
300 427 652 484 Norveorum
665 461 684 490 ,
723 424 966 500 itemque
987 420 1271 480 Slavorum
1290 445 1349 481 ac
1368 427 1527 483 Sem-

36 509 260 568 brorum
295 529 456 568 naves
476 508 665 585 aliique
701 501 923 582 Scythiae
951 506 1140 583 populi
1174 526 1274 586 pro
1312 507 1528 567 diversis

37 595 496 651 commerciorum
529 582 923 646 neceffitatibus
956 584 1246 645 solenniter
1263 593 1529 651 conveni-
1605 601 1607 604 ’

36 696 93 734 re
126 673 317 732 solent.
359 678 416 730 in
452 693 519 738 eo
550 682 680 751 ergo
721 686 886 748 portu
924 666 1189 729 confessor
1215 674 1450 731 Domini
1469 694 1530 731 e·-

34 755 233 837 greffus
251 798 269 825 ‚
292 754 498 814 insolita
527 753 764 832 populos
791 755 1050 832 appellare
1069 756 1219 832 caepit
1237 757 1528 836 legatione.

34 844 235 919 quippe
255 841 495 896 Sueones
513 842 567 895 δέ
586 834 790 893 Gotthi
809 854 1031 915 propter
1051 841 1189 895 varia
1210 855 1525 917 temporum

33 921 265 1001 pericula
283 927 337 978 &
355 940 542 999 regum
559 936 834 977 cruentam
866 914 1134 976 feritatem
1155 960 1170 986 ‚
1211 919 1527 980 Christianae

33 1004 308 1084 religionis
326 1007 543 1081 penitus
558 1001 715 1061 obliti
730 998 963 1059 fuerant.
1006 1001 1093 1058 sed
1111 998 1328 1061 favente
1355 1006 1528 1084 gratia

33 1086 194 1143 Deia
225 1084 408 1143 Γαηᾶο
445 1104 592 1164 patre
620 1087 775 1144 Vnni
809 1083 991 1142 denuo
1011 1084 1076 1142 ad
1091 1081 1254 1142 fidem
1287 1089 1528 1145 revocati

34 1166 174 1226 sunt.
217 1164 457 1250 perfeeto
478 1190 609 1249 ergo
626 1169 913 1248 legationis
927 1165 1027 1226 suae
1044 1168 1370 1238 ministeriO,
1400 1190 1528 1228 cum

32 1256 141 1326 jam
163 1251 329 1309 redire
343 1249 647 1330 disponeret
675 1248 1019 1328 Euangelista
1034 1251 1178 1315 Dei,
1208 1253 1530 1330 aegritudine

38 1349 319 1413 correptus
336 1333 475 1410 apud
490 1335 716 1411 Byrcam
748 1326 864 1388 fesfi
898 1333 1137 1409 corporis
1158 1330 1412 1390 sarcinam
1431 1333 1529 1391 de-

39 1413 242 1495 posuit.
284 1413 617 1471 obiitautem
636 1413 856 1492 peracto
886 1411 1019 1469 boni
1038 1415 1340 1471 certaminis
1375 1417 1531 1473 cursu

37 1518 181 1554 anno
227 1496 514 1554 dominicae
561 1497 942 1553 incarnationis
983 1495 1399 1574 nongentesimo
1432 1499 1531 1554 tri-

36 1577 234 1635 cesimo
256 1575 402 1633 sexto
435 1599 450 1633 ε
493 1582 578 1633 cui
594 1574 833 1634 successit
863 1579 919 1631 in
949 1575 1193 1634 cathedra
1215 1579 1533 1638 venerabilis

37 1657 429 1738 AdheldraguS.

31 1846 34 1847 ⁷
106 1823 206 1903 'Ille
224 1823 302 1881 vir
320 1818 638 1900 magnificus
666 1820 710 1860 ἦ
730 1826 785 1878 &
801 1839 1106 1900 praepotens
1124 1827 1180 1881 in
1199 1840 1524 1904 regn0‚cum

37 1903 385 1962 fortiffimum
417 1907 720 1963 Henricum
757 1904 1021 1962 Caesarem
1052 1906 1294 1965 videlicet
1309 1910 1527 1967 Conra-

38 1988 91 2045 di
109 1986 278 2045 filium
294 2028 310 2055 ‚
348 2008 580 2044 necnon
609 1993 662 2044 δε
679 1992 877 2065 Papam
896 1991 1141 2046 Leonem
1162 1988 1379 2048 haberet
1398 2013 1529 2071 pro-

38 2073 199 2149 pitios
228 2089 386 2150 atque
416 2069 800 2139 voluntatissuae
820 2091 913 2151 per
932 2075 1118 2129 omnia
1135 2071 1531 2132 consentaneos

37 2155 94 2209 in
118 2152 374 2210 omnibus
391 2154 637 2210 Borealib
647 2174 705 2210 us
724 2159 902 2232 regnis
921 2195 938 2223 ‚
957 2156 1147 2214 Daniae
1162 2154 1375 2225 scilicet,
1391 2159 1531 2215 Sue-

38 2234 133 2293 diae
150 2275 165 2300 ,
200 2238 519 2316 NorWegiae
538 2277 554 2304 ‚
572 2232 797 2294 functus
818 2236 892 2294 est
910 2238 1227 2296 a11&oritate
1243 2238 1532 2319 Archiepi·

39 2315 229 2397 scopali
248 2321 603 2398 &legationis
621 2318 949 2399 Apostolicae
971 2320 1287 2379 ministerio·

117 2487 456 2542 Vacaverunt
487 2482 566 2544 hae
601 2485 746 2543 sedes
769 2490 919 2544 annis
951 2488 1274 2567 octuaginta
1293 2505 1533 2568 quatuor

40 2562 205 2644 usque
223 2568 277 2622 in
293 2585 541 2647 tempora
555 2570 827 2628 HartWici
849 2570 1270 2650 Archiepiscopi.
1287 2573 1380 2649 qui
1400 2590 1533 2649 pro-

45 2663 162 2724 pter
195 2653 402 2730 generis
444 2651 790 2710 nobilitatem
834 2654 1034 2734 duplici
1076 2656 1381 2733 principatu
1423 2653 1533 2709 cla-

45 2747 135 2784 rus
151 2767 168 2795 ,
205 2751 405 2811 magno
424 2732 600 2791 studio
623 2733 794 2792 enisus
815 2734 889 2793 est
910 2758 1008 2816 pro
1029 2735 1403 2816 recuperandis
1419 2731 1535 2793 suf-

44 2805 301 2890 fraganeis
329 2815 588 2895 episcopis
620 2816 873 2878 universae
902 2821 1095 2876 Daniae
1130 2862 1148 2888 ,
1190 2820 1534 2899 NorWegiae‚

47 2892 282 2963 suediae,
316 2917 457 2977 quos
483 2900 977 2980 Hammeburgenfi
1009 2901 1233 2962 ecclefiae
1252 2901 1534 2982 quondam

44 2975 344 3052 pertinuisse
362 3001 759 3041 commemorat
778 2989 1083 3066 antiquitas.
1461 3059 1507 3115 E

22 3083 24 3085 -
1511 3076 1533 3117 t

1561 1845 1584 1866 ’Κ
1604 1839 1790 1878 „Adalber-

1560 1904 1626 1933 tm.
