1888 3428
239 201 352 239 202
554 180 954 235 PRocoP11
1010 176 1553 234 CAESAREENSIS

231 261 412 320 subito
433 279 766 338 emergentes
787 262 896 316 vim
918 276 1204 338 caeptavere
1224 298 1240 324 ‚
1277 278 1403 313 cum
1435 279 1535 315 nec
1554 256 1765 316 balistis
1784 263 1839 318 in

234 365 330 401 eos
350 348 428 401 uti
460 342 667 422 poffent
701 339 1005 399 defensores
1051 342 1293 419 (quippe
1318 360 1502 396 earum
1532 342 1701 414 jaetus
1725 362 1841 399 non

232 425 331 484 nisi
350 430 411 483 ex
432 425 714 483 intervallo
735 423 810 481 est
827 427 883 480 in
902 421 1182 494 adversos)
1228 442 1327 479 nec
1346 424 1464 479 telis
1484 443 1578 479 eos
1604 424 1842 501 depelle·
1882 488 1885 493 ⁸

231 530 288 566 re
317 511 443 567 velis
463 505 785 565 arcentibus·
826 508 970 563 Rem
1005 503 1216 562 strenue
1244 503 1560 584 gerentibus
1590 503 1845 573 Go‘tthiS,

231 606 358 647 cum
385 595 442 647 in
474 593 664 669 pinnas
682 607 944 667 perpetuo
959 590 1316 665 jacularentur
1334 628 1351 656 ‚
1379 593 1601 665 jamque
1622 592 1677 644 ἅ·
1697 608 1842 659 moe·
1886 596 1888 598 ’

229 673 394 730 nibus
432 671 585 731 scalas
613 672 972 740 admoverent
1006 711 1022 738 ,
1079 672 1295 726 interim
1337 674 1688 728 monumenti
1721 672 1842 728 illos

230 775 667 835 propugnatores
687 795 703 820 ‚
739 757 831 833 qui
851 752 975 810 ante
992 750 1231 834 ipsorum
1253 773 1484 833 quoquo
1503 756 1844 811 iveram—tter-

228 860 296 917 ga
315 860 378 895 ex
397 838 631 917 obliquo
662 838 994 914 impetebant
1014 876 1028 897 2
1073 855 1275 892 corona
1300 835 1705 915 propemodum
1725 838 1843 892 cin-

228 919 420 977 xissent
441 926 465 984 ,'
501 924 661 993 initio
693 918 1019 976 consternati
1036 920 1307 976 Romanis
1336 920 1503 975 animi
1534 916 1681 996 spem
1705 915 1841 975 salu-

227 1001 296 1059 tis
319 1005 404 1061 vix
435 1002 780 1061 videntibus:
824 1023 953 1058 mox
988 1005 1043 1057 in
1074 1020 1319 1058 mentem
1350 1004 1424 1058 eis
1444 1004 1591 1060 venit
1624 998 1841 1056 simula-

229 1083 350 1142 chra
368 1086 616 1164 pleraque
638 1086 843 1140 eximiae
872 1085 1260 1164 magnitudinis
1278 1081 1586 1164 diffringere
1609 1124 1625 1150 ,
1659 1099 1848 1160 rapta--
1886 1081 1888 1083 ’

228 1187 336 1246 que
366 1167 489 1224 inde
508 1168 624 1223 saxa
658 1170 899 1246 ingentia
930 1166 1179 1223 manibus
1201 1166 1344 1222 binis
1372 1170 1427 1222 in
1460 1169 1631 1243 capita
1656 1184 1839 1242 oppuf

225 1252 515 1327 gnantium
546 1251 763 1323 jaetare.
815 1248 870 1304 id
913 1246 1266 1304 Gottl'sorum
1299 1243 1552 1303 labefecit
1587 1248 1800 1310 animos
1818 1286 1838 1313 ‚

226 1350 464 1408 cumque
485 1334 741 1409 paulatim
762 1327 942 1387 ceffim
963 1333 1104 1387 irent
1126 1369 1142 1396 ,
1174 1326 1606 1390 confirmatiores
1626 1330 1841 1387 Roma-

224 1415 406 1487 nijam
427 1417 481 1469 δε
500 1414 793 1470 clamorem
809 1413 993 1469 tollere
1011 1454 1026 1479 ‚
1071 1418 1124 1469 δε
1151 1412 1550 1491 lapidumja&u
1567 1417 1620 1469 δέ
1636 1409 1841 1491 sagittis

225 1496 493 1554 vindicare
509 1492 581 1564 se,
600 1495 875 1575 postremo
896 1500 950 1551 δι
971 1493 1414 1553 machinamentis
1435 1496 1512 1552 ut'i
1531 1510 1837 1572 caeptante8‚

148 1606 153 1610 ·
224 1578 522 1656 pln'rimum
535 1581 753 1635 terroris
773 1579 1017 1634 intulere.
1059 1578 1195 1633 Non
1215 1579 1306 1634 diu
1327 1596 1589 1650 certatum
1608 1576 1695 1633 hic
1712 1572 1836 1633 fue—

225 1678 307 1716 rat
331 1699 345 1720 ‚
377 1680 502 1715 cnm
536 1658 678 1716 adest
710 1658 912 1727 ibidem
949 1659 1377 1720 Constantinus,
1420 1663 1515 1739 qui
1551 1656 1836 1716 tranfitnm

226 1738 468 1799 fluminis
495 1757 766 1798 tentantes
784 1738 937 1796 facile
961 1757 1315 1819 perterruerat
1339 1757 1722 1820 amoveratque
1742 1739 1840 1796 de-

227 1841 417 1902 ceptos
434 1822 521 1902 spe
555 1821 643 1880 sua
670 1822 820 1902 quod
848 1820 1230 1880 incustoditam
1249 1825 1390 1880 illam
1425 1839 1631 1903 partem
1651 1842 1835 1899 reper-

225 1915 381 1967 turos
400 1902 448 1962 se
468 1902 857 1962 existimassent.
904 1908 987 1961 Sic
1006 1904 1068 1962 ad
1087 1922 1301 1982 portam
1322 1907 1601 1961 Aureliam
1619 1906 1836 1982 pericu—

201 1989 341 2050 lum
377 1989 624 2044 vitatum.
670 1986 759 2043 Ad
792 1985 1222 2043 transtiberinam
1256 2008 1384 2044 vero
1404 2004 1618 2067 portam
1644 2027 1659 2053 ‚
1704 1983 1836 2043 cuia

224 2071 508 2127 Pancratio
538 2069 864 2127 vocabulum
883 2109 897 2135 ,
931 2069 1060 2126 nihil
1081 2069 1306 2149 dignum
1325 2070 1480 2149 quod
1501 2065 1844 2126 memoretur>

228 2150 296 2208 ab
313 2148 557 2208 hostibus
575 2149 780 2208 facff'tum
799 2148 872 2206 ob
891 2151 998 2208 loci
1014 2149 1344 2209 firmitatem.
1366 2151 1552 2210 Ardua
1572 2154 1717 2208 enim
1736 2148 1835 2218 ibi,

225 2253 327 2291 nec
345 2253 462 2310 quae
483 2233 613 2291 adiri
641 2232 689 2290 se
708 2235 975 2310 patiantur
996 2233 1141 2290 urbis
1161 2231 1282 2291 sunt
1314 2237 1514 2292 extima
1533 2273 1550 2300 ,
1592 2254 1834 2313 quorum

226 2313 351 2372 c'ura
368 2317 538 2372 Paulo
559 2322 613 2373 &
631 2314 844 2372 cohorti
863 2322 976 2393 ejus
1008 2315 1323 2375 obvenerat.
1365 2317 1683 2373 Flaminiam
1703 2335 1836 2394 por-

226 2414 341 2454 tam
362 2417 460 2454 nec
479 2396 705 2477 aggressi
723 2395 845 2454 sunt
872 2438 887 2459 ‚
921 2400 1119 2478 quippe
1139 2420 1257 2479 quae
1277 2405 1330 2455 &
1350 2397 1456 2478 ipsa
1473 2400 1599 2455 loco
1626 2395 1717 2454 sita
1736 2396 1835 2454 ab·
1855 2414 1868 2422 ’·

225 2497 389 2558 rupto
411 2497 550 2536 arcet
568 2480 772 2538 aditum
792 2500 806 2535 ε
851 2481 1070 2538 Cohors
1088 2480 1163 2539 ibi
1176 2479 1473 2560 praefidium
1490 2478 1724 2537 habebat
1742 2482 1830 2539 cui

225 2563 455 2620 militare
479 2561 806 2620 vocabulum
831 2583 1015 2642 rege3‚
1043 2562 1179 2621 duce
1204 2560 1468 2621 Vrficino.
1513 2563 1673 2619 Hanc
1692 2564 1834 2619 inter

224 2652 441 2723 portam
465 2648 845 2724 porttilamque
861 2649 1167 2703 Pincianam
1190 2686 1205 2707 ‚
1241 2662 1302 2717 nt
1321 2644 1583 2712 diximu3‚
1604 2646 1833 2724 appella-

225 2743 337 2783 tam
357 2767 385 2794 ,,
418 2746 536 2804 pars
572 2730 710 2786 muri
737 2732 849 2802 jam
869 2730 1001 2786 olim
1019 2726 1336 2796 discesserat,
1375 2749 1489 2785 non
1511 2724 1831 2806 quidembad
1870 2780 1873 2782 ,

223 2806 399 2869 solum
421 2807 586 2888 usqne
608 2851 625 2877 ‚
656 2808 743 2867 sed
762 2808 825 2865 ad
843 2810 1130 2868 dimidium
1154 2808 1409 2868 &summo
1431 2852 1448 2878 ,
1484 2830 1600 2867 non
1627 2826 1687 2866 ut
1706 2820 1861 2886 core-ss

224 2909 440 2958 rueret,
472 2909 561 2948 aut
581 2908 1052 2970 corrnmperetur,
1089 2892 1176 2950 sed
1205 2896 1278 2950 ita
1296 2897 1351 2950 in
1379 2890 1649 2950 diversum
1670 2909 1831 2948 nuta-

224 2991 345 3048 ret,
380 2990 440 3033 ut
458 2994 576 3055 pars
608 2990 756 3036 extra
787 2976 991 3060 reliqua
1027 2977 1281 3037 maenium
1300 3016 1316 3046 ‚
1348 2996 1468 3057 pars
1483 2979 1623 3034 intra
1641 2973 1831 3033 eadem.
1879 2982 1888 2997 ‘¹

1728 3049 1831 3115 effe
1867 3066 1872 3098 -’
