1888 3428
67 193 74 195 ·
130 188 219 228 Ao
255 156 596 226 Go'rrHos
639 170 1142 224 PERTINENTIS
1185 169 1418 221 [1211.
1506 164 1620 237 567

2 252 197 312 demtis
216 256 456 332 quinque
474 249 594 308 solis
614 290 631 316 ‚
664 247 861 327 quibus
893 244 1069 301 nescio
1105 267 1223 324 quae
1244 245 1466 303 fortuna
1482 241 1626 300 effu-

1 340 153 417 gium
179 335 340 402 dedit.
387 337 508 412 quis
527 353 638 388 non
662 329 835 387 videat
854 329 1146 405 impietatis
1163 329 1285 383 illos
1303 324 1494 384 dediffe
1516 346 1623 403 pae-

4 439 98 476 nas
115 460 131 485 ‚
154 423 209 474 &
225 421 336 473 vim
356 414 594 494 superam
615 433 804 469 eorum
824 406 1138 488 impendisse
1160 410 1423 487 capitibus
1440 448 1457 472 ‚
1494 405 1623 464 c'tim

3 518 185 559 tantus
204 499 287 555 ille
307 518 563 554 numerus
582 498 913 552 Francorum
935 533 953 560 ,
973 493 1431 555 Alemannorum‚
1453 494 1505 544 &
1527 491 1622 566 qui

3 604 67 640 ex
88 585 198 639 aliis
221 581 477 660 gentibus
495 580 708 636 aderant
728 616 746 642 ,
763 578 837 632 ita
856 572 1374 631 funditusinterierit
1388 569 1626 627 Narsetis
1663 615 1666 618 .

3 665 321 722 devexercitu
340 666 424 720 vix
440 663 723 741 oe'toginta
740 656 1062 724 deficientis,
1085 659 1176 733 qui
1198 660 1430 734 primum
1448 656 1625 729 impe-

4 765 123 804 tum
143 742 391 803 hostilem
414 760 743 820 exeeperant.
768 742 996 798 Virtutis
1011 740 1222 798 laudem
1242 743 1296 795 in
1315 737 1418 795 hoc
1440 736 1623 814 praelio

5 831 174 887 tulere
195 829 436 885 Romani
455 844 616 906 gente
638 843 775 902 quot
799 820 1017 879 fuerunt
1036 843 1205 901 prope
1225 816 1626 877 omneszsocio—

4 932 126 989 rum
145 913 436 990 Aligernus
459 907 706 964 Gotthus
741 911 764 977 (
787 927 909 962 nam
934 910 987 960 &
1008 904 1091 961 bic
1126 900 1494 984 pugnantibus
1525 899 1624 957 ad-

4 992 146 1066 fuit)
182 1001 236 1052 &
270 993 500 1048 aliorum
523 991 662 1046 nulla
680 991 850 1068 gloria
881 984 1103 1045 inferior
1121 987 1361 1044 Herulus
1381 983 1622 1041 Sindual.

4 1075 281 1134 Narsetem
315 1090 496 1131 autem
518 1093 710 1128 omnes
732 1077 784 1127 δε
806 1069 1146 1127 celebrabant
1171 1076 1225 1126 δε
1257 1067 1627 1130 mirabantur,

5 1178 67 1217 ut
94 1164 245 1234 cujus
276 1156 558 1235 prudentia
593 1173 807 1211 tantum
843 1154 1049 1210 decoris
1096 1170 1309 1229 partum
1349 1168 1476 1206 crat.
1518 1149 1627 1205 Vi·-

2 1242 173 1298 &oria
190 1241 462 1297 enimtam
481 1238 614 1293 clara
645 1255 806 1314 atque
839 1234 1048 1293 illustris
1080 1241 1133 1291 δέ
1155 1252 1240 1290 tot
1258 1233 1418 1289 rebus
1447 1229 1627 1288 excel-

3 1324 117 1391 lens
151 1321 293 1379 haud
328 1319 477 1377 facile
499 1358 514 1384 ‚
555 1319 713 1375 credo
736 1359 752 1385 ‚
801 1336 1045 1374 veterum
1081 1319 1333 1393 cuiquam
1373 1314 1626 1390 contigit.

5 1405 156 1485 quod
177 1403 211 1461 fi
231 1405 324 1482 qui
343 1403 476 1458 olim
509 1404 692 1480 populi
715 1419 892 1478 parem
912 1398 1114 1455 cladem
1133 1395 1330 1454 sensere
1349 1439 1364 1463 ,
1396 1397 1627 1472 reperias

7 1496 62 1546 &
98 1487 198 1544 hos
234 1506 325 1565 per
344 1483 433 1541 sua
452 1489 636 1562 inique
672 1480 809 1539 faeta
845 1480 1078 1538 eversOS.
1120 1481 1280 1536 Datis
1308 1482 1436 1535 olim
1469 1475 1627 1532 Darii

7 1574 149 1651 regis
191 1568 387 1646 satrapa
419 1588 542 1623 cum
573 1565 777 1622 Persico
810 1566 1043 1621 exercitu
1077 1562 1458 1620 Marathonem
1499 1556 1638 1614 cum⁴

7 1648 223 1710 veniffet
247 1693 262 1718 ‚
300 1646 498 1706 Africae
536 1651 666 1725 quin
704 1653 818 1703 imo
855 1653 908 1702 ἃ
946 1647 1167 1702 Graeciae
1210 1648 1365 1700 omni
1399 1643 1625 1698 exitium

5 1734 353 1798 moliebatur.
400 1728 571 1787 Causa
591 1729 714 1785 belli
752 1748 929 1806 neque
948 1725 1121 1782 saneta
1141 1722 1473 1804 nequejusta
1491 1737 1626 1787 erat,

3 1816 92 1874 sed
111 1816 262 1895 quod
293 1816 521 1870 Darium
560 1809 868 1883 Aliaxtanta
893 1830 1007 1865 non
1040 1828 1281 1885 caperet,
1314 1802 1626 1886 inquietum.

6 1901 207 1962 animi,
239 1896 332 1953 nifi
354 1903 407 1952 ὃς
433 1897 707 1972 Europam
732 1893 998 1967 adjiceret.
1045 1893 1193 1948 vieti
1215 1893 1380 1969 igitur
1410 1888 1628 1968 egregia

7 1981 270 2040 Miltiadis
297 1983 493 2036 virtute
524 1977 711 2032 Medi:
748 1994 1001 2052 tantaque
1017 1973 1369 2029 barbarorum
1406 1969 1623 2026 occidio

3 2061 147 2130 fuit,
181 2080 240 2118 ut
259 2064 493 2140 quiante
524 2059 763 2137 praeiium
793 2059 981 2113 Dianae
1022 2074 1282 2113 voverant
1319 2052 1630 2110 Athenien-

7 2142 84 2204 ses
102 2166 278 2223 capras
300 2163 445 2222 pares
480 2161 708 2197 numero
741 2139 984 2196 hostibus
1017 2150 1158 2216 quo's
1191 2134 1524 2195 interfeeturi
1546 2129 1627 2189 es-

8 2227 160 2295 sent,
192 2227 326 2283 adeo
361 2222 633 2279 faventem
666 2215 950 2278 habuerint
987 2224 1164 2277 Deam
1194 2224 1250 2276 in
1286 2237 1481 2275 venatu
1518 2215 1626 2272 hoc

11 2310 290 2370 bellico,ut
309 2308 531 2384 implere
550 2302 853 2383 promissam
871 2307 1045 2382 gratia:
1067 2306 1238 2358 vicem
1261 2321 1373 2357 non
1398 2296 1629 2379 possent,

10 2412 354 2471 nequaquam
376 2385 666 2446 sufficiente
686 2387 748 2442 ad
770 2387 823 2442 id
845 2387 1182 2441 viciimarum
1209 2387 1379 2462 copia.
1412 2387 1521 2456 jam
1539 2402 1630 2437 ve·-

11 2495 76 2533 ro
96 2477 324 2554 magnus
341 2472 428 2528 ille
446 2478 500 2529 &
522 2467 776 2526 mirificus
797 2473 997 2526 Xerxes
1020 2509 1034 2534 ,
1072 2489 1176 2545 qua
1209 2465 1356 2523 causa
1376 2466 1402 2521 a
1424 2465 1630 2521 Graecis

12 2555 282 2637 superatus
302 2555 375 2611 est
395 2595 411 2620 ‚
443 2552 536 2615 nisi
568 2551 718 2630 quod
739 2553 1145 2629 insolensatque
1181 2550 1448 2606 violentus
1472 2588 1487 2612 ‚
1523 2544 1631 2601 ser-

14 2642 173 2698 vituti
189 2659 282 2695 eos
303 2635 570 2707 destinans
587 2633 613 2690 a
631 2634 828 2713 quibus
848 2635 1093 2709 injuriam
1119 2634 1318 2689 nullam
1340 2645 1630 2705 acceperat,

15 2720 121 2780 sola
137 2718 307 2779 fretus
325 2717 546 2775 suorum
572 2716 919 2773 multitudine
944 2718 1226 2792 &ingenti
1247 2733 1522 2770 armorum
1545 2731 1632 2789 pa-

17 2821 136 2860 ratu
157 2844 172 2871 ‚
198 2799 433 2860 ‘consiliis
448 2801 602 2856 refiis
619 2819 732 2856 non
750 2797 1038 2854 utebatur?
1078 2797 1254 2854 Graeci
1272 2797 1527 2851 nimirum
1551 2792 1634 2867 pia

19 2885 302 2943 induerant
341 2896 485 2939 arma
516 2902 613 2960 pro
648 2881 733 2937 sua
770 2881 1047 2947 libertate,
1080 2879 1284 2937 viribus
1319 2878 1634 2952 neutiquam

21 2965 401 3048 comparandi,
418 2961 503 3022 sed
523 2965 662 3022 reeta
680 2960 894 3021 consilia
913 2962 1176 3039 captando
1195 3001 1211 3030 ‚
1246 2967 1298 3017 &c
1319 2975 1469 3034 capta
1491 2949 1638 3009 exse-

34 3064 36 3067 '
849 3044 905 3102 N
924 3065 958 3099 n
1000 3063 1039 3118 4
1468 3053 1647 3115 quen-3

1596 3268 1617 3284 s
