1888 3428
39 219 43 222 ⁴
160 149 576 212 *HISTORIA-2
614 155 1096 226 VANDAMCAE
1136 159 1373 223 L12.1.'
1522 183 1607 238 19·

21 252 167 313 argus
184 239 240 291 in
259 253 447 292 nautas
469 278 489 308 ‚
526 236 701 316 largus
717 240 774 295 in
800 239 1030 307 militeS,
1073 261 1143 298 ne
1160 243 1313 322 quod
1331 251 1598 327 concupi-

21 319 127 372 aein
155 315 409 392 barbaros
446 320 636 376 ultioni
669 319 698 376 a
730 322 1061 399 parcimonia
1092 325 1468 403 impedimenti
1504 334 1595 387 in-

20 398 295 457 ercederet.
336 420 561 459 centena
578 408 633 459 &
651 403 848 459 tricena
866 405 1024 463 millia
1042 407 1234 486 pondo
1269 413 1383 467 auri
1403 431 1594 491 eroga-

20 485 208 556 aajunt
237 484 385 540 nullo
419 480 617 541 fruftu.
660 486 806 565 Ergo
824 506 949 543 cum
989 489 1048 545 in
1078 486 1202 548 fatis
1229 511 1347 548 non
1378 489 1503 550 effet
1522 515 1592 552 eo

20 582 232 642 empore
262 569 430 623 everti
466 565 737 625 Vandalos
769 610 788 637 ,
841 567 983 626 classi
1016 569 1316 631 Basiliscum
1355 571 1594 654 praefecit

19 648 200 704 serinae
235 644 337 704 suae
372 651 616 729 conjugis
652 645 869 708 fratrem
889 691 907 717 ,
944 656 1272 735 principatus
1303 661 1438 715 mire
1474 662 1592 716 avi-

27 748 117 784 um
136 767 153 790 ‚
186 733 336 803 cujus
351 726 556 788 facilem
577 728 673 788 fibi
689 731 928 811 sperabat
948 738 1088 794 viam
1116 759 1181 795 ex
1211 736 1433 818 Asparis
1452 743 1592 816 ami-

19 812 120 867 itia.
159 809 286 868 Erat
303 811 476 891 Asper
504 815 623 871 Arii
657 816 898 874 addictus
922 821 1124 896 placitis
1143 861 1160 888 ‚
1203 823 1274 879 ita
1299 840 1361 880 ut
1396 822 1593 882 abduci

19 890 105 948 ide
121 894 270 950 nullo
291 893 458 952 modo
479 894 648 974 posset
665 938 684 966 ,
732 905 786 957 &
803 898 880 957 ob
901 901 955 958 id
973 906 1268 982 Imperium
1289 903 1386 961 fibi
1409 926 1590 984 parare
1633 928 1635 930 ·

19 992 94 1029 on
111 991 324 1051 poterat
341 1017 360 1044 ,
402 980 607 1037 tradere
629 983 774 1039 alteri
794 1001 1022 1061 poterat.
1069 987 1142 1043 Et
1167 986 1265 1065 ipfi
1282 990 1458 1044 Leoni
1474 995 1588 1065 jam

18 1075 154 1112 trum
174 1077 439 1117 novarum
453 1057 721 1140 suspectus
738 1062 886 1122 fuisse
911 1065 1120 1125 dicitur.
1160 1069 1402 1128 Additur
1417 1069 1588 1149 Asper

18 1158 101 1194 um
123 1157 385 1200 metueret
400 1182 415 1204 ‚
437 1165 506 1201 ne
521 1185 538 1212 ,
560 1143 597 1201 fi
616 1145 680 1203 de
699 1147 954 1207 Vandalis
971 1154 1317 1233 contingeret
1337 1154 1587 1223 victoria,

18 1239 92 1276 *eo
108 1224 324 1302 Imperii
343 1225 602 1303 potestate
620 1228 838 1287 liberius
858 1249 1096 1291 uteretur
1115 1275 1132 1303 ,
1152 1232 1420 1293 monuifl'e
1439 1233 1590 1295 Basi-

17 1299 158 1359 scum
182 1344 199 1370 ‚
233 1305 527 1365 Gizericho
544 1310 899 1392 Vandalisque
917 1333 1171 1391 parceret.
1215 1321 1297 1375 At
1309 1320 1448 1387 Le0‚
1466 1338 1585 1398 quo

17 1382 221 1442 Iuribus
235 1383 473 1447 subsidiis
491 1409 680 1450 contra
707 1394 983 1464 Vandalos
1003 1396 1297 1471 insisteret,
1330 1401 1395 1458 ad
1415 1402 1587 1458 Occi-

17 1469 150 1523 entis
166 1472 459 1547 Imperium
477 1473 850 1551 capessendum
878 1481 1070 1537 auctor
1089 1481 1391 1540 Anthemio
1410 1479 1586 1541 fuerat

17 1554 201 1606 {natori
217 1571 391 1629 genus
411 1556 648 1634 opesque
675 1561 918 1637 egregio·
961 1565 1039 1616 At
1059 1562 1383 1620 Gizerichus
1403 1566 1583 1623 multo

22 1628 149 1686 udio
170 1630 546 1712 precibusque,
593 1637 885 1716 Olybrium
908 1640 974 1698 ad
1008 1642 1064 1697 id
1091 1648 1389 1722 Imperium
1423 1666 1585 1702 com—

16 1711 347 1782 nendaverat‚
376 1714 453 1772 ob
474 1716 919 1778 neceffitudinern
948 1744 1112 1802 quam
1149 1747 1274 1784 cum
1306 1747 1376 1784 eo
1412 1726 1585 1788 habe-

16 1809 61 1849 at
81 1815 173 1873 per
190 1797 469 1855 Placidiam
484 1802 854 1860 Valentiniani
871 1801 1036 1863 filiam
1069 1806 1306 1883 Olybrio
1327 1828 1577 1888 nuptam.

16 1875 89 1933 lac
121 1878 207 1955 spe
242 1879 480 1956 dejecOtus
501 1922 517 1951 ,
561 1887 636 1941 ira
668 1883 986 1966 flagrantior
1009 1930 1024 1952 ‚
1070 1891 1251 1948 multo
1269 1914 1433 1971 quarn
1451 1911 1581 1951 ante

17 1957 229 2017 ·udelius
247 1965 438 2022 cuncta
455 1968 667 2045 imperii
684 1985 859 2026 vexat.
902 1970 1108 2041 Eadem
1126 1973 1443 2054 tempestate
1464 1995 1580 2034 erat

16 2041 306 2102 iDalmatia
325 2046 704 2108 Marcellianus
724 2054 804 2112 vir
820 2054 1005 2111 animo
1022 2055 1203 2134 probo
1223 2098 1238 2123 ,
1270 2061 1409 2116 inter
1428 2061 1580 2117 Aetii

17 2125 243 2184 Jondam
275 2133 510 2188 amicos:
554 2135 724 2190 Aetio
759 2153 939 2193 autem
957 2138 1031 2196 ita
1057 2156 1116 2197 ut
1146 2138 1380 2198 diximus
1407 2139 1435 2197 ἐ
1464 2146 1577 2201 vita

16 2204 172 2265 :blato
193 2248 210 2276 ‚
251 2214 597 2289 Imperatoris
612 2213 742 2288 jussa
759 2215 1058 2278 detre8mn8
1077 2260 1095 2288 ‚
1130 2221 1353 2303 aliisque
1366 2221 1463 2281 suo
1483 2245 1577 2282 ex-

17 2288 149 2366 nplo
168 2288 488 2353 defectionis
507 2300 715 2364 auctor,
732 2303 950 2360 nemine
970 2300 1258 2362 contraire
1276 2301 1576 2374 aus0,Dal-

17 2373 184 2431 zatiam
215 2381 410 2435 tenuit.
477 2384 558 2437 At
596 2385 712 2439 Leo
750 2378 878 2441 eum
910 2385 1325 2466 quibuscunque
1361 2407 1576 2468 poterat

17 2453 142 2512 odi-s
158 2454 465 2520 demulcens
483 2504 501 2531 ,
547 2462 641 2521 fibi
661 2464 874 2525 adscivit
892 2507 909 2534 ‚
929 2473 1094 2547 inque
1113 2471 1407 2529 Sardiniam
1430 2471 1574 2529 milit

17 2555 240 2598 trentem
260 2558 390 2601 tunc
409 2546 663 2604 Vandalis
681 2588 700 2614 ,
736 2570 876 2629 quos
892 2552 979 2618 ille
1001 2573 1068 2609 eo
1089 2552 1371 2632 profectus
1388 2558 1572 2630 ejecit,

18 2623 226 2700 mique
243 2622 401 2684 insula
420 2633 626 2707 potitus
643 2629 738 2688 est.
779 2632 898 2690 Nec
913 2636 1094 2693 minus
1110 2632 1339 2695 feliciter
1357 2658 1438 2695 res
1454 2640 1573 2695 He*

18 2703 125 2758 clio
143 2703 373 2766 successit
394 2716 517 2790 ,qui
541 2707 848 2793 &Byzantio
868 2720 924 2773 in
955 2714 1265 2777 Africanam
1295 2722 1574 2795 Tripolim

18 2781 148 2841 iffus
165 2826 182 2853 ,
209 2809 424 2868 agentes
453 2793 529 2851 ibi
562 2798 832 2856 Vandalos
854 2802 1032 2878 praelio
1068 2807 1225 2868 vicit,
1255 2802 1570 2883 oppidaque

19 2866 118 2923 illo
154 2876 378 2951 negotio
411 2879 579 2956 cepit,
626 2880 924 2961 relictisque
960 2884 1040 2941 ibi
1077 2886 1307 2944 navibus
1340 2884 1570 2956 terrestri

19 2951 155 3008 inere
176 2951 561 3039 Carthaginem
580 2960 735 3022 duxit
761 2969 1081 3028 exercitum.
1125 2966 1283 3040 &Sicse
1314 2964 1573 3106 besslibhae-

809 3049 855 3106 B
904 3075 936 3113 2.
1417 3068 1443 3106 e
1488 3062 1582 3107 ant
