1888 3428
173 162 487 232 Gor-rur
509 187 612 231 εκ
652 166 1059 228 Hrs'roruae
1099 167 1368 227 L113.III.
1503 165 1622 252 33'77

24 251 177 316 malis
196 253 399 314 causam
427 252 641 320 dedisse,
661 267 848 310 contra
865 247 1055 306 belluae
1075 252 1290 308 marinae
1309 246 1475 309 exitio
1491 256 1630 311 mul-

23 341 94 397 tis
121 335 488 396 incommodis
507 334 674 394 finem
707 334 943 390 allatum.
985 331 1206 411 quidam
1238 352 1367 389 vero
1386 338 1480 411 qui
1499 354 1631 393 tunc

24 438 211 502 captus
228 420 298 478 est
318 417 468 500 piscis
483 459 501 486 ‚
525 438 639 476 non
656 415 805 475 illum
823 410 972 471 fuisse
993 434 1157 492 quem
1177 411 1438 493 descripsi,
1457 416 1543 475 sed
1562 417 1630 474 ab

25 525 95 562 eo
131 504 295 562 alium
331 502 525 560 dixere.
567 498 656 559 sed
689 516 902 576 tempus
921 493 996 552 est
1031 492 1335 554 sermonem
1358 497 1501 554 unde
1534 499 1632 554 de-

24 584 277 652 flexerat,
316 604 382 640 eo
415 583 684 640 reducere.
730 579 945 640 Totilas
968 579 1098 635 affis
1112 597 1372 659 quaesante
1404 584 1629 648 narravi,

26 688 151 727 cum
170 670 226 725 in
247 663 450 725 Rusciae
470 664 675 722 castello
705 662 993 720 Romanos
1021 681 1200 718 rerum
1233 659 1634 721 necessariarum

26 752 214 828 inopia
246 745 575 806 intellexisset
596 748 799 826 premi,
835 743 985 802 brevi
1014 741 1063 801 se
1099 744 1419 823 adepturum
1438 743 1635 823 posses-

24 830 236 891 sionem
266 830 504 910 speranS,
543 827 581 886 fi
600 826 730 885 nihil
753 843 1160 884 commeatuum
1192 823 1516 889 inferretur,
1545 848 1635 884 ca-

25 912 131 977 stra
150 955 166 982 ‚
195 933 357 993 quam
375 927 584 991 poterat
610 913 856 989 proxime
873 950 890 976 ,
912 912 968 966 in
995 909 1263 967 ambitum
1283 910 1466 966 locans
1485 908 1636 966 obfi-

28 996 180 1055 dioni
196 1015 377 1052 curam
396 991 725 1050 intendebat.
771 998 916 1049 Inter
931 991 1041 1050 haec
1059 990 1244 1070 hyems
1263 991 1414 1053 abiit,
1430 1013 1634 1049 annum

27 1077 524 1139 tertiumdecimum
560 1072 753 1133 finiens
773 1080 885 1150 ejus
904 1074 1028 1131 belli
1046 1076 1196 1153 quod
1216 1072 1477 1153 descripsit
1497 1080 1635 1131 Pro-

28 1161 238 1239 copium
281 1163 359 1223 At
398 1158 716 1217 Iustinianus
751 1157 991 1236 peditum
1012 1177 1127 1212 non
1149 1160 1325 1213 minus
1345 1157 1456 1213 duo
1477 1160 1636 1215 millia

27 1245 86 1301 in
117 1242 347 1305 Siciliam
368 1238 591 1297 navibus
625 1238 800 1303 misit,
840 1239 1240 1317 Valerianoque
1273 1241 1557 1317 imperavit
1576 1256 1638 1296 ut

29 1344 186 1383 mora
219 1326 374 1381 o-mni
403 1322 629 1402 abrupta
658 1321 722 1380 ad
750 1320 1057 1378 Belisarium
1088 1320 1136 1377 se
1157 1318 1336 1376 ferret.
1381 1325 1571 1400 Atque
1592 1325 1636 1378 is

30 1409 166 1464 mari
201 1406 423 1483 trajecto
459 1405 807 1482 Hydruntem
840 1424 969 1483 cum*
984 1402 1270 1469 advenisset
1286 1442 1304 1468 ‚
1348 1401 1424 1460 ibi
1442 1402 1638 1460 Belisa-

28 1491 173 1546 rium
207 1494 430 1567 ejusque
463 1490 917 1565 reperiruxorem.
959 1482 1177 1543 sednon
1198 1485 1374 1543 multo
1407 1485 1526 1565 post
1546 1507 1638 1544 ea-

31 1570 156 1629 dem
189 1569 419 1629 Belisarii
452 1590 621 1637 uxor,
652 1572 935 1626 Antonina
971 1572 1234 1632 nomine,
1270 1564 1415 1625 missa
1433 1567 1496 1625 ad
1514 1571 1638 1626 Au-

30 1653 240 1733 gustam
258 1693 276 1720 ‚
316 1670 377 1710 ut
398 1656 593 1709 marito
612 1658 840 1727 majores
857 1670 956 1728 pro
992 1650 1116 1705 belli
1135 1648 1437 1707 necessitate
1457 1655 1641 1730 copias

28 1741 340 1815 impetraret
358 1775 374 1801 ‚
407 1732 713 1813 Augustam
747 1731 1071 1804 (Theodora
1091 1730 1412 1804 vocabatur)
1435 1733 1636 1791 morbo

31 1818 536 1895 extinRamreperit
551 1855 567 1880 ,
588 1814 872 1894 postquam
894 1817 948 1871 in
969 1811 1174 1870 summa
1190 1811 1413 1870 fortuna
1432 1837 1522 1891 per
1542 1838 1640 1872 an-

35 1919 138 1956 nos
173 1919 342 1956 unum
375 1903 428 1954 &
465 1900 656 1978 viginti
689 1901 906 1955 vixerat.
951 1901 1096 1953 Inter
1115 1895 1301 1962 haecin
1320 1896 1528 1957 Rusciae
1548 1919 1636 1954 ca·-

34 1980 183 2043 stello
201 1978 392 2038 obsessi
410 2021 427 2048 ,
458 2000 582 2037 cum
604 1982 986 2037 alimentorum
1006 1998 1272 2057 premeret
1292 1982 1505 2058 inopia,
1524 1983 1638 2039 col-
1674 2034 1677 2036 ,

34 2065 205 2126 locuti
224 2084 346 2120 cum
366 2061 516 2120 hoste
535 2065 857 2143 pepigerunt
874 2102 891 2128 ‚
926 2061 1101 2119 media
1120 2061 1290 2120 aestate
1309 2106 1324 2127 ‚
1364 2066 1417 2118 ni
1438 2066 1639 2120 interea

35 2143 282 2225 suppetiae
300 2142 420 2224 ipsis
440 2143 668 2202 adessent
686 2146 716 2212 ,’
738 2144 787 2202 se
806 2144 1071 2211 castellum
1091 2141 1222 2200 salva
1240 2148 1348 2202 vita
1368 2144 1639 2225 rebusque

38 2229 332 2293 dedituros,
375 2228 533 2284 multi
552 2230 607 2284 in
623 2248 689 2283 eo
711 2225 922 2284 castello
942 2243 1089 2283 erant
1105 2230 1217 2284 Itali
1238 2226 1449 2295 nobiles
1461 2268 1479 2295 ‚
1498 2232 1638 2285 inter

40 2331 135 2367 eos
151 2307 343 2378 Deifer
361 2312 598 2369 Tulliani
614 2307 776 2365 frater
806 2332 819 2365 ε
865 2307 929 2364 de
949 2310 1182 2365 exercitu
1203 2312 1464 2368 Romano
1482 2312 1640 2389 Illyrii

39 2396 259 2450 trecenti
279 2431 297 2458 ‚
328 2413 469 2470 quos
485 2392 559 2448 ibi
577 2390 840 2448 Iohannes
861 2393 1214 2448 collocaverat
1229 2432 1245 2458 ,
1264 2389 1359 2449 sub
1381 2390 1640 2470 praefecstis

43 2472 326 2532 Chalazare
357 2473 611 2539 satellite,
663 2492 825 2553 gente
852 2472 1175 2553 Massageta,
1208 2472 1482 2553 praestante
1519 2478 1637 2533 viro

40 2555 164 2613 belli
199 2555 445 2614 laudibus
475 2598 492 2623 ,
532 2562 587 2613 &
626 2556 830 2614 Godila
864 2555 1074 2616 Thrace
1096 2579 1110 2613 ε
1154 2552 1402 2634 praeterea
1435 2557 1642 2634 pedites

43 2657 259 2704 centum
276 2659 457 2697 recens
475 2637 754 2696 aBelisario
778 2637 840 2694 ad
856 2635 1151 2695 custodiam
1169 2637 1324 2695 miffi.
1367 2642 1446 2695 At
1465 2644 1557 2717 qui
1577 2639 1642 2696 ad

42 2722 234 2779 Romae
251 2723 476 2782 tutelam
506 2722 533 2783 Ξι
564 2719 814 2779 Belisario
849 2721 1015 2777 relicti
1034 2717 1248 2778 fuerant
1267 2761 1283 2788 ‚
1329 2718 1642 2800 praefectum

45 2799 197 2861 suum
226 2803 560 2862 interficiunt
591 2804 890 2860 Cononem
908 2843 924 2869 ,
945 2805 1286 2861 criminantes
1304 2801 1642 2870 frumentum

45 2883 115 2951 ab
147 2906 212 2942 eo
246 2886 448 2967 aliaque
482 2885 758 2945 necessaria
792 2884 1064 2942 divendita
1100 2889 1155 2943 in
1192 2884 1338 2942 suam
1377 2882 1634 2941 fraudem.

46 2966 310 3044 quosdam
330 2977 381 3037 ὃς
398 2969 752 3040 sacerdotum,
766 2967 973 3048 legatos
993 2988 1092 3044 pro
1110 2966 1158 3026 se
1179 2967 1242 3036 ad
1257 2974 1640 3045 Imperatorem

872 3053 968 3106 Aa
1016 3066 1038 3126 5
1512 3052 1644 3125 mit-7
