1888 3428
407 198 457 255 E
534 217 569 254 L
646 215 683 252 o
770 215 808 250 c,
888 211 914 248 1
995 213 1048 250 A.
1386 206 1492 262 103

8 302 104 364 per
132 278 328 342 adstare
357 277 706 338 certissimum
739 276 1045 352 adjutorem
1077 277 1134 330 in
1172 273 1500 350 opportuni-

8 364 231 424 tatibus·
279 361 361 419 Ex
398 361 520 439 ipfis
549 362 762 439 populis
796 356 1001 415 Suediae
1028 358 1264 436 proximi
1298 353 1366 410 ad
1396 371 1500 407 nos

9 447 255 506 habitant
288 440 525 510 Gutthi‚
557 446 651 523 qui
683 439 1041 497 occidentales
1076 439 1330 495 dicuntur
1357 456 1370 489 :
1416 433 1501 488 alii

10 530 132 588 sunt
150 530 435 587 orientales
451 568 468 594 ,
501 545 686 583 verum
700 520 1154 601 Westergotthia
1173 516 1406 575 confinis
1426 511 1504 569 est

12 614 300 691 provinciae
317 612 602 668 Danorum
620 626 737 685 quae
766 607 960 662 Sconia
978 605 1174 661 dicitur
1191 624 1205 657 :
1251 599 1403 676 {iqua
1419 592 1504 652 fe-

11 704 139 751 ru'nt
173 692 364 751 diebus
397 688 598 769 septem
635 690 901 766 perveniri
936 684 1100 765 usque
1135 683 1201 741 ad
1233 685 1508 739 civitatem

13 773 360 832 Gotthorum
380 792 631 851 magnam
651 772 892 826 Scarane.
933 768 1126 826 deinde
1143 760 1509 842 Ostrogothia

11 856 356 935 protenditur
386 860 537 928 juxta
566 874 713 910 mare
754 852 907 931 quod
938 851 1243 909 Balthicum
1278 848 1506 904 dicitur,

15 938 178 1018 usque
209 937 273 996 ad
294 936 529 1000 Birkam.
581 939 795 993 Primus
827 932 1176 991 Gor-‚thorum
1210 930 1511 1010 Episcopus

13 1020 274 1101 Thurgot
292 1017 425 1076 fuit:
468 1017 727 1077 secundus
758 1015 1124 1074 Godescalcus
1145 1057 1162 1084 ‚
1192 1018 1270 1072 vir
1304 1010 1510 1089 sapiens

19 1108 73 1161 &
93 1099 275 1160 bonus
293 1143 311 1171 ,
326 1100 420 1159 nisi
437 1101 591 1181 quod
606 1100 761 1158 domi
779 1098 964 1157 sedens
982 1103 1159 1156 otium
1179 1096 1354 1154 labori
1373 1113 1512 1173 prae-

16 1185 162 1242 tulit.
202 1189 424 1242 tertium
456 1205 638 1242 autem
668 1183 940 1241 ordinavit
970 1179 1152 1239 noster
1176 1179 1513 1254 Metropoli-2

14 1283 174 1324 tanus
207 1266 606 1327 AdalWardum
640 1268 922 1324 Seniorem
966 1306 984 1332 ,
1028 1285 1150 1321 vere
1186 1260 1513 1320 laudabilem

19 1352 221 1408 virum.
262 1351 359 1428 qui
387 1348 583 1407 deinde
612 1349 678 1406 ad
707 1347 967 1404 barbaros
985 1348 1303 1425 perveniens
1322 1384 1338 1410 ‚
1384 1340 1515 1400 ficut

22 1430 233 1499 docuit,
254 1432 329 1488 ita
348 1433 497 1488 vixit.
540 1451 666 1487 nam
686 1429 859 1486 san&e
886 1427 1126 1485 vivendo
1158 1448 1216 1483 ac
1245 1425 1387 1482 bene
1410 1425 1517 1482 do·-

20 1513 198 1570 cendo
221 1533 473 1592 magnam
504 1513 790 1592 gentilium
829 1510 1235 1568 multitudinem
1267 1507 1331 1564 ad
1352 1506 1520 1563 Chri-

19 1590 246 1651 stianam
276 1598 547 1650 convertit
576 1590 763 1650 fidem.
806 1595 899 1670 qui
919 1595 1082 1648 etiam
1114 1596 1381 1647 virtutum
1413 1590 1519 1645 cla-

21 1679 129 1733 ruit
147 1675 413 1734 miraculis
430 1715 447 1742 ,
462 1677 535 1731 ita
556 1693 614 1731 ut
633 1672 981 1753 poscentibus
1000 1676 1055 1728 in
1079 1668 1382 1729 neceffitate
1402 1670 1520 1726 bar-

22 1758 164 1816 baris
193 1799 210 1826 ,
257 1755 491 1815 imbrem
508 1757 573 1815 de
593 1758 723 1813 caelo
742 1752 938 1811 faceret
956 1752 1273 1812 descendere
1292 1793 1309 1821 ‚
1353 1759 1405 1810 δε
1421 1752 1521 1810 dea-

22 1861 137 1898 nuo
156 1838 494 1897 serenitatem
517 1842 699 1897 venire
716 1879 732 1904 ,
767 1844 820 1893 δέ
843 1840 937 1906 alia
955 1857 1074 1915 quae
1091 1836 1352 1894 haetenus
1369 1855 1522 1914 quae-
1573 1828 1575 1831 ’

24 1941 217 1980 runtur
242 1922 270 1980 ὲ
300 1920 638 1980 ἀοᾶοῑὼιιε.
685 1925 730 1977 is
761 1940 940 1976 autem
966 1922 1044 1977 vir
1075 1919 1443 1976 memorabilis
1463 1921 1523 1975 in

27 2004 261 2062 Gotthia
275 2024 610 2084 permanens
628 2044 644 2070 ,
681 2023 888 2060 nomen
909 2001 1121 2059 domini
1138 1999 1251 2059 Iesu
1268 1999 1524 2058 constan-

25 2105 106 2147 ter
135 2088 397 2149 omnibus
431 2088 765 2168 praedicavit,
809 2084 1123 2163 ibidemque
1160 2082 1282 2163 post
1315 2084 1527 2140 multos

28 2191 264 2250 agonaS,
308 2191 451 2249 quos
483 2190 582 2249 pro
622 2166 1107 2225 Christolibenter
1124 2166 1403 2233 sustinuit,
1441 2167 1528 2225 vi-

28 2255 247 2323 &ricem
264 2249 413 2309 terrae
433 2273 647 2309 carnem
676 2250 928 2312 tradidit:
969 2252 1195 2327 Spiritus
1217 2251 1408 2309 caelum
1431 2269 1529 2327 pe-

31 2339 119 2392 tiit
135 2336 421 2394 laureatus²
463 2335 581 2414 post
602 2356 769 2414 quem
787 2330 1242 2412 Archiepiscop-us
1259 2333 1530 2390 ordinavit

31 2420 90 2476 in
121 2418 229 2477 illas
252 2435 437 2496 partes
453 2420 727 2496 quendam
747 2418 1067 2484 Acilinum,
1094 2414 1225 2472 nihil
1244 2411 1535 2494 episcopali

33 2503 257 2559 nomine
289 2501 520 2583 dignum
553 2497 824 2560 ferentem<
855 2516 1046 2579 ptaeter
1073 2501 1363 2578 ingentem
1405 2517 1533 2555 cor-

34 2585 179 2661 poris
197 2582 466 2641 staturam.
510 2589 564 2640 &
586 2585 670 2640 ille
688 2582 911 2662 quide-m
944 2584 1120 2641 carnis.
1144 2585 1389 2659 requiem
1407 2580 1534 2638 dili-

40 2684 204 2744 gem,
235 2661 428 2724 frustra
454 2668 786 2746 legationem
815 2663 1047 2722 Gotthis
1077 2662 1425 2721 mittentibus
1445 2660 1537 2721 us-

41 2766 148 2824 que
169 2745 231 2803 ad
247 2745 466 2806 obitum
484 2747 715 2806 suumin
740 2749 933 2806 delitiis
961 2748 1193 2804 coloniae
1228 2745 1538 2826 permansit.

40 2832 187 2885 Inter
218 2828 651 2890 Nordmanniam
686 2837 741 2888 &
778 2833 1074 2888 Sueoniam
1105 2832 1539 2889 Warmelani&

41 2909 293 2968 Finwsedi
309 2913 519 2995 degunt
534 2920 587 2972 δε
605 2915 722 2970 alii:
742 2915 836 2992 qui
857 2934 1004 2971 nunc
1021 2934 1217 2970 omnes
1230 2911 1355 2970 sunt
1378 2910 1543 2969 Chri-

45 2990 199 3052 stiani
217 3031 233 3062 ‚
254 2993 648 3078 respiciuntque
674 2996 736 3054 ad
753 2994 1132 3056 Scaranensem
1148 2994 1436 3055 ecclesiam.
1481 2997 1546 3046 In
1584 3018 1588 3022 ·

871 3099 909 3158 g
950 3100 989 3154 4
1408 3093 1546 3131 COR·
