1888 3428
755 41 784 68 O

510 147 1208 223 CHRONICON.
1516 140 1637 221 769

15 237 248 298 horruit.
291 241 392 294 Per
431 234 601 289 multa
643 232 846 311 quippe
882 242 1027 283 retro
1065 223 1247 281 saecula
1282 221 1513 281 ducibus
1557 221 1634 282 usi

13 318 139 379 sunt
160 362 177 388 ‚
197 316 378 398 postea
397 314 615 395 regibus
633 335 648 381 3
671 330 912 392 quorum
947 316 1245 386 [oportet]
1273 323 1522 385 tempora
1541 325 1632 384 per

17 403 266 461 ordinem
287 398 478 456 cursim
500 415 768 474 exponere
788 434 803 455 ,
836 398 891 449 δε
913 410 1028 469 quo
1047 389 1273 445 nomine
1295 388 1527 467 afftuque
1546 408 1635 445 re-

18 487 297 567 gnaverint
315 523 330 545 ,
350 481 416 540 de
434 477 668 537 historiis
685 476 844 536 libata
862 491 1114 531 retexere.

285 645 449 701 Anno
479 647 610 696 ante
641 639 815 697 Eram
853 621 1134 715 conditam
1171 622 1240 688 X
1266 620 1292 702 I
1315 619 1361 683 Ι.

160 771 272 825 Vm
294 786 392 843 pro
416 759 716 840 arripiendo
734 759 890 835 Reip.
917 757 1149 833 imperio
1174 754 1366 811 Cneus
1390 757 1635 832 Pompe-

158 855 244 925 jus
276 855 330 906 &
370 847 545 921 Gajus
582 840 755 900 Caesar
794 860 940 896 arma
975 838 1151 895 civilia
1185 833 1636 900 commovissent,

16 931 198 990 Gothi
212 930 276 988 ad
293 926 639 1009 praebendum
659 919 820 981 Cneo
835 921 1104 1000 Pompeio
1120 921 1374 976 auxilium
1391 921 1447 974 in
1469 916 1641 976 Thes-

14 1013 134 1073 salia
152 1010 396 1071 adversus
416 1005 680 1065 Caesarem
718 1006 1011 1085 pugnaturi
1036 1019 1319 1060 venerunt.
1360 998 1474 1058 Vbi
1498 1000 1633 1059 dum

19 1096 324 1172 Aithiopes,
344 1092 496 1156 Indi,
513 1088 701 1151 Persae,
723 1087 914 1152 Medi,
937 1086 1116 1143 Graeci
1135 1126 1151 1151 ,
1173 1083 1376 1163 Scythae
1397 1124 1415 1151 ‚
1436 1103 1493 1139 ac
1512 1084 1637 1141 reli-

13 1201 134 1259 quae
154 1178 398 1235 Orientis
412 1191 603 1254 gentes
625 1189 822 1229 vocatae
842 1166 1092 1226 adversus
1110 1168 1259 1224 illum
1280 1163 1632 1234 dimicassent,

13 1261 97 1332 isti
132 1279 236 1338 prae
257 1260 455 1315 caeteris
490 1258 538 1312 ei
576 1252 772 1310 fortius
804 1251 1111 1308 restiterunt
1133 1289 1148 1314 ‚
1187 1269 1425 1327 quorum
1458 1247 1635 1306 Caesar

15 1346 174 1422 copia
194 1348 248 1398 ὃ(
268 1342 466 1397 virtute
482 1335 728 1393 turbatus
750 1375 766 1401 ‚
801 1331 967 1390 fertur
985 1328 1173 1411 fugam
1195 1327 1463 1388 meditaffe
1484 1372 1498 1396 ‚
1536 1328 1634 1388 nifi

19 1447 131 1484 nox
155 1426 332 1505 praelio
354 1419 521 1478 finem
541 1413 775 1475 dedisset.

208 1575 259 1640 E
285 1597 332 1639 R
350 1595 396 1638 A
436 1567 804 1660 ducentefima
834 1566 1180 1658 nonagestma
1200 1583 1420 1658 quarta,

19 1725 288 1853 ANno
323 1723 535 1800 imperii
567 1720 840 1779 Valeriani
874 1724 928 1774 &
951 1717 1188 1775 Gallieni
1224 1719 1401 1792 primo
1431 1710 1634 1780 Gothi,

95 1844 104 1850 f
155 1803 411 1864 descenfis
437 1801 674 1882 Alpibus
693 1801 892 1879 quibus
911 1795 1285 1856 inhabitabant
1321 1797 1590 1855 Graeciam
1613 1832 1633 1861 ‚

16 1889 404 1946 Macedoniam
426 1927 441 1953 ,
472 1890 717 1942 Pontum
739 1925 755 1950 ‚
785 1882 968 1939 Asiam
990 1922 1006 1948 ‚
1043 1897 1204 1958 atque
1224 1881 1496 1958 Illyricum
1535 1896 1632 1935 va-

13 1971 320 2037 staverunt,
357 1990 420 2025 ex
450 1966 648 2047 quibus
671 1968 939 2044 Illyricum
962 1970 1016 2022 &
1047 1960 1431 2019 Macedoniam
1462 1960 1632 2038 quin-

9 2054 186 2113 decim
207 2050 378 2109 fer'me
397 2070 569 2107 annos
597 2067 929 2105 tenuerunt:
961 2044 1155 2103 deinde
1189 2041 1216 2099 a
1254 2041 1490 2101 Claudio
1523 2043 1631 2097 im-

8 2154 259 2220 peratore
280 2132 509 2212 superati
527 2128 671 2188 sedes
693 2133 932 2209 proprias
948 2144 1224 2205 repetunt.
1268 2127 1511 2182 Romani
1536 2144 1632 2180 au-

5 2235 121 2278 tem
143 2215 377 2274 Claudio
399 2211 653 2293 Augusto
671 2233 770 2290 pro
789 2234 855 2269 eo
875 2231 988 2291 quo
1003 2228 1113 2269 tam
1131 2205 1474 2266 fortisfimam
1489 2227 1629 2288 gen-

9 2298 164 2359 tema
183 2297 388 2356 finibus
425 2299 557 2374 reip.
583 2291 888 2351 removisset
908 2336 922 2359 ‚
959 2289 1084 2351 foro
1107 2332 1123 2358 ‚
1161 2289 1235 2349 illi
1270 2299 1499 2349 aureum
1518 2291 1633 2367 cly-

10 2402 175 2464 peum
195 2423 213 2452 ,
236 2384 293 2439 in
316 2378 597 2458 Capitolio
620 2397 839 2434 auream
859 2375 1085 2434 statuam
1105 2373 1533 2433 collocaverunt.

198 2547 250 2613 E
276 2568 324 2610 R
347 2566 394 2610 A
431 2527 1485 2634 du66722‘cfinmfi317tuagestmdss’ctmdzz.¹

150 2712 286 2770 Nno
320 2709 573 2769 vicesimo
609 2707 758 2767 sexto
795 2709 1005 2787 imperii
1055 2704 1406 2763 Constantini
1447 2697 1631 2760 Gothi

156 2797 518 2850 Sarmatarum
536 2795 818 2873 regionem
838 2786 1064 2870 aggreffi
1084 2786 1458 2867 copiofiffimis
1474 2783 1629 2861 super

15 2875 303 2932 Romanos
318 2878 589 2932 irruerunt
607 2871 918 2953 agminibus
938 2871 1250 2930 vehementi
1269 2874 1484 2928 virtute,
1501 2885 1631 2922 cun-

17 2958 105 3017 &ca
136 2957 319 3043 gladio
344 2963 397 3019 ὃς
426 2955 824 3036 depraedatione
856 2952 1139 3093 vgstanteS.
1182 2947 1632 3084 Adverstisgctlios

945 3058 978 3115 y
1025 3058 1050 3114 3
1499 3049 1516 3085 1
1560 3046 1647 3083 em
