1888 3428
223 153 339 230 448
460 194 464 196 -
531 147 927 207 1³.Roco1>11
979 143 1534 202 CAESAREENSIS
1592 165 1597 169 ⁴

223 226 528 298 recefferat,
565 228 621 287 id
651 239 824 286 unum
855 225 1070 286 studens
1089 230 1144 282 &
1174 223 1431 304 quaestum
1461 239 1633 304 ‘quam
1665 227 1836 285 maxi-

167 356 173 359 «
223 332 380 375 mum
399 334 462 370 ex
483 310 755 370 attributis
775 309 869 367 fibi
888 310 1180 389 provinciis
1208 304 1421 365 faceret.
1465 308 1587 365 Hac
1606 308 1690 365 ille
1710 330 1837 367 ava-

226 399 349 456 ritia
371 415 454 453 res
472 394 760 450 Romanas
776 396 973 449 iterum
1001 395 1112 465 jam
1143 386 1344 447 afflixit.
1385 389 1531 447 Nam
1558 387 1595 447 fi
1615 387 1735 468 post
1756 394 1836 449 vi-
1873 426 1877 429 -

227 480 454 537 &oriam
473 517 489 542 ‚
519 482 840 554 Peri-amque
859 515 875 542 ,
907 491 967 530 ut
985 473 1124 533 dixi,
1159 489 1402 551 captam„
1420 475 1561 530 illico
1581 474 1640 529 in
1657 475 1837 529 Lazo-

227 583 351 619 rum
369 557 696 637 Iberumque
715 554 855 614 fines
881 552 1109 632 duxiffet
1127 594 1143 619 ‚
1174 554 1423 635 arfiaque
1452 557 1710 612 itinerum
1730 553 1839 612 ob-

229 640 459 722 sepfiffet
489 681 507 708 ,
539 660 853 719 nunquam,
888 655 949 695 ut
984 636 1248 703 arbitror,
1291 632 1571 693 Persarum<
1600 657 1746 693 arma
1779 638 1838 693 in

228 729 475 784 Lazicam
493 720 768 780 veniffent.
810 722 976 778 Nunc
1008 715 1138 779 vero
1159 718 1224 776 ad
1257 714 1667 798 segnitierfifdux
1691 718 1839 777 dela-

229 806 351 888 psus
368 821 581 864 tantum
600 825 713 861 non
733 801 819 860 sua
841 823 1005 859 manu
1024 803 1270 858 Lazicam
1299 798 1440 857 hosti
1456 800 1672 858 tradidit
1691 840 1706 866 ,
1750 805 1839 857 irae

225 890 575 968 Imperatoris
592 884 822 944 securus.
861 883 1118 942 Habebat
1149 886 1293 940 enirn
1323 881 1429 939 hoc
1448 885 1730 961 proprium
1749 887 1841 939 Iu-

229 971 521 1036 stinianuS,
559 971 727 1025 multa
751 966 954 1025 ducum
985 964 1175 1024 defleta
1203 961 1522 1024 diffimulare
1540 1005 1557 1032 ,
1592 966 1686 1044 qui
1709 980 1837 1044 pra·-

228 1073 414 1134 pterea
431 1048 651 1108 effufiin
671 1051 941 1106 licentiam
975 1046 1188 1127 publice
1218 1049 1575 1125 privatimque
1605 1043 1843 1126 graviffi-

229 1155 324 1195 ma
340 1131 652 1214 peccabant.
678 1132 813 1187 Duo
831 1127 1045 1188 fuerant
1063 1126 1267 1186 castella
1278 1131 1433 1185 Lazis
1450 1129 1514 1186 ad
1529 1126 1697 1185 finem
1715 1126 1844 1184 Ibe-
1882 1174 1885 1176 v

231 1222 320 1276 riae
340 1257 358 1285 ,
390 1216 593 1271 Scanda
621 1219 674 1269 &
709 1215 1019 1289 Sarapanis,
1055 1207 1257 1267 difficili
1290 1226 1563 1288 utrunque
1593 1209 1737 1267 aditu
1765 1206 1842 1266 ob

231 1301 487 1357 locorum
523 1296 694 1374 aspera
729 1311 890 1373 atque
922 1296 1238 1370 interrupta.
1284 1293 1417 1350 Haec
1449 1293 1577 1348 Lazi
1601 1297 1713 1367 jam
1733 1295 1844 1370 pri-

233 1381 361 1440 dem
384 1380 559 1437 multo
576 1375 760 1435 labore
781 1374 1078 1433 servabant.
1121 1394 1245 1430 nam
1264 1375 1390 1452 quia
1406 1375 1463 1430 in
1481 1373 1580 1444 illis
1607 1375 1741 1430 locis
1759 1375 1846 1429 ni-

190 1461 193 1463 *
232 1463 312 1523 hil
344 1463 409 1520 ad
443 1461 644 1520 victum
682 1455 946 1523 nascitur,
996 1455 1286 1513 hominum
1309 1454 1559 1522 ‚humeris
1590 1456 1844 1512 alimenta

233 1543 686 1624 importabantur.
730 1544 809 1598 At
835 1540 1106 1597 bellicum
1125 1536 1290 1594 Perfis
1315 1536 1847 1604 initiqustinianUS,

234 1630 431 1687 amotis
443 1629 595 1682 Lazis
608 1665 626 1692 ,
644 1621 942 1701 praefidium
961 1619 1299 1678 substituerat
1313 1620 1699 1678 Romanorum
1716 1659 1732 1687 ,
1751 1623 1847 1700 qui

234 1731 356 1768 non
373 1709 552 1765 multo
572 1704 692 1785 post
708 1745 726 1771 ,
770 1724 947 1760 rerum
973 1707 1157 1781 inopia
1176 1699 1380 1781 fatigati
1403 1720 1640 1780 utroque
1659 1700 1847 1759 castel-

231 1795 296 1851 ·lo
315 1787 662 1855 excess'erant,
701 1784 972 1866 nonsoliti
1005 1783 1345 1840 Colchorum
1371 1783 1434 1841 ad
1454 1805 1667 1842 morem
1687 1785 1854 1864 legu-

240 1871 484 1933 minibus
505 1873 670 1941 vitam
690 1868 782 1926 diu
797 1867 990 1924 ducere
1011 1906 1027 1931 ,
1050 1871 1114 1922 ’ἃ
1134 1869 1285 1922 Lazis
1303 1864 1545 1923 laborem
1563 1907 1579 1934 ,
1611 1888 1702 1946 per
1716 1868 1848 1924 lon-

240 1978 310 2036 ga
343 1958 534 2012 itinera
562 1973 680 2032 quae
713 1970 853 2028 opus
887 1967 1034 2005 erant
1067 1945 1331 2005 inferendi
1353 1989 1369 2015 ,
1398 1969 1511 2005 non
1545 1949 1680 2006 ultra
1700 1950 1846 2005 tole-

238 2037 501 2095 rantibus.
547 2038 629 2092 Sic
649 2033 946 2092 vacualoca
971 2029 1136 2089 Persae
1168 2028 1497 2088 invaserant:
1538 2028 1625 2088 sed
1646 2052 1738 2110 per
1757 2034 1844 2088 in·-

241 2120 424 2178 ducias
453 2116 638 2174 eadem
671 2116 735 2173 ad
759 2115 1043 2171 Romanos
1071 2114 1365 2178 redierant,
1409 2116 1855 2171 commutatione.

243 2200 581 2260 castellorum
600 2199 720 2254 Boli
741 2203 794 2254 δέ
814 2196 1091 2277 Pharangii
1111 2235 1129 2261 ,
1151 2215 1210 2252 ut
1228 2199 1282 2252 in
1300 2195 1448 2252 libris
1468 2212 1592 2253 ante
1609 2194 1706 2252 hac
1721 2197 1845 2252 vul-

242 2285 378 2364 gatis
410 2282 582 2339 dicere
601 2281 844 2337 memini.
886 2278 1011 2336 Post
1039 2282 1164 2335 Lazi
1182 2277 1292 2334 haec
1310 2277 1510 2336 castella
1531 2276 1642 2335 solo
1664 2299 1845 2357 aequa-

243 2382 465 2430 verant,
498 2384 564 2419 ne
594 2361 758 2420 Perfis
785 2361 849 2417 ad
885 2360 1084 2418 bellum
1119 2358 1238 2439 ipsis
1272 2358 1610 2417 inferendum
1632 2360 1747 2417 usui
1767 2358 1846 2417 es-

216 2446 376 2505 sent.
427 2443 514 2502 sed
547 2443 745 2501 horum
778 2445 1004 2500 alterum
1041 2440 1243 2500 Scanda
1276 2439 1436 2499 Persae
1469 2441 1843 2509 restituerant,

241 2551 357 2608 quo
391 2544 635 2604 tempore
672 2527 1009 2583 Mermeroes
1042 2546 1109 2581 eo
1145 2544 1268 2580 cum
1296 2521 1570 2581 Persarum
1604 2527 1844 2581 exercitu

241 2608 533 2668 accefferat.
574 2609 621 2665 E
654 2608 914 2665 Colchide
942 2612 997 2664 in
1027 2606 1256 2663 Iberiam
1294 2609 1442 2661 eunti
1472 2605 1707 2685 primum
1742 2626 1844 2663 oc-

243 2695 407 2750 currit
439 2690 703 2768 oppidum
739 2688 1086 2768 Rhodopolis
1106 2730 1121 2754 ‚
1164 2690 1324 2767 plano
1353 2685 1512 2745 {itum
1533 2730 1551 2756 ,
1584 2709 1762 2767 eoque
1787 2694 1843 2745 &

241 2774 373 2832 adiri
407 2778 462 2829 &
496 2776 796 2851 oppugnari
829 2769 1001 2829 facile.
1061 2772 1189 2827 Hoc
1224 2791 1445 2849 quoque
1480 2793 1649 2848 nuper
1679 2772 1805 2828 Lazi
1826 2812 1844 2834 ,

242 2856 372 2913 dum
385 2853 658 2916 Persarum
677 2872 929 2911 metuunt
947 2853 1259 2918 adventum,
1279 2851 1659 2922 destruxerant.
1708 2855 1876 2923 Quo,-

243 2935 406 2999 Persae
427 2938 688 3018 cognite),
718 2936 859 2996 reeca
894 2934 1297 3015 Archaeopolim
1329 2936 1404 2993 ire
1439 2934 1854 2995 constituerant.

1756 3012 1848 3073 sed-
