1888 3428
324 152 1275 235 >PROLEGOME>NA2
1627 180 1672 230 9

48 247 132 306 nis
173 244 407 304 Pontani
453 240 773 299 testimoniis
817 260 933 296 non
973 259 1087 296 uno
1135 241 1191 294 in
1234 240 1362 296 loco
1407 260 1670 320 compro-

49 330 224 388 batur.
264 325 392 385 Post
420 326 601 382 Taciti
635 340 884 400 tempora
918 324 1050 379 alios
1081 341 1306 400 quoque
1339 327 1579 400 populos
1614 325 1674 382 in

48 414 191 471 illam
227 407 470 471 latissime
494 422 766 485 patentem
803 407 1077 462 Scanziam
1109 402 1433 482 penetrasse,
1468 424 1676 483 partem

51 513 245 552 eorum
278 497 331 548 δε
353 484 730 550 suoshabuifl'e
762 489 982 566 regulos
1016 490 1294 566 Procopio
1325 485 1540 543 testanti
1556 508 1672 546 non

32 574 321 646 dissentio.
367 577 433 644 inb*
457 575 518 630 iis
553 566 703 627 fuisse
737 569 979 627 Herulos
996 571 1324 650 Rugiosque
1343 609 1360 636 ‚
1391 590 1515 626 curn
1537 590 1674 648 prae-

55 679 139 717 ter
172 658 503 732 Procopium
539 650 769 710 affirmet
802 658 856 710 δε
887 652 1182 709 Iornandes
1203 694 1220 720 ,
1259 673 1326 712 ne
1360 651 1414 708 id
1450 651 1674 730 quidem

55 737 313 818 refragor.
359 737 462 794 Sed
481 755 698 795 caeteros
718 756 909 792 eorum
925 738 1091 815 longa
1105 752 1228 793 aetas
1247 753 1339 792 aut
1355 731 1568 814 subegit
1586 751 1679 791 aut

54 820 279 885 miscuit.
323 821 468 878 Dani
488 819 785 899 plurimum
806 818 994 876 Suedis
1013 818 1206 876 dedere
1241 819 1488 898 negotii,
1523 820 1597 873 ita
1618 835 1680 874 ut

58 922 266 984 partem
288 905 518 967 Sc'anziae
539 944 556 970 ‚
592 922 711 962 eam
731 921 849 981 quae
885 905 1018 958 mari
1051 903 1256 957 Baltico
1294 901 1543 978 proxima
1575 897 1679 967 est,

54 1007 201 1044 nunc
219 1006 445 1065 quoque
459 989 734 1042 retineant.
757 983 980 1064 Ingreffi
1000 1002 1179 1045 autem
1198 983 1253 1040 hi
1271 981 1391 1040 sunt
1408 984 1684 1039 Scanziam

59 1090 175 1135 non
195 1069 373 1126 multo
391 1086 512 1125 ante
530 1066 806 1124 Iustiniani
832 1085 1104 1147 tempora,
1144 1065 1296 1146 quod
1320 1086 1382 1122 ex
1412 1065 1682 1121 Iornande

61 1153 313 1230 colligere
334 1149 408 1209 est
429 1193 446 1218 ,
494 1152 588 1230 qui
608 1148 786 1229 pulsos
817 1171 1008 1209 eorum
1024 1153 1073 1207 vi
1102 1150 1346 1207 Herulos
1367 1151 1428 1212 iis
1445 1145 1679 1215 sedihuS‚

59 1254 193 1312 quas
213 1235 270 1290 in
290 1236 504 1291 Scanzia
521 1231 781 1289 tenebant
798 1233 1129 1310 nos-edocet3
1147 1253 1323 1310 neque
1342 1249 1524 1287 tamen
1542 1232 1687 1294 mul-

68 1334 187 1371 tum
221 1332 352 1381 tunc
391 1337 487 1372 eos
507 1316 736 1373 Scanziae
755 1312 979 1379 tenuisse
999 1315 1123 1377 inde
1143 1317 1368 1394 colligas,
1381 1314 1533 1392 quod
1549 1317 1686 1370 circa

65 1395 253 1454 eadem
273 1414 520 1475 tempora
539 1395 769 1454 scribens
786 1400 1089 1476 Procopius
1109 1399 1165 1453 in
1184 1400 1411 1458 Scanziae
1428 1395 1687 1475 gentibus

62 1480 356 1536 Danorum
379 1500 492 1535 non
513 1481 761 1535 meminit
779 1519 796 1545 ‚
814 1478 902 1536 sed
921 1500 1015 1534 eos
1035 1481 1109 1535 cis
1128 1499 1272 1540 mare
1292 1481 1558 1535 Balticum
1578 1499 1686 1556 po-

65 1563 148 1616 nit
159 1562 362 1616 Varnis
393 1561 770 1616 conterminos
789 1600 806 1626 ‚
830 1563 1055 1617 Scanziae
1074 1578 1256 1616 autem
1276 1579 1441 1638 quam
1463 1558 1688 1617 Thulen

69 1640 176 1720 ipse
198 1658 355 1698 vocat
376 1682 393 1709 2
411 1643 715 1720 proximos.
761 1644 895 1698 Sunt
916 1659 1097 1704 autem
1118 1640 1305 1700 hiduo
1323 1646 1576 1699 omnium
1596 1646 1693 1721 qui
1734 1668 1759 1689 o

65 1725 258 1787 Danos
282 1721 634 1795 nominarunt
650 1721 997 1788 vetustiffimi.
1021 1747 1143 1782 nam
1163 1718 1688 1782 VenantiusFortu-

9 1881 15 1885 ἱ
67 1824 223 1865 natus
241 1809 334 1884 qui
353 1813 406 1864 δε
427 1805 531 1885 ipse
546 1807 745 1865 Danos
760 1811 1008 1864 nominat
1024 1805 1119 1863 sub
1139 1806 1343 1864 Iustino
1362 1811 1574 1865 minore
1587 1806 1692 1867 flo-

70 1892 258 1959 ruitssc
277 1890 500 1968 proinde
516 1892 793 1968 Procopio
813 1886 918 1947 fuit
934 1889 1460 1970 posterior,eiautem
1482 1899 1693 1956 c'oaevus

72 1968 176 2028 fuit
193 1970 498 2053 Gregorius
515 1970 856 2029 Turonensis
877 2013 893 2039 ,
930 1973 1071 2051 apud
1092 1993 1254 2052 quem
1280 1973 1469 2029 itidem
1486 1976 1687 2035 Dano—

41 2130 43 2132 ³
71 2073 195 2111 rum
214 2057 421 2111 mentio
443 2096 457 2116 ‚
488 2053 576 2113 sed
593 2058 649 2111 in
676 2052 894 2111 historia
912 2073 1224 2134 temporum
1249 2054 1410 2131 (nihil
1426 2060 1571 2113 enim
1592 2053 1691 2112 dist

72 2133 375 2208 fimulabo)
415 2136 689 2194 Iustiniani
719 2135 824 2195 five
861 2141 1114 2217 Procopii
1150 2156 1401 2217 tempora
1435 2138 1691 2196 nonnihil

74 2219 508 2294 antecedentium
529 2261 545 2288 ‚
579 2222 884 2300 pertinet&
903 2222 967 2277 ad
987 2224 1369 2298 antiquitatem
1398 2227 1453 2279 &
1487 2221 1550 2278 ad
1565 2222 1694 2300 glo-

73 2303 206 2356 riam
244 2302 550 2360 Suedorum
575 2344 593 2372 ,
622 2303 776 2382 quod
808 2302 902 2380 ipsi
939 2304 1015 2362 illi
1044 2306 1192 2360 Dani
1234 2303 1540 2364 Suedorum
1572 2302 1698 2360 sunt

74 2381 304 2462 posteri,
334 2381 363 2440 ἐ
390 2406 562 2465 regno
594 2384 782 2465 egressi
805 2386 1011 2445 Suediae
1031 2427 1048 2453 ‚
1070 2379 1144 2445 vut:
1177 2388 1366 2450 Ericus
1397 2390 1694 2449 Danorum

72 2486 164 2522 rex
184 2507 201 2533 ,
229 2469 454 2524 minime
471 2465 741 2547 suspe6⁷tus
761 2509 777 2535 ‚
805 2472 944 2529 inter
976 2488 1168 2548 gentes
1201 2469 1336 2528 adeo
1357 2471 1572 2528 aemulas
1591 2490 1690 2526 au·-

76 2547 228 2612 θεοῖ,
273 2567 397 2605 a-nte
430 2549 530 2607 hos
574 2569 747 2607 annos
781 2551 1047 2607 ducentos
1083 2557 1361 2614 memoriae
1408 2551 1647 2629 prodidit
1670 2592 1690 2619 ‚

78 2631 363 2710 multoque
384 2653 507 2690 ante
541 2653 668 2691 eum
698 2634 1063 2695 Historiarum
1097 2633 1324 2714 scriptor
1361 2637 1554 2692 Danus
1586 2656 1699 2690 ma—

79 2730 307 2790 gnaeque
323 2715 466 2793 apud
495 2717 689 2773 Danos
708 2718 1044 2774 auctoritatis
1083 2721 1219 2775 Saxo
1238 2741 1255 2785 3
1293 2739 1472 2797 neque
1504 2738 1633 2775 vero
1652 2719 1703 2777 is.v

82 2795 288 2868 primus
305 2835 323 2863 ‚
356 2819 667 2878 quanquam
687 2801 785 2856 viri
801 2800 919 2856 talis
936 2800 1020 2856 vel
1042 2803 1202 2860 unius
1221 2800 1595 2858 testimonium
1614 2816 1696 2853 ta-

83 2876 133 2937 le
149 2871 312 2933 fidem
330 2898 577 2937 merctur.
624 2882 725 2938 Sed
764 2900 849 2939 tot
883 2899 1003 2938 ante
1038 2880 1234 2941 saeculis
1257 2884 1402 2942 idem
1432 2879 1699 2958 scripserat

82 2960 395 3020 nominatus
417 2967 535 3040 jssam
563 2963 696 3024 mihi
730 2970 783 3023 ὃς
804 2966 1172 3029 nominandus
1193 2963 1334 3045 -saepe
1365 2962 1658 3026 Iornandes

907 3067 938 3111 a
982 3067 1008 3129 Σ
1488 3040 1703 3126 scripse-
