1888 3428
206 168 1145 231 H1s‘roR1AEVANDAL1cAE
1200 170 1423 226 L113.I.
1569 183 1612 246 7

14 275 273 316 memores
290 294 309 322 ‚
336 252 559 311 obirent
575 273 636 310 ea
651 270 767 330 quae
782 247 1060 308 servorum
1078 248 1201 307 sunt
1220 290 1235 312 ,
1267 269 1613 332 quaecunque

13 340 212 399 domini
244 339 611 418 injungerent.
665 350 720 390 at
753 353 868 411 non
903 333 1083 389 multo
1122 332 1242 411 post
1273 333 1635 392 condicenda'
1699 385 1703 388 ,

12 421 110 492 die,
125 424 257 480 circa
272 417 445 500 ipsum
467 417 743 477 meridiem
765 455 781 476 ‚
801 436 926 472 cum
946 413 1118 494 pransi
1138 415 1350 473 domini
1370 416 1436 474 de
1456 436 1614 475 more

12 506 202 584 capturi
223 501 475 561 somnum
503 499 666 558 essent
688 541 706 567 ,
742 499 806 556 ad
825 516 1041 577 portam
1063 494 1113 555 se
1132 495 1446 556 conferrent
1466 499 1611 555 Sala-

11 589 134 644 :iam
153 630 167 652 ,
202 592 256 644 &
275 584 456 642 subito
475 581 771 642 interfecstis
788 579 1104 639 custodibus
1123 622 1140 649 ,
1175 602 1293 638 eam
1324 585 1613 660 aperirent.

11 671 106 726 His
122 666 438 748 praestruffis
458 709 476 735 ‚
508 664 791 723 Alarichus
818 666 1029 743 legatos
1049 665 1218 721 mittit
1238 664 1302 723 ad
1320 662 1613 730 senatoreS,

10 750 209 810 laudare
238 749 286 809 se
320 750 499 809 dicens
533 746 776 828 ipsorum
808 745 976 806 fidem
1012 750 1068 804 in
1099 744 1258 827 suum
1293 750 1614 828 principem.

9 835 119 893 Nec
134 832 392 892 abstinere
411 830 459 890 se
481 829 648 912 posse,
665 829 974 890 constantiae
994 851 1052 888 ac
1072 832 1374 898 virtutum',
1394 851 1527 911 quas
1546 828 1616 900 ab

9 915 122 995 ipsis
152 919 369 973 maximi
402 913 521 973 fieri
550 936 632 972 res
658 913 967 985 ostenderet
985 955 1003 983 ,
1029 915 1447 987 admiratorem,
1478 916 1618 993 quin

8 999 142 1078 apud
171 1001 316 1056 viros
347 998 554 1078 probos
583 998 718 1056 adeo
737 994 1054 1076 sansstosque
1073 996 1407 1056 documenta
1429 994 1508 1055 sui
1528 1016 1618 1054 re-

7 1082 268 1161 inqueret·
283 1123 299 1149 ‚
321 1080 501 1140 servos
518 1103 715 1161 nempe
734 1122 752 1148 ‚
786 1103 929 1161 quos
947 1083 1101 1139 dono
1122 1081 1246 1139 dare
1265 1077 1486 1161 singulis
1505 1080 1618 1139 vel·-

7 1165 84 1220 {et.
124 1164 244 1222 Nec
275 1167 454 1223 multo
475 1164 595 1245 post
630 1162 796 1222 miffis
832 1162 1258 1223 adolescentibus
1289 1183 1474 1243 parare
1501 1160 1617 1219 abi-

7 1263 120 1303 tum
143 1243 394 1305 barbaros
409 1248 566 1323 jubet
590 1288 605 1309 ,
631 1252 704 1304 ita
721 1265 781 1303 ut
801 1268 860 1304 ea
878 1268 957 1304 res
976 1246 1042 1304 ad
1057 1249 1446 1304 Romanorum
1465 1246 1619 1303 noti-

0 1329 127 1403 tiam
147 1332 464 1407 perveniret.
508 1332 584 1387 nli
606 1335 660 1387 &
677 1327 968 1386 verborum
983 1327 1198 1386 honore
1215 1328 1423 1387 deli-niti
1444 1335 1498 1387 δε
1517 1327 1620 1386 do-

0 1411 536 1493 }nislaeti,gaudentes
552 1415 765 1469 animos
797 1411 825 1468 a
851 1409 1205 1469 barbarorum
1226 1409 1620 1490 infidiislonge

5 1511 315 1551 averterant.
334 1496 479 1552 Nam
499 1501 794 1571 &juvenes
815 1490 1044 1573 promtis
1064 1492 1369 1571 ministeriis
1384 1501 1617 1550 omnem

5 1594 310 1632 amoverant
326 1574 683 1654 suspicionem
700 1616 718 1642 ,
751 1581 804 1632 δε
827 1577 893 1633 de
912 1580 1149 1632 exercitu
1169 1578 1253 1651 alii
1272 1573 1448 1632 soluta
1466 1572 1618 1631 obfi-

4 1657 160 1716 dione
175 1655 352 1714 abiiffe
383 1701 400 1723 ‚
439 1655 796 1714 cernebantur
814 1695 832 1722 ,
866 1656 1122 1733 idemque
1134 1660 1356 1731 jamjam
1373 1653 1620 1714 fabitur&
1647 1662 1651 1667 '

4 1757 215 1798 caeteros
233 1760 347 1796 non
368 1737 646 1797 videbatur
676 1735 1056 1803 dubitandum.
1099 1737 1212 1796 Vbi
1233 1759 1364 1797 vero
1383 1737 1621 1798 destina-

3 1841 51 1880 ta
68 1821 348 1880 advenerat
365 1822 497 1884 dies,
515 1821 799 1881 Alaric'nus
817 1843 1044 1879 omnem
1068 1825 1364 1879 exercitum
1379 1823 1437 1878 in
1458 1823 1630 1880 armis*

3 1923 345 1984 paratumque
377 1906 667 1983 irruptioni
700 1903 889 1962 habuit
906 1926 1073 1985 prope
1091 1902 1259 1985 ipsam
1282 1922 1499 1983 portam
1519 1908 1618 1962 Sa·
1701 1974 1704 1975 ⁷

3 1989 179 2044 latiam
200 2032 213 2053 ,
242 2009 361 2067 quae
394 1993 566 2066 prima
594 1986 688 2067 ipsi
709 1985 884 2045 fuerat
905 1985 1201 2046 castrorum
1221 1985 1387 2046 sedes,
1431 1991 1619 2062 Atju-

3 2083 157 2128 venes
187 2069 480 2149 praestituto
510 2071 614 2128 diei
644 2088 892 2149 tempore
920 2091 1117 2129 omnes
1150 2069 1215 2128 ad
1235 2070 1461 2128 eandem
1482 2090 1618 2150 por»

2 2171 108 2212 tam
126 2152 457 2233 conglobati,
480 2152 794 2210 custodibus
811 2153 877 2211 de
894 2156 969 2211 im
979 2151 1195 2233 proviso
1211 2151 1418 2222 occifiS,
1437 2172 1619 2233 porta,
1641 2229 1643 2231 ³

2 2254 62 2294 ut
78 2237 353 2293 voluerant
371 2278 385 2303 ‚
408 2256 587 2316 aperta
603 2280 617 2301 ,
652 2234 964 2293 Alarichum
986 2257 1325 2315 omnemque
1346 2240 1461 2312 ejus
1480 2238 1621 2294 mili-

3 2336 112 2375 tem
147 2316 396 2376 admisere
415 2361 428 2374 .
483 2322 638 2375 Tum
676 2339 805 2375 vero
837 2316 1047 2376 barbari
1082 2323 1135 2376 in
1169 2321 1417 2398 proxima
1446 2337 1618 2397 portae

3 2397 216 2457 aedificia
234 2402 486 2459 incendio
505 2399 734 2482 grassati,
758 2423 876 2481 quae
896 2405 1036 2460 inter
1051 2398 1497 2460 domus'Sallustii
1516 2398 1619 2459 no-

2 2479 119 2540 bilis
148 2484 422 2562 quondam
448 2477 801 2541 ‘historiarum
836 2481 1106 2564 scriptoris
1142 2484 1372 2544 semusta
1407 2483 1473 2542 ad
1508 2504 1620 2542 no-

3 2564 157 2620 stram
186 2583 393 2623 aetatem
428 2566 618 2624 mansit
639 2607 655 2634 ‚
681 2568 948 2646 omnique
981 2566 1114 2626 urbe
1149 2564 1354 2647 direpta
1370 2607 1387 2635 ‚
1420 2588 1621 2648 magna

4 2647 381 2707 Romanorum
414 2651 553 2707 caede
574 2651 714 2707 edita
734 2692 749 2718 ‚
787 2669 1020 2731 pergunt
1038 2652 1161 2708 alio.
1208 2651 1348 2725 Qo
1364 2666 1622 2730 tempore

8 2733 155 2803 aJunt
185 2730 442 2789 Honorio
477 2734 753 2791 Ravennae
775 2736 956 2813 agenti
987 2731 1371 2791 eunuchorum
1405 2754 1620 2798 unum,
1688 2734 1695 2741 “

7 2812 201 2867 aviario
222 2813 579 2893 praepofitum‚
598 2813 822 2873 attulisse
839 2819 1116 2881 nuntium,
1136 2819 1380 2882 Romam
1400 2813 1584 2896 periise
1599 2836 1617 2871 t

8 2912 184 2972 eoque
201 2895 381 2954 audito
398 2894 704 2954 exclamasse
721 2896 1044 2977 principem,
1060 2902 1209 2979 atqui
1226 2899 1397 2959 modo
1415 2899 1483 2956 de
1504 2918 1624 2955 ma·-

7 2994 84 3033 nu
103 2996 222 3033 mea
239 2978 472 3039 comedit
501 3019 519 3048 ‚
549 2982 614 3039 de
630 2981 772 3060 gallo
791 2983 1107 3040 Gallinaceo
1125 3001 1257 3041 tunc
1277 3001 1504 3063 quoque
1524 2999 1625 3036 co-

978 3068 1033 3123 A
1074 3085 1114 3141 4
1450 3065 1633 3144 gitan-
