1888 3428
256 145 374 228 }38
577 147 976 213 Pnocopu
1032 138 1620 202 CAESAREENsrss

254 230 499 309 spectum
519 226 802 295 admissus,
834 226 1073 285 laudavit
1093 231 1208 301 ejus
1237 214 1631 282 humanitatem
1651 264 1670 293 ,
1692 221 1888 295 ιιιιιίιειι

255 311 331 369 ob
353 313 496 369 illam
516 309 718 367 bona
695 333 724 367 a
754 312 880 368 Deo
901 307 995 388 ipsi
1012 325 1270 364 eventura
1289 327 1390 386 pro
1420 325 1567 365 certo
1583 297 1867 386 pollicem,

250 415 432 474 neque
450 391 575 451 fibi
562 411 834 472 ingratum
870 393 1114 447 animum
1133 393 1189 447 in
1210 406 1321 447 tam
1341 390 1663 447 clementem
1688 390 1870 448 domi-

249 498 404 533 num.
447 477 582 554 quin
614 473 649 530 fi
684 472 733 530 se
764 473 912 530 utilia
938 470 1249 529 suadentem
1271 470 1476 528 audiret
1496 509 1515 536 ,
1547 469 1888 530 effecturum¹

249 575 313 615 ut
333 557 481 615 brevi
501 576 718 635 magnas
752 555 962 612 divitias
996 552 1389 632 adipisceretur.
1432 546 1549 610 Effe
1567 553 1708 633 apud
1726 555 1875 612 Scla-

248 661 350 699 vos
372 638 733 697 Chilbudium
751 638 1137 693 Romanorum
1151 634 1440 714 quondam
1458 634 1692 703 ducem,
1725 657 1872 693 nunc

247 724 306 779 in
324 720 456 778 servi
474 719 694 778 fortuna
712 717 946 776 barbaris
969 723 1302 798 ignoratum.
1349 715 1388 773 fi
1423 738 1523 794 pro
1544 738 1611 774 eo
1637 722 1871 794 pretium

249 805 466 859 Sclavus
486 803 841 881 persolveret,
869 805 1153 879 virumque
1171 798 1428 856 illustrem
1450 793 1719 857 Romanis
1738 800 1888 857 locis⁴

246 885 532 951 redderet,
566 881 814 941 credibile
846 904 1097 962 magnam
1133 874 1260 939 inde
1294 882 1524 959 gloriam
1544 901 1641 938 nec
1659 885 1876 940 minora

248 967 317 1023 ab
335 972 662 1044 Imperatore
697 967 910 1042 praemia
940 963 1039 1040 ipfi
1052 962 1250 1020 futura.
1291 964 1426 1021 Haec
1444 983 1568 1020 cum
1587 964 1888 1021 Κοιιιειιιιιὲ1

246 1050 334 1105 ille
350 1046 570 1113 dixisset,
589 1044 740 1103 facile
760 1043 1008 1124 persuasit
1026 1046 1278 1110 domin0‚
1297 1044 1474 1101 secum
1494 1062 1555 1102 ut
1571 1046 1635 1102 ad
1656 1048 1888 1127 Sclavosv

249 1134 364 1186 iret.
409 1151 533 1186 nam
568 1126 711 1184 forte
745 1128 973 1184 induciae
996 1127 1241 1207 quaedam
1261 1124 1534 1183 barbaris
1521 1146 1660 1183 inter
1681 1127 1729 1184 se
1748 1149 1888 1184 mu*⁴

225 1218 228 1226 '
249 1215 440 1289 tuique
475 1228 813 1267 commeatus
848 1217 1027 1265 erant.
1061 1209 1268 1264 Multas
1304 1210 1558 1286 pecunias
1593 1200 1882 1268 Chilbudii

249 1291 380 1349 dant
397 1292 672 1357 domin0‚
703 1309 1023 1368 erutumque
1057 1289 1337 1347 hominem
1366 1287 1545 1345 secum
1577 1289 1881 1350 abducamu-

250 1373 370 1432 Vbi
378 1372 607 1431 domum
626 1372 859 1429 reditum
878 1390 987 1429 erat
1002 1412 1020 1438 ‚
1054 1374 1354 1452 interrogat
1372 1391 1552 1429 emtor
1567 1371 1888 1446 hominem„

252 1453 447 1513 effetne
478 1454 586 1533 ipse
620 1453 948 1536 Cbilbudius
966 1454 1073 1523 dux
1094 1455 1501 1511 Romanorum.
1541 1455 1627 1512 ille
1654 1457 1888 1521 mentirissff

251 1541 446 1596 nolens
465 1537 653 1596 ordine
677 1532 790 1593 rem
824 1557 1052 1594 omnem
1082 1559 1144 1594 ex
1165 1558 1226 1593 ve
1231 1557 1294 1593 ro
1312 1538 1553 1616 explicat.
1596 1535 1869 1617 Antams
1881 1538 1885 1544 ’

198 1690 201 1691 ⁷
252 1637 440 1698 gente,
459 1641 583 1676 cum
599 1621 797 1676 Sclavis
812 1619 1091 1698 quondam
1107 1618 1353 1676 hostibus
1371 1615 1709 1699 congressum
1736 1640 1838 1698 prae

250 1703 327 1758 lio
346 1720 712 1780 captumque·
735 1721 879 1757 nunc
898 1721 1022 1757 cum
1042 1705 1180 1757 intra
1198 1699 1332 1757 fines
1352 1702 1583 1768 redierit,
1604 1699 1869 1779 postlimi

252 1786 348 1839 nio
369 1724 440 1840 sep
435 1782 684 1840 liberum.
727 1784 811 1840 ille
831 1786 924 1861 qui
942 1785 1176 1838 multum
1195 1785 1307 1839 auri
1323 1780 1619 1862 erogaffet,
1640 1787 1862 1861 gravite
1875 1808 1886 1843 i

250 1863 703 1944 perturbabatur,
722 1863 808 1941 spe
824 1882 931 1920 tam
955 1863 1170 1942 pulchra
1186 1863 1443 1939 dejefflms.
1485 1869 1562 1921 At
1579 1829 1885 1933 Romanu&

255 1952 409 2023 caepti
435 1964 590 2003 tenax
609 1944 765 2002 solari
784 1967 931 2011 eum,
951 1951 1004 2002 &
1026 1949 1133 2003 veri
1153 1944 1298 2026 signa
1316 1943 1683 2013 confundere,
1703 1946 1883 2028 nimi-2}

252 2048 466 2084 rumne
490 2028 619 2105 quid
640 2025 732 2084 fibi
753 2031 928 2085 aventi
962 2027 1024 2084 ad
1044 2044 1258 2104 penates
1287 2027 1454 2085 redire
1471 2028 1826 2107 impediment

254 2107 400 2166 esset.
443 2110 720 2167 Pertendit
739 2108 882 2165 hunc
900 2107 997 2165 effe
1015 2111 1166 2167 illum
1189 2103 1568 2177 Chilbudium,
1588 2107 1675 2167 sed
1695 2131 1863 2189 metu¹

255 2191 421 2249 dum
408 2209 548 2247 inter
567 2189 820 2247 barbaros
840 2209 1053 2270 ageret,
1086 2192 1231 2247 nolle
1267 2212 1454 2248 verum
1473 2194 1703 2270 eloqui·
1737 2215 1859 2252 eun..

253 2273 382 2329 dem
418 2267 453 2328 fi
484 2271 660 2329 fines
649 2290 786 2328 intra
814 2274 1101 2329 Romanos
1136 2270 1452 2330 constitiffet
1483 2314 1498 2338 ‚
1543 2294 1658 2329 non
1695 2275 1859 2351 mods
1887 2298 1888 2301 ’

255 2334 409 2432 quod
431 2372 510 2410 res
530 2371 638 2411 erat
658 2375 771 2409 non
790 2358 1128 2422 caelaturum,
1163 2353 1248 2411 sed
1268 2360 1323 2412 δε
1339 2355 1700 2435 gloriaturum
1717 2397 1734 2423 ,
1767 2358 1855 2436 neq

255 2435 366 2493 fine
384 2434 551 2497 causa,
570 2454 678 2493 tam
701 2437 841 2491 claro
860 2439 1098 2493 nornine.
1142 2437 1276 2492 Haec
1295 2419 1514 2515 quidem
1536 2439 1823 2516 aliquamdi

255 2518 393 2574 clam
427 2515 680 2574 barbaros
709 2516 1018 2596 agebantur.
1065 2522 1142 2574 At
1173 2517 1338 2575 ubiin
1358 2519 1763 2586 multitudinem
1782 2519 1879 2600 ιεζι

254 2601 518 2663 innotuit,
539 2601 713 2656 coiere
738 2604 892 2657 Antae
917 2620 1084 2678 prope
1103 2620 1296 2655 omnes
1311 2641 1329 2667 ‚
1348 2600 1626 2678 publicum
1645 2600 1745 2659 effe
1763 2623 1877 2675 ne

256 2683 476 2762 gotium
493 2679 873 2741 existimantes,
858 2701 1193 2761 ‚magnaque
1213 2683 1268 2738 in
1287 2702 1583 2740 commune
1602 2680 1750 2742 bona
1762 2658 1843 2763 fib:

253 2781 383 2819 nata
412 2759 545 2829 effe,
578 2762 730 2839 quod
760 2763 1077 2820 Romanurn
1108 2764 1308 2820 ducem
1322 2762 1712 2822 Chilbudium
1698 2786 1755 2822 m
1772 2763 1829 2823 su

255 2842 517 2901 haberent
548 2843 824 2923 potestate.
868 2845 1079 2902 Gentes
1097 2848 1297 2924 quippe
1316 2848 1411 2905 illae
1433 2848 1596 2903 Antae
1615 2868 1672 2905 ac
1693 2847 1840 2905 Sclav

255 2944 375 2986 non
390 2930 547 2986 unius
564 2944 827 3008 reguntur
845 2928 1074 3010 imperio
1094 2924 1181 2988 sed
1196 2930 1447 2989 omnium
1465 2926 1723 2992 consensu
1742 2969 1760 2997 ,
1777 2917 1834 2986 id'
1854 2954 1855 2957 ¹

1629 3022 1631 3024 ’
1684 3028 1857 3099 εοςη]
