1888 3428
247 166 365 245 353
513 165 963 227 PRocoPu
1018 161 1564 225 CAEsAREENsrs
1641 179 1653 211 ι
1879 225 1885 226 ι

236 251 388 327 piat,
426 267 590 325 quam
618 263 804 305 cautus
821 246 1052 341 providi.
1098 267 1223 303 nam
1242 252 1338 326 qui
1361 246 1447 326 spe
1464 240 1716 328 praesent‘e
1735 268 1854 307 maa
1879 262 1882 263 ’

233 336 353 424 jora
371 329 709 409 aggreditur,
727 333 937 386 excitati
962 331 1123 386 animi
1143 331 1375 387 creditus
1391 331 1604 387 laudem
1624 330 1748 387 inde
1761 352 1852 388 ac·-

240 414 390 490 cipit.
434 430 485 467 at
501 415 594 490 qui
616 429 826 469 maturo
845 411 1048 485 judicio
1068 412 1301 506 pericula
1320 412 1584 479 declinat,
1618 410 1653 467 fi
1684 432 1767 468 res
1785 411 1854 468 fi-

237 492 402 571 nistre
422 494 592 560 cadat,
614 511 871 550 oneratur
888 490 1119 549 fortunae
1139 496 1398 561 crimine,
1431 514 1665 587 cum-‘que
1685 498 1853 550 ratio-

236 579 322 632 nis
341 597 403 633 ex
425 574 723 654 praescripto
742 580 941 654 egerit,
963 574 1092 632 nihil
1112 572 1267 654 egiffe
1289 575 1385 632 ab
1373 578 1631 654 imperitis
1645 574 1854 650 judica-

238 676 349 714 tur.
396 658 485 715 Ad
505 657 613 716 haec
631 677 745 713 non
765 660 1048 736 cogitatiS,
1070 661 1164 736 qui
1185 656 1316 713 mihi
1343 655 1695 723 succensetiS,
1721 656 1853 734 quid

236 738 302 796 fit
319 741 370 795 ill
380 738 450 796 ud
470 739 621 818 quod
641 761 737 795 vos
758 738 1012 796 stimulet.
1054 738 1359 797 Belisarium
1393 741 1457 796 de
1477 738 1636 797 vobis
1652 738 1852 794 habere

234 822 390 901 quod
408 819 456 877 se
467 823 633 897 jatfftet
647 822 878 887 crediti3‚
896 825 988 900 qui
1009 842 1177 898 nuper
1196 825 1356 900 capti,
1373 819 1606 901 fugitivi,
1622 820 1745 878 inde
1765 841 1852 876 me

236 905 373 960 duce
397 901 582 960 sumtis
605 906 784 970 armiS,
801 921 885 959 tot
907 904 971 960 de
991 925 1059 961 eo
1081 904 1327 960 viftorias
1345 901 1669 981 reportastis.
1708 902 1792 958 Eo
1814 899 1851 957 fi

237 988 409 1042 ‚rirtus
427 1005 526 1041 vos
545 1005 664 1041 mea
682 985 962 1062 perduxit,
976 982 1147 1043 haec
1126 1008 1153 1042 a
1190 984 1347 1043 vobis
1374 985 1450 1041 sui
1470 986 1766 1042 reverentia
1784 981 1852 1038 si-

237 1069 498 1123 lentium
486 1084 738 1144 impetret
755 1104 772 1133 ,
800 1070 938 1123 inter
967 1069 1295 1146 improspera
1317 1066 1746 1144 expendentibus
1767 1085 1851 1121 res
1874 1100 1878 1104 -

234 1148 496 1205 humanas
517 1189 533 1216 ,
554 1169 717 1226 quam
733 1147 951 1226 suopte
940 1153 1155 1228 moenia
1175 1149 1275 1206 {int
1293 1149 1605 1207 instabiles:
1639 1146 1714 1204 fin
1733 1145 1853 1203 for-

234 1249 378 1287 tunae
395 1249 608 1307 accepta
626 1228 761 1286 ferre
784 1197 1034 1288 mavultis
1052 1252 1197 1307 parta
1218 1250 1346 1287 tunc
1365 1231 1596 1295 decora,
1631 1231 1800 1308 magis
1822 1227 1851 1283 ἐ

234 1334 289 1369 re
311 1310 474 1369 vestra
491 1315 588 1367 erit
609 1308 885 1386 fortunam
907 1309 1193 1390 suspicere,
1226 1334 1386 1391 quam
1408 1315 1463 1367 in
1483 1332 1600 1367 eam
1619 1309 1850 1367 incursa==

196 1401 204 1407 '
233 1415 289 1450 re
313 1435 329 1461 ‚
357 1413 425 1451 ne
456 1413 588 1449 mox
621 1394 766 1449 malo
801 1413 926 1450 cum
958 1393 1133 1451 vestro
1154 1398 1424 1473 cogamini
1444 1393 1637 1450 discere
1656 1391 1851 1450 mode-

236 1474 410 1533 stiam.
451 1477 572 1555 quis
605 1478 750 1532 enirn
777 1495 942 1556 neget
976 1477 1140 1555 longe
1168 1473 1338 1533 abesse
1372 1476 1400 1533 Ξι
1432 1479 1690 1556 gravitate
1723 1495 1850 1532 mof-

236 1579 392 1624 rum,
412 1556 447 1614 fi
467 1599 484 1626 ,
503 1557 703 1636 quibus
722 1561 879 1637 paulo
903 1577 1025 1615 ante
1044 1580 1124 1616 res
1146 1560 1401 1637 prosperae
1422 1565 1476 1614 &
1496 1560 1675 1616 multae
1699 1557 1851 1614 obti-

235 1657 432 1718 gerunt
470 1647 523 1696 &
559 1660 765 1719 magnae
785 1681 801 1707 ‚
833 1640 907 1697 ob
944 1638 1302 1698 offenfionem
1322 1641 1542 1698 brevem
1562 1639 1850 1697 demittant

233 1726 520 1778 animum?
560 1720 712 1777 Nihil
747 1726 888 1778 enim
922 1723 1027 1779 hoc
1047 1724 1191 1779 aliud
1211 1723 1285 1779 est
1313 1744 1476 1802 quam
1495 1723 1777 1778 hominem
1797 1718 1847 1777 se

157 1805 160 1807 ’
232 1803 331 1860 effe
358 1804 503 1860 nolle
523 1820 614 1859 aut
636 1824 845 1881 negare.
879 1805 1048 1861 Nullo
1067 1807 1212 1861 enim
1237 1826 1477 1883 unquam
1495 1822 1740 1881 tempore
1759 1802 1849 1880 spe

234 1886 496 1950 excidere,
515 1888 621 1941 Dei
639 1883 802 1941 solius
822 1884 915 1942 est.
948 1906 1276 1964 quapropter
1297 1886 1363 1943 sic
1382 1884 1570 1942 censeo
1594 1929 1608 1950 ,
1641 1883 1848 1942 omiffis

233 1965 660 2046 cogitationibus
679 1966 874 2024 talibus
893 2009 908 2033 ,
943 1969 1181 2024 eundum
1208 1968 1367 2025 nobis
1386 1966 1848 2025 consentientibus

231 2052 423 2106 animis
441 2047 684 2104 adversus
701 2070 794 2104 eos
809 2053 903 2127 qui
921 2048 1140 2108 Perufiae
1159 2049 1278 2106 sunt
1295 2049 1493 2107 hosteS.
1536 2071 1677 2127 quos
1696 2047 1731 2105 fi
1756 2046 1845 2105 su-

229 2151 410 2209 perare
445 2129 658 2186 dabitur
685 2129 893 2187 rursum
931 2132 995 2188 ad
1031 2153 1133 2189 nos
1161 2134 1372 2189 redierit
1408 2131 1557 2188 bona
1592 2129 1811 2187 fortuna
1830 2165 1845 2185 f,

235 2215 463 2290 Quippe
496 2212 647 2290 quod
666 2209 868 2269 factum
888 2213 997 2281 est,
1030 2211 1212 2271 infeci
1206 2237 1293 2270 um
1318 2215 1549 2271 reddere
1560 2215 1703 2270 nulla
1722 2220 1880 2270 aetaszss'n

231 2294 424 2373 potest.
472 2294 574 2350 Sed
596 2293 685 2349 ubi
706 2299 836 2351 novi
859 2294 1109 2352 succeffus
1138 2296 1286 2373 lapsis
1305 2295 1688 2374 superveniunt
1713 2338 1728 2360 ‚
1764 2295 1846 2351 le—
1870 2346 1875 2351 .

231 2396 387 2434 vatur
404 2373 631 2433 tristium
648 2381 921 2434 memoria
968 2377 1232 2435 Perufiam
1254 2396 1434 2435 autem
1455 2399 1640 2466 capere
1659 2397 1844 2456 prom-

231 2476 351 2516 tum
370 2455 547 2514 vobis.
592 2458 896 2537 Cyprianus
915 2467 1005 2539 qui
1028 2460 1292 2516 Romanis
1312 2462 1383 2517 ibi
1407 2457 1643 2538 praefuit,
1677 2465 1719 2514 is
1738 2455 1844 2514 fuit

229 2544 327 2620 qui
366 2537 582 2597 consilia
614 2537 1000 2621 fortunamque
1034 2542 1269 2598 nostram
1307 2544 1524 2599 retudit.
1569 2541 1674 2597 fine
1707 2541 1843 2596 duce

231 2621 531 2679 multitudo
557 2618 770 2678 fortiter
803 2623 964 2680 nescit
983 2621 1191 2685 facete,
1229 2622 1511 2701 praesertim
1534 2622 1567 2684 fi
1589 2630 1640 2680 δι
1661 2641 1843 2678 rernm

232 2702 633 2762 necessariarum
661 2703 858 2783 egestas
889 2725 1112 2784 premat.
1154 2707 1272 2762 Nec
1308 2728 1336 2761 a
1371 2724 1525 2785 tergo
1546 2711 1778 2806 quing„
1774 2725 1843 2760 ιιι

230 2786 395 2844 nobis
430 2787 554 2843 mali
589 2787 941 2844 metuendum
977 2787 1068 2843 est.
1111 2787 1235 2844 ideo
1268 2793 1410 2843 enim
1433 2808 1658 2866 pontes
1669 2772 1759 2845 ff
1774 2789 1839 2849 ji,

233 2890 301 2925 ne
316 2889 423 2948 qua
440 2867 822 2946 visimprovisa
851 2870 1016 2926 inde
1004 2892 1058 2926 m
1080 2891 1179 2925 nos
1201 2872 1489 2949 ingrueret.
1534 2873 1681 2926 Tun
1721 2889 1838 2924 ero

233 2954 369 3009 inter
402 2948 451 3008 se
482 2947 706 3009 infestos
738 2954 913 3013 vivere
945 2916 1289 3010 Belisariumt>
1283 2973 1339 3010 ac
1356 2952 1655 3011 Iohannem
1678 2974 1740 3009 ex
1761 2971 1840 3004 re·-

1737 3032 1838 3089 bus
