1888 3428
225 157 667 217 GoTTHmAE
707 157 1117 218 His’rORIAE
1156 157 1301 213 LIB.
1331 159 1440 216 IV.
1564 160 1682 236 485

67 238 437 298 cundisrebus
453 281 470 308 ,
502 262 616 297 non
634 237 860 298 adversis
879 239 1167 317 ingenium
1185 240 1480 296 immutant
1495 279 1508 300 ‚
1525 237 1687 298 sedin

64 323 204 380 mala
219 318 443 380 fortuna
463 322 516 380 id
533 325 805 381 occultant
824 335 853 389 ,'
877 322 1112 377 maxime
1142 318 1179 374 si
1198 320 1379 378 alienae
1402 322 1686 402 indigeant

67 407 188 482 opis
219 445 236 471 ,
273 425 544 486 cogatque
576 427 669 461 eos
704 405 907 462 utilitas
941 398 1165 481 praesens
1193 403 1365 459 velare
1399 406 1681 461 malitiam.

65 488 172 543 His
194 490 446 566 cogitatis
473 487 828 568 redintegrate
859 506 984 542 cum
1013 489 1348 562 Imperatore
1368 486 1683 554 amicitiam,

0 571 1 574 ’
64 566 246 625 hostes
267 590 394 626 vero
427 573 680 647 antiquos
714 569 932 624 viriliter
960 566 1297 624 ulciscimini.
1341 567 1474 623 Haec
1492 569 1681 624 elocu-

64 668 125 708 to
143 655 382 708 Leontio
402 651 469 709 fic
493 650 765 729 respondit
791 648 1227 707 Theudibaldus.
1270 650 1388 706 Nec
1421 649 1574 726 quod
1593 670 1681 706 re·-

63 735 217 791 &um
237 733 310 800 est
334 775 349 801 ‚
365 756 461 792 nec
480 734 631 813 quod
650 730 1062 812 aequum‚facitis
1082 773 1097 794 ,
1113 752 1239 788 cum
1260 729 1442 788 nostra
1459 736 1679 791 arma-in

65 816 614 893 Gotthosinvocatis.
655 818 793 872 Sunt
812 819 957 872 enim
988 819 1145 871 amici
1171 834 1316 870 nunc
1340 813 1504 870 nobis
1525 814 1680 871 Got-

64 898 165 956 thi.
209 897 244 955 fi
265 902 433 957 ineos
453 901 595 956 leves
624 900 781 955 erunt
818 901 1038 965 Franci,
1068 919 1135 954 ne
1163 897 1317 953 vobis
1335 896 1559 975 quidem
1581 896 1679 955 fidi

64 1000 242 1040 erunt.
288 986 428 1061 Quae
462 986 609 1040 enirn
639 980 801 1040 semel
836 984 1124 1045 iiissarnicos
1156 983 1325 1059 patuit
1346 980 1481 1037 mala
1501 1000 1681 1047 mem,

62 1062 215 1122 facile
236 1069 433 1124 iterum
459 1083 621 1146 atque
639 1069 838 1127 iterum
864 1065 929 1123 de
948 1066 1098 1121 recto
1117 1066 1332 1122 tramite
1350 1062 1581 1120 decedit.
1612 1061 1681 1121 de

62 1146 263 1226 quibus
284 1152 440 1228 agitis
462 1153 636 1214 terri3‚
660 1147 766 1205 hoc
788 1149 977 1205 dicam.
1002 1149 1168 1203 Mens
1185 1148 1318 1225 patri
1340 1168 1465 1203 meo
1484 1144 1679 1202 Theu-

61 1229 289 1288 deberto
308 1253 423 1288 non
442 1231 547 1289 fuit
567 1235 676 1288 vim
697 1229 893 1288 inferre
911 1229 1157 1287 finitimis
1179 1270 1196 1297 ‚
1232 1247 1323 1285 aut
1343 1230 1508 1285 aliena
1526 1230 1682 1284 inva-

62 1312 207 1370 dere.
228 1319 641 1393 Argumentum
662 1319 776 1389 ejus
796 1318 869 1371 rei
890 1313 1065 1370 videte
1085 1335 1097 1368 :
1117 1311 1265 1368 dives
1281 1332 1394 1366 non
1411 1309 1545 1366 sum.
1563 1311 1681 1368 Ne-

62 1416 170 1474 que
188 1398 308 1454 illos
325 1418 484 1477 agros
520 1399 788 1454 Romanis
819 1394 1030 1452 abstulit
1051 1436 1067 1462 ‚
1104 1393 1191 1450 sed
1211 1414 1334 1450 cum
1353 1394 1565 1466 Totilas
1582 1414 1683 1450 eos

61 1476 389 1557 possideret,
438 1480 639 1536 Totilae
674 1475 922 1536 conceffu
957 1473 1280 1555 apertissimo
1320 1497 1415 1532 eos
1456 1478 1679 1553 accepit.

65 1561 451 1640 Qmobrem
486 1560 842 1619 Iustinianum
880 1563 1129 1638 oportuit
1158 1558 1410 1638 gratulari
1444 1560 1683 1624 FranciS,

61 1641 160 1701 fibi
176 1645 424 1722 gaudere.
466 1647 780 1723 quicunque
805 1647 958 1699 enirn
975 1663 1155 1699 rerum
1174 1640 1384 1699 suarum
1405 1659 1684 1719 raptorem

60 1725 130 1781 —ab
150 1727 265 1783 aliis
281 1724 493 1805 spoliari
511 1726 656 1783 videt
673 1770 686 1791 ‚
715 1724 876 1782 habet
900 1726 1038 1782 unde
1059 1725 1265 1782 laetetur
1283 1722 1583 1802 spectaculo
1593 1727 1685 1798 ju·-

62 1806 292 1865 stiffimae
318 1803 541 1865 ultionis
571 1811 626 1866 in
645 1830 770 1866 eum
791 1809 942 1865 editae
964 1849 980 1875 ,
1012 1806 1040 1863 ὲ
1059 1829 1172 1887 quo
1191 1804 1298 1882 ipse
1320 1809 1682 1883 perinjuriam

63 1889 210 1948 laesus
228 1891 332 1958 est,
379 1890 471 1948 nisi
494 1894 547 1947 in
575 1894 774 1948 ultores
809 1890 1121 1947 fitinvidus.
1161 1890 1307 1946 Nam
1327 1891 1683 1945 inimicorum

59 1976 179 2048 jura
209 1974 433 2032 tutanda
463 1971 720 2052 suscipere
756 1993 967 2053 partum
1002 1970 1102 2029 effe
1131 1971 1344 2034 invidiae
1374 1969 1688 2041 cunctihof

61 2060 238 2115 mines
270 2056 589 2114 existimant.
632 2059 755 2114 Nos
778 2078 907 2113 vero
927 2057 1087 2133 parati
1121 2053 1334 2133 insuper
1361 2052 1550 2113 sumus
1576 2051 1685 2109 hu·-

54 2143 145 2215 jus
163 2137 541 2197 controverfiae
558 2137 1001 2217 disceptationem
1022 2137 1237 2195 arbitris
1257 2138 1588 2216 permittere,
1619 2151 1685 2191 ut

63 2219 101 2277 fi
138 2222 269 2300 quid
303 2240 506 2299 patrem
541 2242 725 2277 meum
766 2220 924 2278 vobis
960 2218 1453 2299 eripuiffeffpareass
1497 2217 1551 2274 id
1572 2215 1684 2274 fine

2 2366 3 2370 Ἰ
65 2325 220 2361 mora
237 2303 264 2360 a
281 2303 441 2360 nobis
460 2302 777 2360 restituatur.
821 2305 891 2360 Et
915 2307 1122 2384 legatos
1153 2308 1244 2382 qui
1266 2323 1383 2359 earn
1403 2301 1689 2359 conditio-

62 2407 188 2443 nem
209 2383 384 2446 ferant
412 2386 565 2442 brevi
592 2388 914 2464 Byzantium
951 2390 1251 2443 mittemus.
1316 2386 1468 2442 Cum
1486 2383 1569 2440 his
1596 2383 1685 2439 di⁴

63 2470 164 2526 <Stis
179 2467 379 2526 dimisit
398 2471 696 2525 Leontium
730 2471 1046 2548 legatosque
1082 2490 1198 2525 non
1233 2466 1436 2525 distulit
1466 2470 1685 2524 mittere

63 2550 131 2608 ad
159 2556 552 2630 Imperatorem
577 2569 846 2629 quatuor,
884 2572 1121 2628 quorum
1147 2572 1286 2607 unus
1310 2569 1421 2607 erat
1440 2547 1684 2605 Leudar-

64 2633 165 2691 dus
183 2635 415 2690 Francus
431 2652 595 2713 gente
612 2673 629 2700 ,
648 2633 887 2711 quicum
907 2636 1227 2711 Byzantium
1246 2630 1686 2698 venissent,man-

65 2715 191 2772 data
210 2714 306 2772 fibi
336 2713 566 2773 exsecuti
585 2713 727 2772 sunt.
769 2716 977 2773 Interea
1004 2717 1220 2773 Totilas
1252 2715 1563 2792 objacentes
1597 2717 1683 2769 A-

64 2794 205 2856 fricae
227 2799 417 2855 insulas
437 2795 666 2876 flagrans
685 2798 954 2856 invadere.
994 2797 1143 2855 classe
1164 2817 1360 2878 parata,
1392 2793 1686 2871 impofito-

66 2900 175 2957 que
194 2879 312 2936 satis
346 2879 524 2938 valido
547 2884 784 2937 exercitu
811 2921 828 2946 ,
868 2879 1146 2938 Corsicam
1166 2887 1219 2938 δε
1256 2879 1549 2937 Sardiniam
1569 2874 1680 2953 peti

60 2952 290 3040 jusserat..
336 2965 431 3046 qui
453 2960 731 3022 Corsicam
753 2961 1130 3102 αάνεᾶΙί-Ιῑὲςτε
1150 3004 1167 3032 ,
1198 2958 1527 3021 indefensam
1548 2958 1691 3095 insu-

1084 3068 1106 3123 3
1610 3057 1695 3096 am
