1888 3428
218 195 671 253 Go‘r‘rtucffl
711 183 1100 241 H1s‘roR1AE
1140 178 1427 233 L1n.111.
1519 195 1628 251 331

15 276 370 357 ¹excursusque
391 278 446 331 in
468 269 646 330 hostes
663 264 832 325 facere
852 259 1274 319 meditabantur.
1312 256 1529 314 Postera
1546 257 1634 320 die

17 368 153 422 circa
173 358 450 420 meridiem
471 398 486 423 ‚
517 350 810 414 inteueetm
840 365 954 402 non
971 345 1139 422 longe
1160 336 1260 398 esse
1277 337 1456 395 hostes
1475 379 1491 405 ‚
1520 342 1635 396 exi*

15 445 148 503 bant
182 462 240 501 ut
272 453 634 499 occurrerent.
676 430 777 488 Sed
798 431 943 509 prius
965 425 1136 482 visum
1155 464 1171 488 ,
1211 442 1277 479 ne
1298 421 1428 500 quid
1452 442 1540 497 per
1557 440 1636 478 te-

15 531 319 587 meritatem
341 536 646 601 peccaretur
663 555 679 583 ‚
707 516 920 570 mittere
939 509 1343 586 exploratores,
1381 507 1477 581 qui
1497 506 1634 558 vires

14 631 207 668 eorum
230 607 641 685 specularentur.
685 597 882 654 Ricilas
899 612 1018 650 tum
1038 586 1180 646 forte
1203 629 1218 654 ,
1238 584 1439 643 satelles
1459 588 1513 640 δέ
1529 581 1654 661 ipse>

12 690 266 756 Belisarii,
293 692 417 745 vino
439 705 561 743 cum
581 673 901 740 incaluisset,
926 676 1057 731 alios
1075 670 1404 750 speculatum
1424 670 1498 723 ire
1520 686 1634 722 non

11 774 152 841 sivit,
171 773 312 831 solus
330 769 435 849 ipse
458 767 730 823 concitato
750 781 894 838 equo
918 774 1208 836 properans
1238 793 1254 819 ‚
1283 755 1338 807 in
1361 749 1479 806 loca
1497 768 1635 826 prae-

11 879 168 936 rupta
190 856 470 935 pervectus
502 853 559 904 in
593 842 845 901 Gotthos
880 840 1068 908 incidit
1102 856 1206 893 tres
1228 877 1245 903 ‚
1281 852 1441 912 atque
1475 833 1636 888 initio

12 936 319 1016 composuit
349 932 398 992 se
428 930 493 988 ad
524 948 801 1010 pugnam,
835 923 1194 1000 virimprimis
1213 917 1462 974 strenuus
1499 935 1513 969 ε
1548 911 1637 970 sed

10 1026 120 1080 aliis
142 1021 380 1097 undique
402 1010 746 1073 affluentibus
763 1050 780 1076 ‚
807 1010 864 1064 in
895 1003 1082 1084 fugam
1103 1003 1319 1082 cogitur
1358 1020 1371 1053 ε
1406 1016 1464 1053 ac
1488 992 1635 1052 forte

8 1108 149 1163 inter
169 1102 451 1180 praecipitia
468 1093 864 1175 procumbente
883 1107 1027 1168 equo
1049 1126 1065 1153 ,
1097 1088 1287 1165 ingens
1305 1078 1370 1138 ab
1390 1077 1637 1137 hostibus

11 1185 215 1245 clamor
231 1225 247 1249 ‚
286 1182 566 1260 multaque
599 1182 655 1235 in
672 1204 674 1207 >
692 1178 841 1234 illurn
865 1168 1067 1230 missilia
1079 1166 1439 1243 jastabantur.
1481 1158 1635 1240 quod

10 1291 136 1326 cum
158 1264 402 1323 vidiffent
420 1260 738 1321 Romani,in
757 1257 1014 1313 auxilium
1035 1263 1381 1329 procurrunt.
1427 1243 1531 1302 Sed
1550 1260 1635 1299 te-

0 1353 74 1409 ‘lis
93 1350 323 1408 obrutus
343 1348 576 1402 moritur
592 1343 808 1400 Ricilas.
851 1331 1191 1394 Thorimuth
1207 1326 1427 1408 ejusque
1453 1326 1634 1383 comi-

0 1453 114 1504 ξτες,
132 1429 286 1489 verfis
305 1433 358 1485 in
376 1424 563 1508 fugam
586 1422 831 1481 hostibus
847 1459 863 1484 ‚
896 1418 1186 1498 deportato
1204 1430 1423 1470 mortuo
1440 1428 1637 1487 corpo-

12 1537 68 1574 re
81 1515 320 1573 hominis
338 1532 454 1567 non
472 1509 700 1588 dignum
726 1502 817 1561 sua
833 1505 1028 1558 virtute
1055 1496 1228 1556 sortiti
1259 1496 1377 1551 vitae
1403 1494 1632 1552 exitum,
1707 1545 1711 1547 ,

0 1597 318 1657 'Auximum
342 1593 585 1650 redeunt.
612 1587 737 1647 Post
754 1585 865 1642 haec
884 1583 1141 1640 collocuti
1157 1579 1370 1656 Magno
1391 1573 1636 1631 Sabinia-

12 1701 117 1737 nus
152 1687 206 1737 &
237 1672 578 1733 Thorimuth
606 1671 808 1728 diutius
843 1666 917 1722 ibi
938 1666 1135 1722 morari
1158 1658 1299 1717 haud
1329 1679 1392 1714 ex
1415 1654 1509 1713 usu
1530 1677 1634 1736 pu·-

6 1761 155 1820 -blico
171 1759 494 1836 judicarunt,
516 1752 664 1833 quod
686 1751 748 1808 ad
769 1768 1012 1828 pugnam
1033 1746 1210 1802 multo
1230 1739 1278 1799 se
1299 1738 1437 1796 hosti
1456 1742 1634 1818 impa⁶

13 1865 95 1902 res
114 1843 386 1904 sentirent,
410 1858 569 1916 atque
595 1836 810 1893 interim
829 1828 1039 1887 obseffae
1060 1825 1231 1906 plebis
1251 1824 1505 1880 alimenta
1525 1825 1634 1878 mi-

13 1944 242 1984 nuentes
258 1923 363 1980 hoc
379 1919 492 2000 ipso
512 1917 778 1998 oppidum
799 1913 1035 1971 barbaris
1053 1910 1371 1984 objicerent.
1417 1905 1472 1961 id
1504 1925 1630 1961 cum

13 2005 313 2087 placuisset,
349 2002 442 2083 ips1
480 2008 535 2060 δε
568 2002 709 2059 mille
741 2017 863 2055 curn
886 2000 959 2052 eis
977 1994 1176 2050 milites
1196 1990 1471 2045 nefiturno
1493 1987 1632 2043 clam

11 2089 241 2150 discessui
265 2088 311 2146 se
332 2084 586 2164 parabant
606 2124 623 2151 ‚
658 2103 780 2139 cum
804 2077 945 2136 forte
964 2078 1199 2134 militum
1223 2091 1360 2129 unus
1379 2071 1442 2127 ad
1462 2069 1631 2127 hosti-

8 2176 74 2232 lia
93 2170 252 2230 castra
272 2165 634 2248 transfugiens
665 2163 797 2242 quid
830 2165 1121 2242 agitaretur
1142 2151 1404 2235 fignificat
1441 2174 1454 2207 ε
1494 2151 1634 2209 edo-—

10 2255 235 2335 &usque
263 2253 480 2310 Totilas
499 2290 514 2316 ‚
534 2269 626 2327 per
644 2246 865 2303 suorum
880 2244 1105 2300 dile&os
1126 2240 1269 2296 mille
1285 2276 1300 2302 ‚
1327 2238 1505 2315 primo
1525 2256 1634 2291 no·-

9 2338 109 2396 ἃὶς
131 2378 147 2403 ,
181 2352 413 2414 occupat
430 2336 621 2389 itinera
639 2331 858 2408 triginta
894 2322 1066 2383 ferme
1084 2322 1149 2379 ab
1166 2322 1413 2378 Auximo
1434 2316 1635 2383 stadiis,

9 2423 84 2479 i‘ta
115 2439 175 2479 ut
209 2423 339 2477 alius
375 2435 542 2473 nemo
577 2407 991 2493 persentisceret.
1028 2407 1107 2463 Hi
1140 2402 1237 2461 sub
1269 2402 1493 2458 n>06³cem
1514 2420 1635 2457 me·-

9 2503 154 2561 diam
186 2505 476 2561 Romanos
505 2495 854 2555 adventantes
884 2509 946 2548 nt
971 2487 1148 2547 videre
1168 2529 1185 2554 ,
1215 2483 1424 2542 eduffls
1441 2482 1633 2563 gladiis

9 2587 245 2653 irruunt,
261 2590 315 2640 δε
336 2578 668 2640 interficiunt
685 2576 748 2633 ad
765 2576 1048 2633 ducentos·
1093 2569 1409 2634 Sabiniano,
1422 2564 1635 2622 Thori-

10 2666 187 2725 muthi
204 2664 418 2745 aliisque
435 2660 670 2720 tenebrae
689 2660 872 2725 latere,
891 2664 943 2714 &
965 2655 1281 2712 Ariminum
1304 2646 1491 2731 fugam
1511 2667 1634 2726 per-

11 2749 204 2808 ducere
222 2745 568 2806 indulserunt.
613 2748 881 2806 Iumenta,
896 2758 1015 2818 quae
1033 2734 1087 2793 su
1097 2731 1417 2815 pellefflletn
1429 2771 1447 2797 ‚
1467 2749 1633 2795 arma,

12 2829 183 2892 vestes
214 2827 491 2896 ferebant,
528 2827 714 2884 omnia
731 2821 1077 2880 Gotthorum
1107 2821 1164 2874 in
1182 2834 1375 2873 manus
1405 2831 1633 2869 venere.

12 2912 229 2971 modica
260 2910 458 2991 oppida
491 2909 603 2967 duo
635 2906 815 2964 Adriae
848 2909 904 2962 in
938 2925 1033 2960 ora
1062 2906 1242 2975 jacent
1260 2893 1538 2953 Pisaurum
1573 2897 1634 2946 δε

11 2997 220 3079 Fanum
241 3037 257 3064 ,
291 2993 472 3053 medio
507 2988 674 3051 ferme
705 2990 1018 3047 Auximum„
1043 2987 1186 3044 inter
1227 2985 1281 3039 &
1314 2977 1631 3113 Arimipum

1522 3071 1629 3112 itu:
