<?xml version="1.0" encoding="UTF-8"?>
<!DOCTYPE html PUBLIC "-//W3C//DTD XHTML 1.0 Transitional//EN"
    "http://www.w3.org/TR/xhtml1/DTD/xhtml1-transitional.dtd">
<html xmlns="http://www.w3.org/1999/xhtml" xml:lang="en" lang="en">
 <head>
  <title>
</title>
<meta http-equiv="Content-Type" content="text/html;charset=utf-8" />
  <meta name='ocr-system' content='tesseract 3.04.00' />
  <meta name='ocr-capabilities' content='ocr_page ocr_carea ocr_par ocr_line ocrx_word'/>
</head>
<body>
  <div class='ocr_page' id='page_1' title='image "./historiagotthoru00grot_0915.png"; bbox 0 0 1931 3428; ppageno 0'>
   <div class='ocr_carea' id='block_1_1' title="bbox 20 145 1649 810">
    <p class='ocr_par' dir='ltr' id='par_1_1' title="bbox 20 145 1649 810">
     <span class='ocr_line' id='line_1_1' title="bbox 377 145 1642 232; baseline 0.002 -26"><span class='ocrx_word' id='word_1_1' title='bbox 377 145 1233 208; x_wconf 65' lang='lat' dir='ltr'>LIBssss-RPR1M‘vsJ</span> <span class='ocrx_word' id='word_1_2' title='bbox 1520 160 1642 232; x_wconf 79' lang='lat'>749</span> 
     </span>
     <span class='ocr_line' id='line_1_2' title="bbox 22 228 1645 318; baseline 0.001 -24"><span class='ocrx_word' id='word_1_3' title='bbox 22 228 226 318; x_wconf 77' lang='lat' dir='ltr'>proprii</span> <span class='ocrx_word' id='word_1_4' title='bbox 243 228 595 313; x_wconf 87' lang='lat' dir='ltr'>postmodum</span> <span class='ocrx_word' id='word_1_5' title='bbox 619 231 839 309; x_wconf 88' lang='lat' dir='ltr'>periculi</span> <span class='ocrx_word' id='word_1_6' title='bbox 865 232 1064 315; x_wconf 74' lang='lat' dir='ltr'>relator</span> <span class='ocrx_word' id='word_1_7' title='bbox 1084 232 1326 290; x_wconf 82' lang='lat' dir='ltr'>existens.</span> <span class='ocrx_word' id='word_1_8' title='bbox 1374 231 1645 296; x_wconf 84' lang='lat' dir='ltr'>Nostrum</span> 
     </span>
     <span class='ocr_line' id='line_1_3' title="bbox 20 313 1635 398; baseline 0.002 -23"><span class='ocrx_word' id='word_1_9' title='bbox 20 336 281 398; x_wconf 87' lang='lat' dir='ltr'>quoque,</span> <span class='ocrx_word' id='word_1_10' title='bbox 310 313 456 373; x_wconf 88' lang='lat' dir='ltr'>idest</span> <span class='ocrx_word' id='word_1_11' title='bbox 475 356 492 381; x_wconf 81' lang='lat'>,</span> <span class='ocrx_word' id='word_1_12' title='bbox 522 313 864 372; x_wconf 86' lang='lat' dir='ltr'><strong>Adriaticum</strong></span> <span class='ocrx_word' id='word_1_13' title='bbox 881 334 1024 371; x_wconf 89' lang='lat' dir='ltr'>mare</span> <span class='ocrx_word' id='word_1_14' title='bbox 1045 353 1063 379; x_wconf 90' lang='lat'>‚</span> <span class='ocrx_word' id='word_1_15' title='bbox 1096 316 1246 392; x_wconf 85' lang='lat' dir='ltr'>quod</span> <span class='ocrx_word' id='word_1_16' title='bbox 1267 318 1387 373; x_wconf 82' lang='lat' dir='ltr'>licet</span> <span class='ocrx_word' id='word_1_17' title='bbox 1419 324 1635 390; x_wconf 76' lang='lat' dir='ltr'>minuS,</span> 
     </span>
     <span class='ocr_line' id='line_1_4' title="bbox 20 394 1643 478; baseline -0.007 -18"><span class='ocrx_word' id='word_1_18' title='bbox 20 400 261 460; x_wconf 88' lang='lat' dir='ltr'>fimiliter</span> <span class='ocrx_word' id='word_1_19' title='bbox 280 414 463 456; x_wconf 87' lang='lat' dir='ltr'>tamen</span> <span class='ocrx_word' id='word_1_20' title='bbox 501 401 858 456; x_wconf 85' lang='lat' dir='ltr'>Venetiarum</span> <span class='ocrx_word' id='word_1_21' title='bbox 883 394 1226 476; x_wconf 84' lang='lat' dir='ltr'>Hystriaeque</span> <span class='ocrx_word' id='word_1_22' title='bbox 1248 399 1431 456; x_wconf 83' lang='lat' dir='ltr'>littora</span> <span class='ocrx_word' id='word_1_23' title='bbox 1451 423 1643 478; x_wconf 76' lang='lat' dir='ltr'>perva-</span> 
     </span>
     <span class='ocr_line' id='line_1_5' title="bbox 21 477 1644 561; baseline 0.001 -19"><span class='ocrx_word' id='word_1_24' title='bbox 21 482 124 551; x_wconf 86' lang='lat' dir='ltr'>dit,</span> <span class='ocrx_word' id='word_1_25' title='bbox 143 478 397 539; x_wconf 79' lang='lat' dir='ltr'><strong>credibile</strong></span> <span class='ocrx_word' id='word_1_26' title='bbox 415 479 511 549; x_wconf 85' lang='lat' dir='ltr'>est‚</span> <span class='ocrx_word' id='word_1_27' title='bbox 533 501 731 561; x_wconf 86' lang='lat' dir='ltr'>parvos</span> <span class='ocrx_word' id='word_1_28' title='bbox 748 477 1060 555; x_wconf 89' lang='lat' dir='ltr'>hujusmodi</span> <span class='ocrx_word' id='word_1_29' title='bbox 1080 478 1430 556; x_wconf 83' lang='lat' dir='ltr'>occultosque</span> <span class='ocrx_word' id='word_1_30' title='bbox 1448 483 1644 543; x_wconf 80' lang='lat' dir='ltr'>habere</span> 
     </span>
     <span class='ocr_line' id='line_1_6' title="bbox 23 559 1646 642; baseline -0.009 -17"><span class='ocrx_word' id='word_1_31' title='bbox 23 583 231 625; x_wconf 87' lang='lat' dir='ltr'>meatus</span> <span class='ocrx_word' id='word_1_32' title='bbox 250 604 267 631; x_wconf 90' lang='lat'>,</span> <span class='ocrx_word' id='word_1_33' title='bbox 289 562 490 642; x_wconf 86' lang='lat' dir='ltr'>quibus</span> <span class='ocrx_word' id='word_1_34' title='bbox 509 571 563 622; x_wconf 85' lang='lat'>&amp;</span> <span class='ocrx_word' id='word_1_35' title='bbox 578 562 890 622; x_wconf 85' lang='lat' dir='ltr'>recedentes</span> <span class='ocrx_word' id='word_1_36' title='bbox 908 582 1058 640; x_wconf 87' lang='lat' dir='ltr'>aquae</span> <span class='ocrx_word' id='word_1_37' title='bbox 1078 559 1396 618; x_wconf 86' lang='lat' dir='ltr'>sorbeantur</span> <span class='ocrx_word' id='word_1_38' title='bbox 1413 607 1428 628; x_wconf 87' lang='lat'><em>,</em></span> <span class='ocrx_word' id='word_1_39' title='bbox 1453 570 1504 620; x_wconf 69' lang='grc' dir='ltr'>δε</span> <span class='ocrx_word' id='word_1_40' title='bbox 1524 585 1646 624; x_wconf 69' lang='grc' dir='ltr'>τως-</span> 
     </span>
     <span class='ocr_line' id='line_1_7' title="bbox 21 645 1649 725; baseline 0 -19"><span class='ocrx_word' id='word_1_41' title='bbox 21 646 137 706; x_wconf 87' lang='lat' dir='ltr'>sum</span> <span class='ocrx_word' id='word_1_42' title='bbox 158 645 414 706; x_wconf 67' lang='lat' dir='ltr'>invasurae</span> <span class='ocrx_word' id='word_1_43' title='bbox 431 647 615 705; x_wconf 78' lang='lat' dir='ltr'>littora</span> <span class='ocrx_word' id='word_1_44' title='bbox 632 662 1004 703; x_wconf 85' lang='lat' dir='ltr'>revomantur.</span> <span class='ocrx_word' id='word_1_45' title='bbox 1040 646 1144 702; x_wconf 82' lang='lat' dir='ltr'>His</span> <span class='ocrx_word' id='word_1_46' title='bbox 1163 645 1346 725; x_wconf 75' lang='lat' dir='ltr'>itaque</span> <span class='ocrx_word' id='word_1_47' title='bbox 1366 645 1649 724; x_wconf 84' lang='lat' dir='ltr'>praelibatis</span> 
     </span>
     <span class='ocr_line' id='line_1_8' title="bbox 21 726 1169 810; baseline -0.003 -21"><span class='ocrx_word' id='word_1_48' title='bbox 21 729 88 789; x_wconf 86' lang='lat' dir='ltr'>ad</span> <span class='ocrx_word' id='word_1_49' title='bbox 108 748 343 810; x_wconf 76' lang='lat' dir='ltr'>coeptam</span> <span class='ocrx_word' id='word_1_50' title='bbox 361 729 608 809; x_wconf 70' lang='lat' dir='ltr'>narrandi</span> <span class='ocrx_word' id='word_1_51' title='bbox 625 726 812 792; x_wconf 83' lang='lat' dir='ltr'>seriem</span> <span class='ocrx_word' id='word_1_52' title='bbox 829 726 1136 785; x_wconf 85' lang='lat' dir='ltr'>redeamus.</span> <span class='ocrx_word' id='word_1_53' title='bbox 1166 749 1169 751; x_wconf 47' lang='lat'>*</span> 
     </span>
    </p>
   </div>
   <div class='ocr_carea' id='block_1_2' title="bbox 494 866 1192 934">
    <p class='ocr_par' dir='ltr' id='par_1_2' title="bbox 494 866 1192 934">
     <span class='ocr_line' id='line_1_9' title="bbox 494 866 1192 934; baseline -0.001 -2"><span class='ocrx_word' id='word_1_54' title='bbox 494 868 554 932; x_wconf 89' lang='lat' dir='ltr'>C</span> <span class='ocrx_word' id='word_1_55' title='bbox 658 888 707 933; x_wconf 82' lang='lat' dir='ltr'><strong>A</strong></span> <span class='ocrx_word' id='word_1_56' title='bbox 807 890 862 931; x_wconf 78' lang='lat' dir='ltr'>P.</span> <span class='ocrx_word' id='word_1_57' title='bbox 1013 866 1192 934; x_wconf 73' lang='lat' dir='ltr'>VII,</span> 
     </span>
    </p>
   </div>
   <div class='ocr_carea' id='block_1_3' title="bbox 70 1004 1563 1235">
    <p class='ocr_par' dir='ltr' id='par_1_3' title="bbox 70 1004 1563 1235">
     <span class='ocr_line' id='line_1_10' title="bbox 103 1004 1563 1089; baseline 0.001 -20"><span class='ocrx_word' id='word_1_58' title='bbox 103 1010 248 1089; x_wconf 78' lang='lat' dir='ltr'>Qod</span> <span class='ocrx_word' id='word_1_59' title='bbox 269 1010 452 1070; x_wconf 77' lang='lat' dir='ltr'>Winili</span> <span class='ocrx_word' id='word_1_60' title='bbox 469 1010 521 1066; x_wconf 82' lang='lat' dir='ltr'>in</span> <span class='ocrx_word' id='word_1_61' title='bbox 541 1010 821 1085; x_wconf 74' lang='lat' dir='ltr'>scoringam</span> <span class='ocrx_word' id='word_1_62' title='bbox 838 1023 1074 1067; x_wconf 74' lang='lat' dir='ltr'>venerunt</span> <span class='ocrx_word' id='word_1_63' title='bbox 1093 1032 1110 1078; x_wconf 74' lang='grc' dir='ltr'><strong><em>ς</em></strong></span> <span class='ocrx_word' id='word_1_64' title='bbox 1130 1010 1192 1074; x_wconf 53' lang='grc' dir='ltr'>ὦ)</span> <span class='ocrx_word' id='word_1_65' title='bbox 1211 1004 1300 1086; x_wconf 65' lang='lat' dir='ltr'>qui</span> <span class='ocrx_word' id='word_1_66' title='bbox 1319 1012 1483 1070; x_wconf 80' lang='lat' dir='ltr'>Ambri</span> <span class='ocrx_word' id='word_1_67' title='bbox 1500 1012 1563 1076; x_wconf 54' lang='grc' dir='ltr'>έν</span> 
     </span>
     <span class='ocr_line' id='line_1_11' title="bbox 70 1093 1418 1172; baseline 0.003 -25"><span class='ocrx_word' id='word_1_68' title='bbox 70 1093 74 1099; x_wconf 77' lang='grc'><strong>“</strong></span> <span class='ocrx_word' id='word_1_69' title='bbox 255 1095 350 1167; x_wconf 67' lang='lat' dir='ltr'>affl</span> <span class='ocrx_word' id='word_1_70' title='bbox 383 1093 749 1152; x_wconf 79' lang='lat' dir='ltr'>VVanclalorunz</span> <span class='ocrx_word' id='word_1_71' title='bbox 780 1093 918 1148; x_wconf 81' lang='lat' dir='ltr'>duces</span> <span class='ocrx_word' id='word_1_72' title='bbox 938 1098 999 1148; x_wconf 68' lang='lat' dir='ltr'>ebs</span> <span class='ocrx_word' id='word_1_73' title='bbox 1026 1094 1213 1152; x_wconf 75' lang='lat' dir='ltr'>tributa</span> <span class='ocrx_word' id='word_1_74' title='bbox 1228 1093 1418 1172; x_wconf 65' lang='lat' dir='ltr'>perstil-</span> 
     </span>
     <span class='ocr_line' id='line_1_12' title="bbox 580 1177 1088 1235; baseline -0.004 0"><span class='ocrx_word' id='word_1_75' title='bbox 580 1193 689 1235; x_wconf 79' lang='lat' dir='ltr'>vere</span> <span class='ocrx_word' id='word_1_76' title='bbox 721 1177 1088 1235; x_wconf 74' lang='lat' dir='ltr'>mandaverint.</span> 
     </span>
    </p>
   </div>
   <div class='ocr_carea' id='block_1_4' title="bbox 22 1311 1732 2553">
    <p class='ocr_par' dir='ltr' id='par_1_4' title="bbox 22 1311 1732 2553">
     <span class='ocr_line' id='line_1_13' title="bbox 25 1311 1732 1444; baseline 0.002 -71"><span class='ocrx_word' id='word_1_77' title='bbox 25 1316 259 1444; x_wconf 74' lang='lat' dir='ltr'>IGitur</span> <span class='ocrx_word' id='word_1_78' title='bbox 280 1311 469 1393; x_wconf 72' lang='lat' dir='ltr'>egressi</span> <span class='ocrx_word' id='word_1_79' title='bbox 497 1311 563 1369; x_wconf 91' lang='lat' dir='ltr'>de</span> <span class='ocrx_word' id='word_1_80' title='bbox 596 1312 942 1371; x_wconf 84' lang='lat' dir='ltr'>Scandinavia</span> <span class='ocrx_word' id='word_1_81' title='bbox 974 1315 1193 1372; x_wconf 77' lang='lat' dir='ltr'>Winili</span> <span class='ocrx_word' id='word_1_82' title='bbox 1212 1353 1230 1380; x_wconf 88' lang='lat'>‚</span> <span class='ocrx_word' id='word_1_83' title='bbox 1268 1335 1393 1373; x_wconf 89' lang='lat' dir='ltr'>cum</span> <span class='ocrx_word' id='word_1_84' title='bbox 1427 1315 1649 1376; x_wconf 66' lang='lat' dir='ltr'>Ibor‘&amp;</span> <span class='ocrx_word' id='word_1_85' title='bbox 1716 1316 1732 1326; x_wconf 26' lang='lat' dir='ltr'>N</span> 
     </span>
     <span class='ocr_line' id='line_1_14' title="bbox 89 1394 1715 1477; baseline 0.002 -22"><span class='ocrx_word' id='word_1_86' title='bbox 89 1402 290 1477; x_wconf 89' lang='lat' dir='ltr'>Ayone</span> <span class='ocrx_word' id='word_1_87' title='bbox 306 1394 538 1454; x_wconf 88' lang='lat' dir='ltr'>ducibus</span> <span class='ocrx_word' id='word_1_88' title='bbox 556 1436 573 1462; x_wconf 86' lang='lat'>‚</span> <span class='ocrx_word' id='word_1_89' title='bbox 608 1398 665 1452; x_wconf 92' lang='lat' dir='ltr'>in</span> <span class='ocrx_word' id='word_1_90' title='bbox 685 1398 970 1475; x_wconf 84' lang='lat' dir='ltr'>regionem</span> <span class='ocrx_word' id='word_1_91' title='bbox 988 1439 1003 1460; x_wconf 94' lang='lat'>,</span> <span class='ocrx_word' id='word_1_92' title='bbox 1043 1417 1163 1474; x_wconf 85' lang='lat' dir='ltr'>quae</span> <span class='ocrx_word' id='word_1_93' title='bbox 1183 1399 1481 1477; x_wconf 88' lang='lat' dir='ltr'>appellatur</span> <span class='ocrx_word' id='word_1_94' title='bbox 1512 1403 1650 1460; x_wconf 84' lang='lat' dir='ltr'>Sco-</span> <span class='ocrx_word' id='word_1_95' title='bbox 1712 1414 1715 1416; x_wconf 80' lang='grc'><strong>’</strong></span> 
     </span>
     <span class='ocr_line' id='line_1_15' title="bbox 25 1473 1647 1561; baseline 0.002 -22"><span class='ocrx_word' id='word_1_96' title='bbox 25 1484 183 1561; x_wconf 77' lang='lat' dir='ltr'>tinga</span> <span class='ocrx_word' id='word_1_97' title='bbox 213 1483 493 1538; x_wconf 88' lang='lat' dir='ltr'>venientes</span> <span class='ocrx_word' id='word_1_98' title='bbox 513 1517 529 1545; x_wconf 88' lang='lat'>,</span> <span class='ocrx_word' id='word_1_99' title='bbox 567 1498 661 1556; x_wconf 87' lang='lat' dir='ltr'>per</span> <span class='ocrx_word' id='word_1_100' title='bbox 682 1488 866 1535; x_wconf 70' lang='lat' dir='ltr'>‘annos</span> <span class='ocrx_word' id='word_1_101' title='bbox 900 1478 1004 1535; x_wconf 83' lang='lat' dir='ltr'>illic</span> <span class='ocrx_word' id='word_1_102' title='bbox 1035 1473 1243 1556; x_wconf 79' lang='lat' dir='ltr'>aliquot</span> <span class='ocrx_word' id='word_1_103' title='bbox 1264 1477 1647 1543; x_wconf 76' lang='lat' dir='ltr'>consederunt.</span> 
     </span>
     <span class='ocr_line' id='line_1_16' title="bbox 23 1558 1653 1642; baseline 0.001 -20"><span class='ocrx_word' id='word_1_104' title='bbox 23 1562 129 1622; x_wconf 90' lang='lat' dir='ltr'>Illo</span> <span class='ocrx_word' id='word_1_105' title='bbox 150 1565 332 1642; x_wconf 87' lang='lat' dir='ltr'>itaque</span> <span class='ocrx_word' id='word_1_106' title='bbox 351 1578 599 1639; x_wconf 85' lang='lat' dir='ltr'>tempore</span> <span class='ocrx_word' id='word_1_107' title='bbox 614 1601 631 1630; x_wconf 91' lang='lat'>‚</span> <span class='ocrx_word' id='word_1_108' title='bbox 649 1558 851 1618; x_wconf 90' lang='lat' dir='ltr'>Ambri</span> <span class='ocrx_word' id='word_1_109' title='bbox 869 1565 923 1616; x_wconf 72' lang='grc' dir='ltr'>δε</span> <span class='ocrx_word' id='word_1_110' title='bbox 938 1558 1081 1627; x_wconf 80' lang='lat' dir='ltr'>Affi,</span> <span class='ocrx_word' id='word_1_111' title='bbox 1101 1563 1525 1622; x_wconf 80' lang='lat' dir='ltr'>Wandalorum</span> <span class='ocrx_word' id='word_1_112' title='bbox 1546 1566 1653 1624; x_wconf 89' lang='lat' dir='ltr'>du·—</span> 
     </span>
     <span class='ocr_line' id='line_1_17' title="bbox 27 1639 1651 1722; baseline 0.002 -18"><span class='ocrx_word' id='word_1_113' title='bbox 27 1668 116 1704; x_wconf 86' lang='lat' dir='ltr'>ces</span> <span class='ocrx_word' id='word_1_114' title='bbox 137 1686 154 1714; x_wconf 85' lang='lat'>,</span> <span class='ocrx_word' id='word_1_115' title='bbox 182 1648 382 1703; x_wconf 91' lang='lat' dir='ltr'>vicinas</span> <span class='ocrx_word' id='word_1_116' title='bbox 410 1639 650 1722; x_wconf 86' lang='lat' dir='ltr'>quasque</span> <span class='ocrx_word' id='word_1_117' title='bbox 685 1644 990 1722; x_wconf 88' lang='lat' dir='ltr'>provincias</span> <span class='ocrx_word' id='word_1_118' title='bbox 1020 1642 1168 1700; x_wconf 90' lang='lat' dir='ltr'>bello</span> <span class='ocrx_word' id='word_1_119' title='bbox 1188 1645 1530 1719; x_wconf 84' lang='lat' dir='ltr'>premebant.</span> <span class='ocrx_word' id='word_1_120' title='bbox 1569 1649 1651 1709; x_wconf 85' lang='lat' dir='ltr'>Hi</span> 
     </span>
     <span class='ocr_line' id='line_1_18' title="bbox 22 1725 1652 1807; baseline 0.002 -21"><span class='ocrx_word' id='word_1_121' title='bbox 22 1735 136 1807; x_wconf 88' lang='lat' dir='ltr'>jam</span> <span class='ocrx_word' id='word_1_122' title='bbox 154 1729 340 1785; x_wconf 89' lang='lat' dir='ltr'>multis</span> <span class='ocrx_word' id='word_1_123' title='bbox 354 1726 477 1783; x_wconf 89' lang='lat' dir='ltr'>elati</span> <span class='ocrx_word' id='word_1_124' title='bbox 496 1726 758 1793; x_wconf 57' lang='lat' dir='ltr'>vietoriis,</span> <span class='ocrx_word' id='word_1_125' title='bbox 782 1728 1012 1782; x_wconf 88' lang='lat' dir='ltr'>nuncios</span> <span class='ocrx_word' id='word_1_126' title='bbox 1031 1725 1096 1782; x_wconf 89' lang='lat' dir='ltr'>ad</span> <span class='ocrx_word' id='word_1_127' title='bbox 1114 1728 1380 1785; x_wconf 64' lang='lat' dir='ltr'>Wsinilos</span> <span class='ocrx_word' id='word_1_128' title='bbox 1401 1735 1652 1802; x_wconf 88' lang='lat' dir='ltr'>mittunt,</span> 
     </span>
     <span class='ocr_line' id='line_1_19' title="bbox 29 1805 1722 1886; baseline 0.001 -17"><span class='ocrx_word' id='word_1_129' title='bbox 29 1827 95 1869; x_wconf 88' lang='lat' dir='ltr'>ut</span> <span class='ocrx_word' id='word_1_130' title='bbox 115 1809 423 1875; x_wconf 83' lang='lat' dir='ltr'>auttributa</span> <span class='ocrx_word' id='word_1_131' title='bbox 459 1807 764 1866; x_wconf 77' lang='lat' dir='ltr'>Wandalis</span> <span class='ocrx_word' id='word_1_132' title='bbox 795 1805 1189 1886; x_wconf 85' lang='lat' dir='ltr'>persolverent,</span> <span class='ocrx_word' id='word_1_133' title='bbox 1218 1829 1312 1868; x_wconf 63' lang='lat' dir='ltr'>aut,</span> <span class='ocrx_word' id='word_1_134' title='bbox 1340 1811 1390 1868; x_wconf 89' lang='lat' dir='ltr'>se</span> <span class='ocrx_word' id='word_1_135' title='bbox 1424 1814 1491 1882; x_wconf 86' lang='lat' dir='ltr'>ad</span> <span class='ocrx_word' id='word_1_136' title='bbox 1525 1814 1653 1873; x_wconf 89' lang='lat' dir='ltr'>belli</span> <span class='ocrx_word' id='word_1_137' title='bbox 1719 1840 1722 1843; x_wconf 94' lang='lat'>·</span> 
     </span>
     <span class='ocr_line' id='line_1_20' title="bbox 29 1889 1653 1972; baseline 0.002 -20"><span class='ocrx_word' id='word_1_138' title='bbox 29 1896 322 1952; x_wconf 86' lang='lat' dir='ltr'>certamina</span> <span class='ocrx_word' id='word_1_139' title='bbox 351 1908 722 1972; x_wconf 84' lang='lat' dir='ltr'>praepararent.</span> <span class='ocrx_word' id='word_1_140' title='bbox 766 1891 931 1949; x_wconf 86' lang='lat' dir='ltr'>Tunc</span> <span class='ocrx_word' id='word_1_141' title='bbox 949 1889 1077 1947; x_wconf 84' lang='lat' dir='ltr'>Ibor</span> <span class='ocrx_word' id='word_1_142' title='bbox 1096 1896 1151 1947; x_wconf 84' lang='lat'>&amp;</span> <span class='ocrx_word' id='word_1_143' title='bbox 1175 1895 1303 1970; x_wconf 86' lang='lat' dir='ltr'>Ayo</span> <span class='ocrx_word' id='word_1_144' title='bbox 1325 1934 1341 1961; x_wconf 88' lang='lat'>,</span> <span class='ocrx_word' id='word_1_145' title='bbox 1373 1894 1653 1955; x_wconf 83' lang='lat' dir='ltr'>adnitente</span> 
     </span>
     <span class='ocr_line' id='line_1_21' title="bbox 31 1970 1653 2042; baseline 0.001 -8"><span class='ocrx_word' id='word_1_146' title='bbox 31 1993 204 2035; x_wconf 79' lang='lat' dir='ltr'>matre</span> <span class='ocrx_word' id='word_1_147' title='bbox 224 1974 521 2042; x_wconf 83' lang='lat' dir='ltr'>Gambara‚</span> <span class='ocrx_word' id='word_1_148' title='bbox 548 1973 909 2032; x_wconf 80' lang='lat' dir='ltr'>deliberantes</span> <span class='ocrx_word' id='word_1_149' title='bbox 924 1975 1116 2031; x_wconf 91' lang='lat' dir='ltr'>melius</span> <span class='ocrx_word' id='word_1_150' title='bbox 1134 1970 1236 2029; x_wconf 81' lang='lat' dir='ltr'>effe</span> <span class='ocrx_word' id='word_1_151' title='bbox 1255 1979 1414 2033; x_wconf 89' lang='lat' dir='ltr'>armis</span> <span class='ocrx_word' id='word_1_152' title='bbox 1431 1977 1653 2037; x_wconf 90' lang='lat' dir='ltr'>liberta-</span> 
     </span>
     <span class='ocr_line' id='line_1_22' title="bbox 30 2054 1654 2137; baseline 0.001 -19"><span class='ocrx_word' id='word_1_153' title='bbox 30 2076 144 2119; x_wconf 87' lang='lat' dir='ltr'>tem</span> <span class='ocrx_word' id='word_1_154' title='bbox 162 2061 334 2126; x_wconf 86' lang='lat' dir='ltr'>tueri,</span> <span class='ocrx_word' id='word_1_155' title='bbox 370 2078 534 2137; x_wconf 87' lang='lat' dir='ltr'>quam</span> <span class='ocrx_word' id='word_1_156' title='bbox 566 2055 902 2115; x_wconf 85' lang='lat' dir='ltr'>tributorum</span> <span class='ocrx_word' id='word_1_157' title='bbox 924 2058 1154 2116; x_wconf 86' lang='lat' dir='ltr'>eandem</span> <span class='ocrx_word' id='word_1_158' title='bbox 1178 2054 1457 2116; x_wconf 24' lang='lat' dir='ltr'>*solutione</span> <span class='ocrx_word' id='word_1_159' title='bbox 1476 2058 1654 2120; x_wconf 87' lang='lat' dir='ltr'>foeda-</span> 
     </span>
     <span class='ocr_line' id='line_1_23' title="bbox 33 2134 1656 2224; baseline 0.001 -23"><span class='ocrx_word' id='word_1_160' title='bbox 33 2163 89 2201; x_wconf 88' lang='lat' dir='ltr'>re</span> <span class='ocrx_word' id='word_1_161' title='bbox 109 2182 127 2210; x_wconf 88' lang='lat'>,</span> <span class='ocrx_word' id='word_1_162' title='bbox 161 2140 532 2219; x_wconf 84' lang='lat' dir='ltr'>mandantper</span> <span class='ocrx_word' id='word_1_163' title='bbox 547 2140 754 2219; x_wconf 86' lang='lat' dir='ltr'>legatos</span> <span class='ocrx_word' id='word_1_164' title='bbox 771 2139 1100 2204; x_wconf 75' lang='lat' dir='ltr'>Wandali8‚</span> <span class='ocrx_word' id='word_1_165' title='bbox 1123 2134 1464 2218; x_wconf 81' lang='lat' dir='ltr'>pugnaturos</span> <span class='ocrx_word' id='word_1_166' title='bbox 1479 2141 1528 2199; x_wconf 90' lang='lat' dir='ltr'>se</span> <span class='ocrx_word' id='word_1_167' title='bbox 1550 2148 1656 2224; x_wconf 78' lang='lat' dir='ltr'>po·-</span> 
     </span>
     <span class='ocr_line' id='line_1_24' title="bbox 37 2220 1655 2302; baseline 0.002 -20"><span class='ocrx_word' id='word_1_168' title='bbox 37 2229 145 2283; x_wconf 84' lang='lat' dir='ltr'>tius</span> <span class='ocrx_word' id='word_1_169' title='bbox 165 2244 182 2292; x_wconf 75' lang='lat'>3</span> <span class='ocrx_word' id='word_1_170' title='bbox 212 2243 379 2302; x_wconf 88' lang='lat' dir='ltr'>quam</span> <span class='ocrx_word' id='word_1_171' title='bbox 413 2221 725 2281; x_wconf 77' lang='lat' dir='ltr'>servituros·</span> <span class='ocrx_word' id='word_1_172' title='bbox 765 2223 934 2279; x_wconf 84' lang='lat' dir='ltr'>Erant</span> <span class='ocrx_word' id='word_1_173' title='bbox 965 2220 1229 2301; x_wconf 81' lang='lat' dir='ltr'>siquidem</span> <span class='ocrx_word' id='word_1_174' title='bbox 1268 2243 1400 2281; x_wconf 90' lang='lat' dir='ltr'>tunc</span> <span class='ocrx_word' id='word_1_175' title='bbox 1439 2227 1655 2286; x_wconf 78' lang='lat' dir='ltr'>Winili</span> 
     </span>
     <span class='ocr_line' id='line_1_25' title="bbox 35 2302 1651 2388; baseline -0.001 -22"><span class='ocrx_word' id='word_1_176' title='bbox 35 2303 270 2366; x_wconf 87' lang='lat' dir='ltr'>univerfi</span> <span class='ocrx_word' id='word_1_177' title='bbox 288 2346 308 2374; x_wconf 89' lang='lat'>‚</span> <span class='ocrx_word' id='word_1_178' title='bbox 343 2322 497 2365; x_wconf 84' lang='lat' dir='ltr'>aetate</span> <span class='ocrx_word' id='word_1_179' title='bbox 511 2307 739 2382; x_wconf 87' lang='lat' dir='ltr'>juvenili</span> <span class='ocrx_word' id='word_1_180' title='bbox 756 2302 1017 2363; x_wconf 87' lang='lat' dir='ltr'>florentes</span> <span class='ocrx_word' id='word_1_181' title='bbox 1035 2319 1062 2373; x_wconf 67' lang='lat'>‚&#39;</span> <span class='ocrx_word' id='word_1_182' title='bbox 1083 2302 1172 2361; x_wconf 90' lang='lat' dir='ltr'>sed</span> <span class='ocrx_word' id='word_1_183' title='bbox 1191 2327 1423 2364; x_wconf 88' lang='lat' dir='ltr'>numero</span> <span class='ocrx_word' id='word_1_184' title='bbox 1444 2312 1651 2388; x_wconf 83' lang='lat' dir='ltr'>exigui,</span> 
     </span>
     <span class='ocr_line' id='line_1_26' title="bbox 34 2388 1696 2470; baseline -0.001 -22"><span class='ocrx_word' id='word_1_185' title='bbox 34 2393 241 2470; x_wconf 86' lang='lat' dir='ltr'>quippe</span> <span class='ocrx_word' id='word_1_186' title='bbox 264 2391 359 2468; x_wconf 90' lang='lat' dir='ltr'>qui</span> <span class='ocrx_word' id='word_1_187' title='bbox 380 2390 541 2446; x_wconf 85' lang='lat' dir='ltr'>uni-us</span> <span class='ocrx_word' id='word_1_188' title='bbox 560 2408 676 2444; x_wconf 91' lang='lat' dir='ltr'>non</span> <span class='ocrx_word' id='word_1_189' title='bbox 693 2389 869 2446; x_wconf 85' lang='lat' dir='ltr'>nimiae</span> <span class='ocrx_word' id='word_1_190' title='bbox 891 2388 1259 2467; x_wconf 87' lang='lat' dir='ltr'>amplitudinis</span> <span class='ocrx_word' id='word_1_191' title='bbox 1279 2388 1458 2449; x_wconf 84' lang='lat' dir='ltr'>insulae</span> <span class='ocrx_word' id='word_1_192' title='bbox 1495 2396 1654 2451; x_wconf 83' lang='lat' dir='ltr'>tertia</span> <span class='ocrx_word' id='word_1_193' title='bbox 1687 2437 1696 2447; x_wconf 70' lang='grc'>,</span> 
     </span>
     <span class='ocr_line' id='line_1_27' title="bbox 37 2468 1480 2553; baseline -0.006 -21"><span class='ocrx_word' id='word_1_194' title='bbox 37 2471 391 2534; x_wconf 86' lang='lat' dir='ltr'>solummodo</span> <span class='ocrx_word' id='word_1_195' title='bbox 411 2472 667 2553; x_wconf 81' lang='lat' dir='ltr'>particula</span> <span class='ocrx_word' id='word_1_196' title='bbox 685 2468 905 2528; x_wconf 86' lang='lat' dir='ltr'>fuerint.</span> <span class='ocrx_word' id='word_1_197' title='bbox 1477 2486 1480 2488; x_wconf 47' lang='lat'>*</span> 
     </span>
    </p>
   </div>
   <div class='ocr_carea' id='block_1_5' title="bbox 329 2610 1348 2828">
    <p class='ocr_par' dir='ltr' id='par_1_5' title="bbox 329 2578 1348 2828">
     <span class='ocr_line' id='line_1_28' title="bbox 471 2610 1210 2677; baseline 0.001 -1"><span class='ocrx_word' id='word_1_198' title='bbox 471 2610 532 2676; x_wconf 91' lang='lat' dir='ltr'>C</span> <span class='ocrx_word' id='word_1_199' title='bbox 634 2633 684 2676; x_wconf 84' lang='lat' dir='ltr'>A</span> <span class='ocrx_word' id='word_1_200' title='bbox 783 2634 837 2677; x_wconf 86' lang='lat' dir='ltr'>P.</span> <span class='ocrx_word' id='word_1_201' title='bbox 988 2612 1046 2677; x_wconf 93' lang='lat' dir='ltr'>V</span> <span class='ocrx_word' id='word_1_202' title='bbox 1066 2610 1093 2675; x_wconf 91' lang='lat' dir='ltr'>I</span> <span class='ocrx_word' id='word_1_203' title='bbox 1113 2612 1142 2677; x_wconf 92' lang='lat' dir='ltr'>I</span> <span class='ocrx_word' id='word_1_204' title='bbox 1163 2613 1210 2677; x_wconf 92' lang='lat'>1.</span> 
     </span>
     <span class='ocr_line' id='line_1_29' title="bbox 329 2750 1348 2828; baseline 0 -19"><span class='ocrx_word' id='word_1_205' title='bbox 329 2762 405 2809; x_wconf 86' lang='lat' dir='ltr'>De</span> <span class='ocrx_word' id='word_1_206' title='bbox 423 2750 619 2811; x_wconf 84' lang='lat' dir='ltr'>Wodan</span> <span class='ocrx_word' id='word_1_207' title='bbox 634 2790 651 2819; x_wconf 88' lang='lat'>‚</span> <span class='ocrx_word' id='word_1_208' title='bbox 671 2753 731 2816; x_wconf 63' lang='grc' dir='ltr'>ὠ·</span> <span class='ocrx_word' id='word_1_209' title='bbox 751 2760 870 2809; x_wconf 81' lang='lat' dir='ltr'>Frea</span> <span class='ocrx_word' id='word_1_210' title='bbox 891 2790 907 2818; x_wconf 92' lang='lat'>‚</span> <span class='ocrx_word' id='word_1_211' title='bbox 939 2751 1148 2810; x_wconf 80' lang='lat' dir='ltr'>ridicula</span> <span class='ocrx_word' id='word_1_212' title='bbox 1151 2754 1348 2828; x_wconf 79' lang='lat' dir='ltr'>fabula.</span> 
     </span>
    </p>
   </div>
   <div class='ocr_carea' id='block_1_6' title="bbox 16 2872 1666 3114">
    <p class='ocr_par' dir='ltr' id='par_1_6' title="bbox 16 2872 1666 3114">
     <span class='ocr_line' id='line_1_30' title="bbox 47 2872 1662 3023; baseline -0.002 -75"><span class='ocrx_word' id='word_1_213' title='bbox 47 2886 333 3023; x_wconf 79' lang='lat' dir='ltr'>REfert</span> <span class='ocrx_word' id='word_1_214' title='bbox 352 2888 458 2947; x_wconf 85' lang='lat' dir='ltr'>hoc</span> <span class='ocrx_word' id='word_1_215' title='bbox 478 2889 604 2947; x_wconf 92' lang='lat' dir='ltr'>loco</span> <span class='ocrx_word' id='word_1_216' title='bbox 620 2892 914 2986; x_wconf 74' lang='lat' dir='ltr'>antiquitas</span> <span class='ocrx_word' id='word_1_217' title='bbox 932 2891 1210 2987; x_wconf 78' lang='lat' dir='ltr'>ridiculam</span> <span class='ocrx_word' id='word_1_218' title='bbox 1231 2889 1487 2986; x_wconf 79' lang='lat' dir='ltr'>fabulam,</span> <span class='ocrx_word' id='word_1_219' title='bbox 1507 2872 1662 2984; x_wconf 74' lang='lat' dir='ltr'>quod</span> 
     </span>
     <span class='ocr_line' id='line_1_31' title="bbox 16 2973 1666 3114; baseline -0.001 -82"><span class='ocrx_word' id='word_1_220' title='bbox 16 3015 17 3019; x_wconf 65' lang='lat'>,</span> <span class='ocrx_word' id='word_1_221' title='bbox 60 3064 66 3070; x_wconf 14' lang='grc' dir='ltr'>ἱ</span> <span class='ocrx_word' id='word_1_222' title='bbox 180 2974 767 3035; x_wconf 63' lang='lat' dir='ltr'>accedentesXWandali</span> <span class='ocrx_word' id='word_1_223' title='bbox 781 2975 846 3036; x_wconf 86' lang='lat' dir='ltr'>ad</span> <span class='ocrx_word' id='word_1_224' title='bbox 863 2973 1419 3060; x_wconf 69' lang='lat' dir='ltr'>Wodan‚v16tor1am</span> <span class='ocrx_word' id='word_1_225' title='bbox 1438 2974 1502 3033; x_wconf 89' lang='lat' dir='ltr'>de</span> <span class='ocrx_word' id='word_1_226' title='bbox 1521 2975 1666 3114; x_wconf 45' lang='lat' dir='ltr'>{ills</span> 
     </span>
    </p>
   </div>
  </div>
 </body>
</html>
