1888 3428
206 187 617 247 Htswomae
657 187 1155 246 VANDALICAE
1192 186 1336 249 Lm.
1359 190 1402 245 Ι.
1552 205 1637 270 57

17 270 233 329 &itatis
247 268 581 328 nobiliffimae
599 271 776 327 virum
792 307 808 334 ,
831 267 1128 347 plurimum
1148 286 1473 328 venerantur
1493 270 1641 330 Car-

17 350 545 434 rhaginensesmique
558 349 869 418 aedem‚sane
886 348 1194 427 speciosam,
1200 349 1506 410 struxerunt
1523 354 1640 435 ipso

0 458 77 507 ¹1n
93 437 277 494 littore
296 477 314 504 ,
340 454 637 514 praeterque
670 433 942 490 honorem
972 451 1225 495 caeterum
1243 432 1520 491 solennem
1539 458 1641 494 co·-

0 509 137 577 1Ιιιιιῑ
154 517 299 576 diem
320 540 485 598 quern
503 518 806 611 Cyprianea
824 532 1038 573 vocant:
1026 515 1188 573 unde
1207 522 1261 573 &
1280 516 1640 577 anniversariae

15 600 339 680 tempestati,
355 606 507 677 cujus
525 601 878 657 memineram
901 597 1093 665 modo,
1109 596 1254 656 idem
1277 620 1484 657 nomen
1503 621 1640 658 nau-

15 700 84 740 tae
103 681 290 750 facere,
314 686 440 763 quia
454 686 510 740 in
527 683 656 739 illud
676 699 908 759 tempus,
933 682 1195 777 Cypriani
1212 685 1480 739 memoria
1500 684 1642 762 apud

15 762 191 824 Afros
220 768 428 824 celebre
446 806 465 833 ‚
496 764 702 822 incidit.
743 764 972 823 AEdem
960 783 1127 844 igitur
1143 765 1286 823 illam
1304 765 1639 822 Honoricho

15 866 278 928 regnante
295 847 526 906 Vandali
541 850 593 906 vi
611 845 749 904 faffta
771 845 1087 905 Christianis
1105 851 1431 927 eripuerant,
1448 848 1643 927 expul-

15 929 187 1010 sisque
207 952 402 988 eorum
424 928 819 993 sacerdotibus,
834 927 929 1008 ipsi
952 932 1157 987 Ariano
1174 933 1281 988 ritu
1302 933 1438 989 sacra
1454 931 1527 988 ibi
1546 952 1642 988 cu-

15 1011 224 1071 rabant.
240 1015 298 1072 Id
318 1034 443 1071 curn
463 1016 698 1094 graviter
714 1010 918 1072 ferrent
935 1009 1059 1071 Afri
1076 1019 1642 1095 maererentque‚aJ'unt

15 1094 149 1175 saepe
167 1117 261 1176 per
278 1097 647 1154 nocturnam
633 1100 927 1178 imaginem
956 1095 1247 1176 apparuisse
1266 1097 1388 1177 ipss
1408 1098 1642 1176 Cypria-

15 1199 173 1246 num,
192 1183 545 1259 imperantem
566 1179 905 1247 Christiani3‚
921 1177 1339 1238 sollicitudinem
1361 1202 1474 1260 pro
1485 1181 1536 1237 le
1549 1181 1643 1238 de-

16 1282 322 1339 ponerentz
309 1260 411 1329 se,
435 1263 816 1351 progrediente
835 1281 1118 1341 ternpore,
1136 1261 1350 1321 sibimet
1369 1262 1641 1322 vindicem

6 1340 157 1423 fore.
198 1348 248 1400 Is
281 1365 407 1401 cum
441 1342 847 1423 percrebruiflet
882 1344 1026 1423 apud
1056 1341 1226 1403 Afros
1255 1366 1443 1403 rumor
1472 1385 1488 1407 ‚
1524 1366 1643 1403 ere-

18 1427 142 1483 &cos
175 1429 386 1496 animos
419 1429 476 1482 in
511 1425 972 1505 exspectationem
1009 1446 1070 1485 ut
1103 1426 1199 1483 ob
1208 1426 1345 1484 sacra
1364 1443 1645 1485 contemta

18 1508 442 1587 Vanidal'npaenas
462 1507 692 1567 darent·
735 1528 787 1567 at
823 1509 1116 1589 quomodo
1155 1529 1247 1567 aut
1265 1509 1485 1605 quando
1507 1507 1644 1568 fides

18 1590 313 1666 constitura
346 1589 470 1649 esset
519 1591 627 1650 viso
664 1631 682 1657 ,
730 1593 1033 1665 conjectare
1070 1591 1296 1670 potuiffe
1340 1596 1642 1657 neminem.²

15 1674 185 1732 Nunc
199 1681 362 1738 vem,
361 1661 713 1752 postquam
700 1694 757 1730 ιιι
775 1670 1018 1730 Africam
1040 1690 1258 1731 venerat
1276 1672 1440 1731 claffis
1458 1680 1642 1753 Impe-

18 1760 240 1824 ratoris»,
260 1744 386 1813 cum
404 1755 693 1834 postridie
681 1760 994 1813 immineret
1012 1752 1177 1813 festus
1203 1758 1483 1835 Cypriano
1504 1756 1642 1826 die82

12 1841 120 1897 ¹iter
133 1836 365 1919 ingresso
382 1859 508 1896 cum
532 1837 783 1897 Vandalis
801 1838 864 1896 ad
878 1841 1176 1896 Decimum
1194 1842 1645 1906 Ammata‚Aria-

19 1924 78 1978 ni
97 1942 324 2000 purg-are
341 1924 645 2001 templum,
675 1943 789 2001 quae
811 1921 1166 1979 donariorum
1186 1921 1542 2001 pulcherrima
1558 1920 1645 1979 su-

17 2000 294 2081 spendere,
311 2022 491 2084 aptate
511 2006 783 2070 lucernaS,
804 2005 1249 2084 depromtaque
1222 2027 1250 2063 e
1271 2006 1416 2063 cellis
1433 2009 1642 2083 pretio-

17 2084 117 2144 fiss
101 2108 209 2143 ma
225 2085 553 2167 supellecstile
565 2106 744 2167 parata
761 2087 826 2144 ad
842 2083 996 2146 usum
1012 2109 1239 2168 quaeque
1257 2086 1412 2146 suum
1427 2087 1645 2145 habere

18 2173 98 2228 At
119 2190 246 2227 cum
269 2171 335 2228 ad
353 2172 653 2229 Decimum
671 2190 752 2227 res
770 2211 788 2238 ‚
808 2174 881 2228 ita
898 2190 960 2228 ut
978 2174 1207 2238 narravi,
1223 2168 1536 2239 evenissent,
1558 2167 1645 2228 fu-

1 2272 146 2333 rgam
164 2271 444 2332 ceperunt
449 2255 640 2310 Ariani
665 2251 985 2312 sacerdotes.
1026 2257 1106 2311 At
1129 2252 1418 2312 Christiani
1443 2255 1645 2311 rectio-

17 2356 76 2393 ra
92 2333 382 2393 sentientes
402 2355 674 2416 occupato
687 2342 801 2413 jam
834 2353 1024 2395 vacant
1029 2359 1057 2395 e
1077 2340 1326 2416 templo,
1356 2335 1646 2394 accendere

19 2418 225 2475 lumina
261 2438 319 2474 ac
347 2422 580 2498 reliquas
593 2423 942 2477 caeremonias
959 2419 1054 2478 suo
1074 2441 1230 2478 more
1248 2418 1475 2478 exsecuti
1496 2419 1639 2484 sunt,

19 2519 80 2557 ac
98 2497 166 2557 sic
184 2497 381 2559 somnii
397 2499 717 2583 significatio
753 2501 1016 2562 omnibus
1051 2508 1248 2584 patuit.
1290 2504 1363 2560 Et
1388 2501 1498 2560 haec
1518 2506 1645 2582 qui-

18 2582 146 2641 dem
180 2583 249 2641 fic-
282 2605 526 2643 evenere
571 2589 650 2643 At
679 2585 1058 2644 Vandalorum
1087 2589 1352 2644 exercitus
1370 2588 1471 2643 alio
1490 2585 1643 2643 dicto

21 2682 203 2722 vetere
238 2669 296 2735 in
330 2670 654 2725 memoriam
688 2668 916 2725 reducito
947 2666 1647 2748 admirabundiobstnpue-

21 2764 188 2815 runt,
222 2746 435 2807 secum
417 2768 728 2830 reputantes
750 2749 964 2809 homini
981 2769 1113 2810 nato
1132 2751 1262 2809 nihil
1279 2751 1414 2809 adeo
1434 2770 1644 2808 novum

22 2847 86 2886 ut
117 2826 307 2908 sperari
338 2854 453 2890 non
484 2830 689 2911 posset,
721 2832 854 2891 nihil
873 2833 1010 2892 adeo
1031 2852 1240 2892 certum
1263 2852 1322 2891 ut
1338 2855 1453 2891 non
1470 2829 1644 2912 poffet

22 2914 220 2970 amitti.
275 2914 407 2990 Ejus
439 2915 581 2975 dieti
605 2936 724 2995 quae
760 2919 922 2996 origo
955 2914 1118 2975 fuerit
1147 2916 1449 2994 expediam.
1501 2916 1640 2980 Quo

22 3010 273 3076 tempore
294 2997 464 3084 pressi
497 2995 642 3061 farne
681 2999 908 3060 Vandali
939 3003 1130 3080 patriis
1153 2997 1367 3060 sedibus
1403 2996 1644 3072 exibant,

990 3084 1050 3140 D
1098 3099 1122 3159 ς
1521 3093 1647 3155 pars
