1888 3428
413 167 1260 253 PuoLEeoMENAJ
1577 186 1647 245 53

37 278 202 338 quam
217 255 390 314 Baltbi
412 278 563 337 reges
581 257 675 313 diu
710 273 931 310 tenuere
959 294 975 320 ‚
1011 252 1163 331 stirps
1198 271 1390 308 eorum
1424 267 1539 309 tota
1556 254 1648 308 in·-

37 345 196 399 teriit.
240 361 363 396 nam
383 343 476 418 qui
494 340 697 418 gallice.
731 339 794 391 L.
830 353 889 391 ut
909 354 1029 392 ante
1065 333 1455 392 consonantem
1487 332 1644 401 solet,
1721 330 1724 331 ⁷

36 426 94 480 in
115 421 163 479 u*
191 439 401 479 mutato
422 422 485 478 de
503 423 650 476 Baux
673 438 931 475 vocantur
950 457 966 483 ‚
1001 420 1035 475 ii
1057 422 1111 474 in
1147 415 1338 473 chartis
1374 416 1646 473 veteribus

35 507 224 561 Latine
260 503 461 582 scriptis
494 504 822 581 appellantur
854 501 1009 556 Baltii
1030 541 1046 567 ,
1090 499 1231 555 unde
1264 500 1358 576 qui
1383 501 1494 554 orti
1523 497 1646 555 sunu

35 590 187 645 avitae
204 590 454 665 potentiae
473 602 677 663 partem
692 581 897 639 servant
917 585 1215 659 principatu
1232 579 1610 638 Araufionenfi
1630 599 1645 634 ι

37 669 242 747 aliaque
271 668 507 743 ejusdem
539 662 752 722 familiae
786 686 1032 744 propa-go
1056 668 1110 720 in
1132 684 1302 742 regno
1322 662 1644 741 Neapolita-

35 771 110 816 no
131 752 484 827 principatum
503 749 794 805 Altcmerae
816 774 832 814 ‚f
859 747 1113 803 ducatum
1147 745 1378 802 Andreae
1397 787 1414 814 ‚
1443 746 1643 800 Comi-

31 848 204 888 tatum
226 832 511 899 Avellinae,
525 834 738 887 vir-tutis
757 850 869 885 n-on
890 829 1285 908 degenerantiS,
1306 848 1645 884 monumen-a

30 930 84 969 ta
103 916 296 970 tenuit.
342 915 680 992 Septimaniae
703 934 830 969 vero
850 910 1038 967 mansit
1058 915 1263 967 nomeu
1295 909 1543 967 Gotthiae
1563 927 1647 966 et-

26 998 133 1052 iam
151 995 268 1074 post
289 997 549 1055 Carolum
571 997 861 1076 Magnum,
887 1014 946 1050 ut
966 1012 1181 1074 apparet
1197 1014 1260 1048 ex
1282 991 1543 1049 divisione
1558 994 1646 1047 in⁴

25 1076 260 1135 terfilios
281 1079 463 1134 Caroli
484 1079 672 1158 Magni
696 1120 712 1145 ‚
744 1084 797 1134 &
815 1075 1025 1133 rursum.
1044 1080 1184 1132 inter
1197 1073 1338 1131 filios
1359 1074 1647 1141 Ludovici,

26 1160 268 1239 Eulogio
311 1159 653 1218 Cordubenfi
689 1159 956 1236 Episcopo
973 1201 988 1225 ‚
1039 1160 1366 1215 Hermanno
1402 1159 1648 1214 Contra-2

29 1243 140 1298 eto.
185 1248 309 1299 Pars
328 1241 671 1299 Gotthorum
693 1242 918 1320 Gepidae
936 1240 1136 1297 sunt‘ut
1154 1240 1305 1318 supra
1323 1238 1503 1297 dixiffe
1535 1260 1650 1296 sne-

31 1328 306 1381 minimus.
355 1345 496 1405 quos
534 1329 665 1381 ortis
699 1345 761 1380 ex
801 1326 1026 1381 Scanziae
1062 1322 1239 1380 insulae
1271 1321 1528 1402 gentibus
1564 1342 1648 1378 rea

32 1406 138 1483 ἃς
169 1424 486 1465 annumerat
527 1425 860 1464 memoratus
895 1405 1023 1462 mihi
1062 1404 1497 1484 Chorographici
1532 1424 1648 1459 non

30 1488 158 1545 editi
178 1488 414 1564 scriptor.
461 1488 514 1544 hi
535 1510 776 1565 quoque,
797 1488 927 1545 sicut
945 1487 1169 1554 Gotthi,
1187 1485 1530 1566 temporibus
1548 1486 1650 1544 illis
1684 1522 1701 1526 -r

28 1567 405 1648 antiquiffimis
424 1568 707 1625 consedere
727 1570 791 1625 ad
812 1567 1077 1626 Vistulam
1099 1609 1115 1635 ‚
1153 1586 1211 1625 ut
1232 1567 1526 1624 Iornandes
1543 1588 1652 1623 nos

25 1652 206 1709 docet.
251 1652 375 1709 inde
391 1650 854 1728 Burgundionum
894 1652 1121 1706 vicTtores
1139 1671 1331 1707 venere
1353 1649 1418 1708 ad
1440 1651 1647 1707 utram-

27 1754 155 1813 que,
177 1752 235 1790 ut
253 1735 550 1811 Procopius
568 1736 639 1788 ait
657 1774 673 1800 ‚
692 1733 941 1788 Danubii
970 1735 1139 1809 ripam
1162 1774 1178 1800 ,
1210 1733 1406 1789 multas
1436 1753 1530 1810 per
1557 1736 1647 1789 in-

26 1814 292 1875 cursiones
309 1817 578 1872 Romanis
609 1813 787 1871 infesti.
807 1834 866 1870 ut
886 1814 1150 1894 Vopiscus
1172 1815 1408 1873 Claudio
1429 1820 1483 1871 &
1507 1821 1646 1871 Pro-

29 1896 107 1954 bo
149 1896 400 1954 ostendit.
461 1895 752 1955 Postremo
782 1898 1060 1954 Martiano
1097 1903 1400 1976 imperante
1420 1939 1437 1964 ,
1483 1897 1651 1975 pulsis

29 1981 249 2036 Hunnis
267 1983 323 2036 in
344 1983 633 2037 Pannoniae
655 1999 826 2058 partes
841 2021 857 2046 ‚
875 1982 1095 2036 Hunnis
1115 1982 1397 2060 quondam
1418 1978 1649 2046 infestas⁹

27 2059 328 2119 successere.
372 2061 648 2118 Iustiniani
674 2062 1016 2141 temporibus
1038 2084 1224 2141 cepere
1245 2070 1298 2119 &
1320 2065 1501 2121 Daciae
1529 2067 1646 2140 ple-

27 2165 189 2222 raque
212 2163 269 2220 ut
289 2144 430 2223 apud
449 2148 783 2224 Procopium
805 2145 896 2200 est.
950 2144 1015 2201 ab
1036 2144 1114 2204 his
1135 2146 1366 2222 Gepidis
1384 2144 1651 2213 ortisunt:

23 2228 96 2285 illi
112 2226 455 2307 Langobardi
473 2269 488 2294 ,
503 2248 747 2306 quorum
766 2231 935 2306 prima
956 2229 1096 2304 apud
1117 2228 1439 2305 prosperum
1460 2231 1649 2307 Aqui--

25 2327 209 2366 tanum
242 2311 451 2365 mentio
483 2309 557 2366 est
591 2309 891 2366 Theodosii
927 2309 1268 2388 temporibus
1301 2321 1424 2367 cum
1453 2328 1647 2389 rege-m-

23 2389 118 2448 fibi
138 2388 304 2448 fecere
320 2391 739 2471 Agilmundum.
765 2391 923 2449 Sedes
943 2395 1040 2449 illis
1060 2395 1495 2471 cumgen-tilibus
1518 2396 1640 2450 Ge-

21 2473 158 2551 pidis
172 2477 242 2530 cis
262 2474 583 2531 Danubium
606 2492 664 2530 ut
684 2476 922 2532 Romani
942 2476 1262 2555 loquuntur.
1285 2475 1446 2533 docet
1464 2478 1518 2534 id
1537 2497 1640 2533 nos
1703 2539 1706 2542 .

25 2560 341 2632 Procopius·
380 2562 715 2619 Pannoniam
750 2557 1251 2617 disertirnnominat
1270 2561 1314 2614 is
1336 2581 1500 2638 quem
1527 2566 1641 2636 jam?

25 2632 156 2713 faepe
177 2638 366 2694 adduxi
383 2640 576 2696 Paulus
597 2642 652 2695 in
685 2639 953 2706 Miscelia,
997 2646 1050 2697 δε
1082 2640 1372 2703 borumyi
1405 2638 1645 2720 oppreffi-

26 2717 250 2795 Gepidae
286 2741 529 2778 annovx.
573 2719 853 2785 Iustiniln
881 2726 1225 2799 Imperatoris
1259 2721 1425 2780 finem
1463 2729 1640 2800 irnpe-=-¹

26 2799 175 2856 randi
195 2797 362 2859 fecere
376 2843 393 2868 ,
426 2821 484 2860 ut
502 2803 732 2861 Gotthus
751 2805 834 2860 ille
854 2804 1119 2865 Iohannes
1139 2826 1244 2862 nos
1257 2804 1435 2862 docet.
1464 2807 1637 2862 vietus

28 2883 208 2958 praelio
229 2881 293 2937 ab
313 2883 495 2941 iisdem
522 2885 899 2961 Langobardis.
913 2907 1082 2965 gener
1101 2886 1287 2943 Iustini
1303 2894 1356 2944 ὃς
1375 2888 1481 2944 dux
1501 2890 1639 2942 Ban-

23 2961 229 3029 darius..
263 2965 883 3034 IustinocumTiberius
898 2966 1224 3038 successisset,
1247 2990 1436 3028 venere
1456 2973 1509 3024 iu
1529 2973 1639 3022 Ira-

853 3050 887 3108 d
938 3073 960 3126 3
1519 3052 1653 3113 liam
