1888 3428
246 153 360 226 536
482 145 894 205 EerRPTA
936 163 1017 202 Ex
1059 144 1166 214 AG
1191 157 1447 217 ATfflffl
1487 128 1705 203 Hrsa‘j

238 229 438 309 ingrati
456 250 557 285 nos
579 228 844 285 dabimus.
892 228 1025 285 Haec
1044 227 1274 284 elocutis
1306 226 1495 305 legatis
1525 222 1863 303 Theudibal-

216 321 226 327 ”
241 308 342 368 dus
357 351 373 376 ,
403 328 463 367 ut
485 314 577 389 qui
596 309 898 367 adolescens
921 307 1044 366 effet
1064 306 1236 389 segnis
1256 308 1562 365 &imbellis
1585 348 1603 374 ‚
1621 307 1859 365 invalido

242 398 405 450 etiam
426 414 518 472 per
537 392 764 449 morbos
783 389 1093 470 frequentes
1111 408 1339 467 corpore
1357 430 1374 456 ‚
1410 406 1524 446 non
1549 386 1864 450 assentieba-

205 482 207 484 “
240 493 329 532 tur
349 478 529 552 petitis
548 519 561 538 ,
596 495 772 552 neque
791 473 1126 530 existimabat
1150 472 1317 529 aliena
1336 471 1474 529 mala
1506 469 1660 528 suum
1695 473 1750 527 in
1772 493 1867 549 pe-

239 559 469 614 riculum
492 557 758 613 vertenda.
811 555 914 613 Sed
941 554 1224 613 Leutharis
1258 559 1313 610 δε
1348 554 1654 620 Rutilium,
1692 573 1868 631 quan-

246 660 410 718 quam
432 660 554 718 rege
575 637 670 695 suo
695 659 806 694 non
840 637 1103 716 probante
1126 678 1141 703 ‚
1177 635 1525 693 Gotthorum
1559 634 1867 692 societatem

247 721 564 778 induerunt.
608 723 815 777 Fratres
834 719 887 776 hi
908 737 1237 798 erantgente
1267 719 1595 785 Alemanni,
1622 714 1709 774 sed
1727 716 1869 795 apud

242 805 475 859 Francos
503 807 696 859 eximie
731 803 1020 869 honorati,
1063 805 1262 880 quippe
1285 798 1457 857 &suae
1493 800 1728 856 nationis
1760 798 1868 856 du·-

244 904 331 942 ces
350 885 557 962 pridem
575 882 700 940 facti
719 926 736 951 ,
768 884 1161 941 Theudeberto
1185 883 1422 940 volente.
1466 883 1792 948 Alemanni,
1829 878 1867 937 fi

243 966 437 1023 Asinio
460 966 744 1033 Quadrato
771 964 925 1032 fides»,
956 970 1071 1024 viro
1092 966 1226 1022 Italo
1244 970 1296 1022 &
1318 966 1764 1022 Germanicarum
1783 984 1871 1019 re-

245 1069 367 1104 rum
389 1050 579 1105 exae'oe
596 1050 836 1125 scriptori
858 1090 872 1112 ,
899 1067 1155 1105 convenae
1177 1048 1298 1104 sunt
1316 1049 1473 1104 variis
1505 1045 1533 1102 ἐ
1553 1044 1867 1103 nationibus

245 1130 460 1186 colleffi
480 1170 497 1197 ‚
515 1129 568 1186 id
586 1127 758 1207 ipsum
781 1129 920 1206 apud
940 1150 1034 1186 eos
1053 1127 1382 1209 significante
1403 1127 1695 1187 vocabulo.
1738 1129 1869 1184 Hos

242 1211 524 1290 quondam
537 1209 950 1267 Theuderichus
969 1210 1317 1284 Gotthorum
1337 1231 1427 1267 rex
1448 1253 1461 1274 ‚
1493 1208 1618 1267 curn
1636 1231 1867 1267 omnem

240 1297 447 1350 Italiam
471 1310 676 1350 teneret
695 1333 713 1358 ,
748 1295 803 1348 in
823 1289 1090 1371 obsequio
1128 1289 1386 1349 habuerat
1402 1289 1498 1348 sub
1517 1291 1706 1349 tributi
1724 1292 1868 1370 lege.

241 1377 329 1432 Eo
348 1379 455 1433 vita
472 1373 665 1432 funesto
686 1415 701 1441 ‚
735 1373 980 1450 cumjam
1002 1372 1351 1432 Iustinianum
1370 1377 1513 1431 inter
1532 1415 1546 1440 ‚
1567 1377 1867 1432 maximum

241 1463 630 1537 Imperatorem
654 1497 670 1524 ‚
705 1463 758 1514 δε
801 1456 1053 1513 Gotthos
1093 1455 1301 1515 bellum
1330 1453 1620 1522 exarsisset,
1661 1454 1867 1514 Gotthi

242 1541 573 1597 Francorum
593 1557 864 1618 captantes
895 1543 1119 1618 gratiam
1148 1581 1164 1606 ‚
1199 1559 1257 1597 ut
1296 1560 1535 1618 quorum
1571 1541 1865 1596 amicitiam

239 1620 448 1679 summe
468 1640 778 1700 expeterent
800 1662 815 1687 ‚
853 1640 971 1678 tum
988 1624 1215 1678 alialoca
1234 1622 1510 1680 deseruere
1527 1663 1544 1689 ,
1562 1639 1681 1679 tum
1701 1624 1866 1678 etiam

240 1705 563 1760 Alemannis
602 1702 938 1761 abstiterunt.
997 1704 1384 1761 contrahendas
1431 1707 1576 1761 enim
1627 1703 1866 1781 undique

243 1784 359 1842 suas
379 1785 661 1856 censebant
683 1789 864 1862 copias
884 1831 897 1850 ,
930 1792 984 1842 &
1005 1786 1081 1842 ob
1103 1786 1154 1841 id
1175 1830 1189 1850 ‚
1213 1789 1304 1864 qui
1322 1785 1689 1860 subjeftorum
1710 1786 1865 1841 oneri

247 1872 423 1948 magis
444 1888 614 1945 *quam
655 1866 767 1923 usui
788 1887 939 1924 erant
955 1909 972 1935 ‚
1009 1867 1290 1924 habendos
1309 1868 1581 1924 derelictui
1606 1907 1620 1927 ‚
1667 1883 1862 1944 utpote

246 1971 372 2006 cum
418 1949 538 2027 ipfis
582 1954 691 2023 jam
733 1970 845 2004 non
898 1950 963 2006 de
1006 1951 1321 2028 longinquis
1371 1952 1608 2028 imperiis
1648 1955 1703 2005 &
1735 1950 1863 2029 glo-

245 2037 323 2089 ria
343 2072 359 2099 ‚
390 2030 477 2088 sed
496 2030 559 2087 de
580 2033 725 2086 Italia
760 2031 866 2108 ipsa
888 2031 1061 2109 deque
1083 2032 1304 2088 vitando
1326 2032 1521 2088 ultimo
1544 2033 1712 2088 exitio
1747 2052 1864 2088 cer-

245 2130 427 2185 tarnen
448 2112 590 2169 effer.
621 2115 806 2169 Futuri
825 2116 1003 2191 itaque
1027 2116 1225 2170 incerta
1241 2111 1387 2169 facio
1411 2116 1716 2171 voluntario
1732 2133 1883 2191 prae-‘

244 2200 522 2252 venientes
557 2194 621 2250 de
657 2193 961 2252 neceffitate
995 2192 1166 2252 fecere
1205 2196 1563 2273 prudentiam.
1604 2196 1773 2252 Hunc
1806 2199 1884 2252 in*

244 2278 476 2336 modum
498 2274 525 2332 ἓι
544 2275 772 2333 Gotthis
791 2277 1049 2333 desertam
1070 2296 1290 2357 gentem
1309 2280 1743 2335 Alemannorurn
1766 2275 1864 2333 fibi

244 2358 481 2417 subdidit
512 2358 929 2415 Theudebertus
952 2381 964 2415 ε
999 2381 1176 2438 eoque
1196 2400 1212 2426 ,
1236 2364 1310 2416 ita
1327 2379 1385 2417 ut
1407 2361 1614 2417 narravi
1636 2378 1859 2416 mortuo

225 2444 310 2499 'ad
336 2441 509 2499 filium
530 2446 640 2514 ejus
661 2461 784 2496 cum
817 2445 1013 2499 caeteris
1036 2442 1250 2520 populis
1269 2441 1321 2498 hi
1356 2463 1580 2521 quoque
1600 2463 1862 2519 pervene-
1886 2452 1888 2455 ’

243 2540 391 2581 runt.
434 2520 656 2579 Habent
690 2525 937 2600 privatim
975 2530 1028 2579 &
1064 2528 1276 2602 propria
1303 2525 1560 2581 instituta.
1604 2527 1659 2580 in
1680 2522 1860 2601 publi-

243 2628 371 2680 cum
399 2607 655 2661 Francico
693 2607 922 2682 irnperio
943 2627 999 2661 ac
1021 2608 1270 2663 moribus
1288 2604 1691 2687 gubernantur:
1722 2608 1860 2662 circa

243 2689 424 2746 divina
455 2684 785 2764 discrepant:
830 2686 1113 2744 Arborum
1150 2689 1251 2745 illis
1281 2691 1457 2746 cultus
1491 2695 1542 2746 δέ
1581 2689 1855 2754 amnium,

241 2772 573 2847 colliumque
595 2773 646 2823 δέ
669 2768 901 2823 vallium.
948 2767 1057 2826 haec
1081 2774 1304 2826 numina
1323 2771 1530 2849 placant
1551 2768 1859 2848 equisaliiss

240 2874 345 2930 que
368 2848 703 2914 animalibus,
726 2871 840 2927 quae
860 2849 1080 2909 desec‘tis
1096 2851 1386 2908 cervicibus
1402 2851 1620 2909 sacrant.
1644 2855 1855 2909 Verum

152 2939 158 2941 '
240 2953 490 3013 perpetua
512 2953 633 2990 cum
657 2934 865 2988 francis
884 2931 1240 3005 consuetud0‚
1255 2931 1532 3015 sensusque
1554 2931 1854 2990 beneficio-

1729 3034 1850 3070 turn
