1888 3428
319 159 449 216 DE
530 146 1267 210 RBEGEUCH.
1506 154 1621 239 955

40 248 157 321 ujus
178 247 232 302 δε
250 259 562 324 germanam
584 231 869 294 Placidiam
891 271 909 298 ‚
954 227 1260 286 Theodosii
1282 226 1631 312 Imperatoris

41 350 73 385 x
90 329 250 384 altera
270 344 440 382 uxore
460 319 625 379 filiam
644 360 660 386 ‚
697 314 829 373 urbe
849 314 1122 390 captivum
1143 310 1385 370 abduxit.
1440 318 1629 383 Quam

37 431 194 467 amen
214 407 289 464 ob
315 406 527 485 generis
547 400 888 459 nobilitatem
908 433 924 461 ‚
953 391 1256 474 formaeque
1278 393 1632 472 pulchritudi-

51 514 138 549 em
159 533 176 558 ,
211 491 650 569 &integritatem
671 479 919 540 castitatis
938 477 1220 536 attendens
1240 517 1256 544 ‚
1290 480 1346 533 in
1367 478 1631 537 Forolivii

11 576 238 635 AEmiliae
259 574 474 628 civitate
492 568 589 626 suo
612 562 964 628 matrimonio
988 561 1264 639 copulavit
1280 600 1297 627 ,
1335 579 1397 616 ut
1416 579 1630 640 genteS,

10 657 108 715 hac
143 653 396 712 societate
431 666 744 729 comperta,
778 642 922 725 quasi
959 643 1190 702 adunata
1209 641 1418 700 Gothis
1436 644 1631 722 Repu-

11 740 150 798 blica
169 736 435 796 efficacius
453 749 795 797 terrerentur,
828 729 1264 807 Honoriumque
1287 725 1631 807 Augustum,

11 825 263 902 quamvis
299 819 499 899 opibus
530 813 843 872 exhaustum
874 849 889 876 ‚
930 808 1298 889 tameanuafi
1329 814 1631 891 cognatum

9 925 168 986 grato
192 907 374 962 animo
400 902 800 977 derelinquenS‚
819 895 1023 953 Gallias
1038 894 1212 952 tendit
1237 916 1252 949 :
1276 891 1372 950 ubi
1391 914 1516 950 cum
1536 892 1635 949 ad-

10 985 246 1056 venisset,
276 989 459 1042 vicinae
481 1000 673 1064 gentes
692 983 978 1060 perterritae
997 981 1052 1034 in
1086 975 1190 1033 suis
1209 975 1260 1034 se
1280 973 1485 1033 finibus
1515 996 1634 1034 coe·

11 1090 213 1150 petunt
247 1070 557 1129 continere,
600 1087 718 1144 quae
755 1061 965 1120 dudum
1002 1060 1290 1118 crudeliter
1309 1060 1512 1117 Gallias
1544 1065 1634 1116 in-

9 1151 310 1229 festaffent‚
344 1170 468 1208 tam.
492 1150 679 1205 Franci
710 1188 728 1215 ,
777 1167 941 1225 quam
975 1143 1420 1222 Burgundiones.
1481 1144 1632 1201 Nam

12 1235 288 1298 W⁷andali
308 1241 362 1291 ἃ
382 1234 543 1289 Alani
570 1272 585 1292 ,
600 1251 742 1308 quos
759 1227 913 1306 supra
931 1226 1187 1294 diximUS,
1209 1221 1460 1304 permissu
1481 1229 1634 1305 prin-

11 1322 195 1396 cipum
229 1318 619 1373 Romanorum
647 1330 873 1389 utraque
907 1312 1194 1365 Pannonia
1224 1305 1460 1365 resedere
1480 1348 1497 1374 ‚
1531 1328 1634 1366 nec

10 1401 89 1458 ibi
109 1399 206 1456 fibi
230 1400 307 1456 ob
328 1416 538 1454 metum
571 1393 899 1452 Gothorum
935 1391 1253 1448 arbitrantes
1283 1407 1465 1449 tutum
1486 1387 1632 1456 fore,

12 1481 51 1541 fi
71 1499 500 1547 reverterentur,
538 1478 602 1536 ad
622 1478 824 1534 Gallias
853 1472 1122 1532 transiere.
1168 1472 1271 1530 Sed
1292 1493 1424 1530 mox
1451 1470 1637 1531 aGal-

11 1568 95 1624 liis
117 1608 134 1634 ,
168 1587 300 1645 quas
336 1582 457 1620 ante
477 1583 592 1618 non
613 1560 853 1617 multum
873 1576 1092 1634 tempus
1121 1554 1467 1634 occupassent
1489 1595 1505 1622 ,
1542 1552 1637 1612 fu-

12 1652 259 1729 gientes,
294 1645 553 1724 Hispania
570 1642 620 1700 se
640 1640 894 1699 reclusere
915 1682 933 1708 ‚
967 1638 1140 1696 adhuc
1159 1657 1432 1695 memores
1462 1659 1527 1694 ex
1547 1657 1637 1694 re-

12 1731 218 1788 latione
238 1734 510 1803 majorum
529 1725 751 1784 suorum
771 1764 787 1790 ‚
820 1723 954 1802 quid
992 1721 1200 1779 dudum
1232 1719 1514 1778 Geberich
1541 1741 1636 1778 rex

16 1812 344 1892 Gothorum
364 1813 518 1891 genti
537 1808 637 1867 suae
657 1802 967 1886 praestitiflet
984 1803 1349 1872 incommodi,
1385 1804 1467 1862 vel
1488 1824 1637 1883 quo-

17 1896 189 1954 modo
225 1917 320 1953 eos
340 1899 541 1952 virtute
560 1888 651 1948 sua
685 1893 858 1971 patrio
880 1887 995 1946 solo
1018 1883 1313 1965 expulisset.
1355 1885 1482 1942 Tali
1500 1905 1636 1967 ergo

17 1978 136 2036 c‘asu
171 1979 363 2034 Galliae
400 1970 667 2033 Athaulfo
702 1992 923 2052 patuere
959 1971 1217 2026 venienti.
1277 1966 1637 2025 Confirmato

18 2083 151 2142 ergo
171 2060 378 2119 Gothis
398 2079 570 2138 regno
590 2060 646 2113 in
663 2057 854 2114 Galliis
875 2096 890 2121 ‚
929 2051 1304 2133 Hispanorum
1334 2049 1451 2108 casu
1469 2054 1640 2131 coepit

21 2144 235 2206 dolere,
271 2142 474 2221 eosque
493 2139 794 2197 deliberans
824 2135 851 2193 a
881 2136 1302 2196 XWandalorum
1336 2132 1641 2192 incursibus

20 2231 223 2305 eripere
238 2266 256 2293 ‚
295 2246 389 2305 per
407 2225 522 2281 suas
550 2244 683 2301 opes
701 2222 1045 2277 Barcilonum
1066 2239 1190 2275 cum
1210 2218 1369 2274 certis
1386 2214 1640 2273 fidelibus

21 2310 241 2367 deleffis
261 2308 526 2388 plebeque
547 2305 752 2362 imbelli
772 2346 790 2372 ,
823 2305 1108 2359 interiores
1127 2297 1410 2379 Hispanias
1438 2302 1641 2357 introi-

21 2395 130 2459 vit,
170 2393 266 2449 ubi
298 2390 431 2467 saepe
461 2410 587 2447 cum
618 2386 922 2447 XWandalis
951 2384 1228 2453 decertans
1249 2425 1266 2450 ‚
1300 2384 1460 2441 tertio
1488 2403 1638 2440 anno

24 2473 309 2554 postquam
345 2474 552 2531 Gallias
586 2465 981 2549 Hispaniasque
1020 2463 1311 2524 domuisset
1343 2464 1643 2533 occubuit3

23 2557 199 2636 gladio
221 2560 315 2615 ilio
349 2552 628 2635 perforato
647 2549 894 2613 Vernnlfi
915 2592 930 2619 ‚
963 2549 1029 2607 de
1050 2555 1204 2624 cujus
1231 2545 1417 2605 solitus
1437 2565 1550 2604 erat
1567 2549 1644 2605 ri-

23 2638 381 2713 derestatura.
429 2637 556 2695 Post
580 2643 731 2713 cujus
753 2654 989 2692 mortem
1009 2634 1308 2713 Regericus
1327 2652 1418 2688 rex
1438 2629 1646 2687 consti-

23 2725 212 2780 tuitur.
249 2720 336 2779 sed
358 2728 408 2777 ἃ
432 2718 538 2799 ipse
557 2718 778 2777 suorum
798 2716 983 2777 fraude
1005 2733 1320 2797 peremptus
1337 2756 1355 2787 ,
1390 2715 1544 2772 ocius
1563 2714 1645 2790 vif

28 2810 139 2862 tarn
159 2824 280 2865 cum
303 2824 473 2886 regno
494 2804 736 2884 reliquit,

1450 3041 1639 3102 Cap„
