<?xml version="1.0" encoding="UTF-8"?>
<!DOCTYPE html PUBLIC "-//W3C//DTD XHTML 1.0 Transitional//EN"
    "http://www.w3.org/TR/xhtml1/DTD/xhtml1-transitional.dtd">
<html xmlns="http://www.w3.org/1999/xhtml" xml:lang="en" lang="en">
 <head>
  <title>
</title>
<meta http-equiv="Content-Type" content="text/html;charset=utf-8" />
  <meta name='ocr-system' content='tesseract 3.04.00' />
  <meta name='ocr-capabilities' content='ocr_page ocr_carea ocr_par ocr_line ocrx_word'/>
</head>
<body>
  <div class='ocr_page' id='page_1' title='image "./historiagotthoru00grot_0499.png"; bbox 0 0 1888 3428; ppageno 0'>
   <div class='ocr_carea' id='block_1_1' title="bbox 0 109 1657 2962">
    <p class='ocr_par' dir='ltr' id='par_1_1' title="bbox 0 109 1657 2962">
     <span class='ocr_line' id='line_1_1' title="bbox 0 109 861 156; baseline -0.009 -33"><span class='ocrx_word' id='word_1_1' title='bbox 0 109 1 156; x_wconf 30' lang='grc'>1</span> <span class='ocrx_word' id='word_1_2' title='bbox 857 114 861 115; x_wconf 19' lang='lat'><em>⁷</em></span> 
     </span>
     <span class='ocr_line' id='line_1_2' title="bbox 0 153 1631 242; baseline -0.007 -17"><span class='ocrx_word' id='word_1_3' title='bbox 0 159 6 242; x_wconf 31' lang='lat' dir='ltr'>l,</span> <span class='ocrx_word' id='word_1_4' title='bbox 213 164 644 223; x_wconf 72' lang='lat' dir='ltr'>GoTTHmAE</span> <span class='ocrx_word' id='word_1_5' title='bbox 683 153 1090 214; x_wconf 75' lang='lat' dir='ltr'>HrsTORIAE</span> <span class='ocrx_word' id='word_1_6' title='bbox 1129 157 1414 215; x_wconf 69' lang='lat' dir='ltr'>L113.111.</span> <span class='ocrx_word' id='word_1_7' title='bbox 1515 160 1631 239; x_wconf 78' lang='lat'>333&#39;</span> 
     </span>
     <span class='ocr_line' id='line_1_3' title="bbox 14 240 1631 322; baseline -0.011 -11"><span class='ocrx_word' id='word_1_8' title='bbox 14 267 71 312; x_wconf 79' lang='lat' dir='ltr'>c&#39;a</span> <span class='ocrx_word' id='word_1_9' title='bbox 90 250 323 309; x_wconf 84' lang='lat' dir='ltr'>dicerent</span> <span class='ocrx_word' id='word_1_10' title='bbox 344 290 361 316; x_wconf 86' lang='lat'>‚</span> <span class='ocrx_word' id='word_1_11' title='bbox 394 243 552 322; x_wconf 86' lang='lat' dir='ltr'>seque</span> <span class='ocrx_word' id='word_1_12' title='bbox 572 255 748 299; x_wconf 77' lang='lat' dir='ltr'>rerum</span> <span class='ocrx_word' id='word_1_13' title='bbox 769 240 1023 294; x_wconf 85' lang='lat' dir='ltr'>omnium</span> <span class='ocrx_word' id='word_1_14' title='bbox 1045 253 1250 317; x_wconf 81' lang='lat' dir='ltr'>egenos</span> <span class='ocrx_word' id='word_1_15' title='bbox 1268 244 1442 296; x_wconf 87' lang='lat' dir='ltr'>vivere</span> <span class='ocrx_word' id='word_1_16' title='bbox 1480 263 1494 298; x_wconf 90' lang='lat'><strong>:</strong></span> <span class='ocrx_word' id='word_1_17' title='bbox 1532 263 1631 299; x_wconf 78' lang='lat' dir='ltr'>nec</span> 
     </span>
     <span class='ocr_line' id='line_1_4' title="bbox 11 316 1634 411; baseline -0.009 -18"><span class='ocrx_word' id='word_1_18' title='bbox 11 332 136 393; x_wconf 83' lang='lat' dir='ltr'>falsa</span> <span class='ocrx_word' id='word_1_19' title='bbox 154 331 555 411; x_wconf 12' lang='lat' dir='ltr'>querebantur-y</span> <span class='ocrx_word' id='word_1_20' title='bbox 578 326 684 380; x_wconf 84' lang='lat' dir='ltr'>His</span> <span class='ocrx_word' id='word_1_21' title='bbox 727 320 792 377; x_wconf 87' lang='lat' dir='ltr'>de</span> <span class='ocrx_word' id='word_1_22' title='bbox 813 316 977 376; x_wconf 86' lang='lat' dir='ltr'>caufis</span> <span class='ocrx_word' id='word_1_23' title='bbox 1005 320 1069 376; x_wconf 85' lang='lat' dir='ltr'>ad</span> <span class='ocrx_word' id='word_1_24' title='bbox 1090 324 1477 396; x_wconf 74' lang='lat' dir='ltr'>Imperatorem</span> <span class='ocrx_word' id='word_1_25' title='bbox 1501 326 1634 380; x_wconf 70' lang='lat' dir='ltr'>mit-</span> 
     </span>
     <span class='ocr_line' id='line_1_5' title="bbox 10 400 1634 480; baseline -0.007 -7"><span class='ocrx_word' id='word_1_26' title='bbox 10 420 80 473; x_wconf 88' lang='lat' dir='ltr'>tit</span> <span class='ocrx_word' id='word_1_27' title='bbox 98 413 374 472; x_wconf 82' lang='lat' dir='ltr'>Belisarius</span> <span class='ocrx_word' id='word_1_28' title='bbox 410 408 491 465; x_wconf 82' lang='lat' dir='ltr'>his</span> <span class='ocrx_word' id='word_1_29' title='bbox 523 405 699 468; x_wconf 87' lang='lat' dir='ltr'>verbis</span> <span class='ocrx_word' id='word_1_30' title='bbox 717 400 1016 480; x_wconf 83' lang='lat' dir='ltr'>epistolam.</span> <span class='ocrx_word' id='word_1_31' title='bbox 1058 407 1120 458; x_wconf 92' lang='lat' dir='ltr'>In</span> <span class='ocrx_word' id='word_1_32' title='bbox 1140 402 1345 459; x_wconf 70' lang='lat' dir='ltr'>Italiam</span> <span class='ocrx_word' id='word_1_33' title='bbox 1369 409 1634 471; x_wconf 62' lang='lat' dir='ltr'>venimus5</span> 
     </span>
     <span class='ocr_line' id='line_1_6' title="bbox 13 481 1634 576; baseline -0.009 -20"><span class='ocrx_word' id='word_1_34' title='bbox 13 501 224 576; x_wconf 87' lang='lat' dir='ltr'>optime</span> <span class='ocrx_word' id='word_1_35' title='bbox 244 502 561 572; x_wconf 78' lang='lat' dir='ltr'>Imperator,</span> <span class='ocrx_word' id='word_1_36' title='bbox 583 492 773 564; x_wconf 86' lang='lat' dir='ltr'>inopes</span> <span class='ocrx_word' id='word_1_37' title='bbox 790 481 990 552; x_wconf 59' lang='lat' dir='ltr'>virum,</span> <span class='ocrx_word' id='word_1_38' title='bbox 1008 505 1277 562; x_wconf 85' lang='lat' dir='ltr'>equorum</span> <span class='ocrx_word' id='word_1_39' title='bbox 1298 525 1313 551; x_wconf 84' lang='lat'>‚</span> <span class='ocrx_word' id='word_1_40' title='bbox 1336 504 1634 551; x_wconf 82' lang='lat' dir='ltr'>armorum,-</span> 
     </span>
     <span class='ocr_line' id='line_1_7' title="bbox 12 566 1637 660; baseline -0.01 -22"><span class='ocrx_word' id='word_1_41' title='bbox 12 583 282 660; x_wconf 81' lang='lat' dir='ltr'>pecuniae:</span> <span class='ocrx_word' id='word_1_42' title='bbox 319 576 428 633; x_wconf 78' lang='lat' dir='ltr'>sine</span> <span class='ocrx_word' id='word_1_43' title='bbox 447 591 675 652; x_wconf 83' lang='lat' dir='ltr'>quarum</span> <span class='ocrx_word' id='word_1_44' title='bbox 701 586 877 624; x_wconf 88' lang='lat' dir='ltr'>rerum</span> <span class='ocrx_word' id='word_1_45' title='bbox 899 569 1150 622; x_wconf 89' lang='lat' dir='ltr'>omnium</span> <span class='ocrx_word' id='word_1_46' title='bbox 1172 566 1336 623; x_wconf 92' lang='lat' dir='ltr'>ubere</span> <span class='ocrx_word' id='word_1_47' title='bbox 1360 570 1515 644; x_wconf 85' lang='lat' dir='ltr'>copia</span> <span class='ocrx_word' id='word_1_48' title='bbox 1539 587 1637 622; x_wconf 87' lang='lat' dir='ltr'>ne·-</span> 
     </span>
     <span class='ocr_line' id='line_1_8' title="bbox 15 647 1637 739; baseline -0.009 -19"><span class='ocrx_word' id='word_1_49' title='bbox 15 684 131 730; x_wconf 84' lang='lat' dir='ltr'>mO,</span> <span class='ocrx_word' id='word_1_50' title='bbox 149 680 209 719; x_wconf 90' lang='lat' dir='ltr'>ut</span> <span class='ocrx_word' id='word_1_51' title='bbox 229 678 386 739; x_wconf 76' lang='lat' dir='ltr'>pum,</span> <span class='ocrx_word' id='word_1_52' title='bbox 412 655 608 712; x_wconf 79' lang='lat' dir='ltr'>bellum</span> <span class='ocrx_word' id='word_1_53' title='bbox 627 669 811 732; x_wconf 85' lang='lat' dir='ltr'>gerere</span> <span class='ocrx_word' id='word_1_54' title='bbox 831 651 1011 705; x_wconf 86' lang='lat' dir='ltr'>valeat.</span> <span class='ocrx_word' id='word_1_55' title='bbox 1055 647 1208 705; x_wconf 86' lang='lat' dir='ltr'>obita</span> <span class='ocrx_word' id='word_1_56' title='bbox 1227 652 1384 705; x_wconf 86' lang='lat' dir='ltr'>omni</span> <span class='ocrx_word' id='word_1_57' title='bbox 1404 647 1637 705; x_wconf 76' lang='lat' dir='ltr'>Thracia</span> 
     </span>
     <span class='ocr_line' id='line_1_9' title="bbox 14 730 1638 823; baseline -0.01 -21"><span class='ocrx_word' id='word_1_58' title='bbox 14 764 175 823; x_wconf 84' lang='lat' dir='ltr'>atque</span> <span class='ocrx_word' id='word_1_59' title='bbox 194 744 402 820; x_wconf 87' lang='lat' dir='ltr'>Illyrico</span> <span class='ocrx_word' id='word_1_60' title='bbox 426 739 623 794; x_wconf 83' lang='lat' dir='ltr'>milites</span> <span class='ocrx_word' id='word_1_61' title='bbox 642 752 781 813; x_wconf 82' lang='lat' dir='ltr'>aegre</span> <span class='ocrx_word' id='word_1_62' title='bbox 802 734 1120 809; x_wconf 83' lang='lat' dir='ltr'>reperimus,</span> <span class='ocrx_word' id='word_1_63' title='bbox 1142 751 1344 808; x_wconf 83' lang='lat' dir='ltr'>paucos</span> <span class='ocrx_word' id='word_1_64' title='bbox 1368 772 1384 797; x_wconf 86' lang='lat'>‚</span> <span class='ocrx_word' id='word_1_65' title='bbox 1421 730 1638 787; x_wconf 69' lang='lat' dir='ltr'>misera,-</span> 
     </span>
     <span class='ocr_line' id='line_1_10' title="bbox 14 813 1639 897; baseline -0.011 -13"><span class='ocrx_word' id='word_1_66' title='bbox 14 827 169 894; x_wconf 73' lang='lat' dir='ltr'>biles,</span> <span class='ocrx_word' id='word_1_67' title='bbox 187 830 416 882; x_wconf 87' lang='lat' dir='ltr'>inermes</span> <span class='ocrx_word' id='word_1_68' title='bbox 437 862 452 886; x_wconf 89' lang='lat'>‚</span> <span class='ocrx_word' id='word_1_69' title='bbox 472 818 776 897; x_wconf 82' lang='lat' dir='ltr'>praeliorum</span> <span class='ocrx_word' id='word_1_70' title='bbox 793 814 1122 892; x_wconf 80' lang='lat' dir='ltr'>inexpertos,</span> <span class='ocrx_word' id='word_1_71' title='bbox 1157 834 1296 892; x_wconf 80' lang='lat' dir='ltr'>quos</span> <span class='ocrx_word' id='word_1_72' title='bbox 1319 813 1403 870; x_wconf 87' lang='lat' dir='ltr'>hic</span> <span class='ocrx_word' id='word_1_73' title='bbox 1422 816 1639 870; x_wconf 82' lang='lat' dir='ltr'>inveni-</span> 
     </span>
     <span class='ocr_line' id='line_1_11' title="bbox 17 893 1641 977; baseline -0.01 -11"><span class='ocrx_word' id='word_1_74' title='bbox 17 929 139 966; x_wconf 86' lang='lat' dir='ltr'>mus</span> <span class='ocrx_word' id='word_1_75' title='bbox 159 908 458 964; x_wconf 85' lang='lat' dir='ltr'>multorum</span> <span class='ocrx_word' id='word_1_76' title='bbox 477 897 774 977; x_wconf 82' lang='lat' dir='ltr'>superstites</span> <span class='ocrx_word' id='word_1_77' title='bbox 794 937 811 963; x_wconf 85' lang='lat'><em>‚</em></span> <span class='ocrx_word' id='word_1_78' title='bbox 833 902 886 953; x_wconf 68' lang='grc' dir='ltr'>δε</span> <span class='ocrx_word' id='word_1_79' title='bbox 906 899 1057 953; x_wconf 87' lang='lat' dir='ltr'>tenui</span> <span class='ocrx_word' id='word_1_80' title='bbox 1074 893 1195 952; x_wconf 85' lang='lat' dir='ltr'>sunt</span> <span class='ocrx_word' id='word_1_81' title='bbox 1211 915 1442 953; x_wconf 83' lang='lat' dir='ltr'>numero</span> <span class='ocrx_word' id='word_1_82' title='bbox 1461 902 1513 953; x_wconf 70' lang='grc' dir='ltr'>ἃ</span> <span class='ocrx_word' id='word_1_83' title='bbox 1533 896 1641 952; x_wconf 68' lang='lat' dir='ltr'>ho-</span> 
     </span>
     <span class='ocr_line' id='line_1_12' title="bbox 16 975 1637 1068; baseline -0.009 -19"><span class='ocrx_word' id='word_1_84' title='bbox 16 991 176 1048; x_wconf 89' lang='lat' dir='ltr'>stium</span> <span class='ocrx_word' id='word_1_85' title='bbox 197 987 369 1068; x_wconf 82' lang='lat' dir='ltr'>pavidi</span> <span class='ocrx_word' id='word_1_86' title='bbox 391 1029 405 1050; x_wconf 89' lang='lat'>‚</span> <span class='ocrx_word' id='word_1_87' title='bbox 440 986 597 1040; x_wconf 71' lang='lat' dir='ltr'>etiam</span> <span class='ocrx_word' id='word_1_88' title='bbox 619 982 810 1053; x_wconf 81' lang='lat' dir='ltr'>animis</span> <span class='ocrx_word' id='word_1_89' title='bbox 829 975 1101 1057; x_wconf 85' lang='lat' dir='ltr'>frequenti</span> <span class='ocrx_word' id='word_1_90' title='bbox 1135 979 1278 1035; x_wconf 85' lang='lat' dir='ltr'>clade</span> <span class='ocrx_word' id='word_1_91' title='bbox 1298 979 1637 1057; x_wconf 70' lang='lat' dir='ltr'>perdomitis,</span> 
     </span>
     <span class='ocr_line' id='line_1_13' title="bbox 15 1057 1640 1144; baseline -0.01 -13"><span class='ocrx_word' id='word_1_92' title='bbox 15 1075 148 1131; x_wconf 91' lang='lat' dir='ltr'>Non</span> <span class='ocrx_word' id='word_1_93' title='bbox 167 1071 284 1128; x_wconf 83' lang='lat' dir='ltr'>satis</span> <span class='ocrx_word' id='word_1_94' title='bbox 303 1067 376 1125; x_wconf 89' lang='lat' dir='ltr'>est</span> <span class='ocrx_word' id='word_1_95' title='bbox 395 1065 544 1144; x_wconf 85' lang='lat' dir='ltr'>quod</span> <span class='ocrx_word' id='word_1_96' title='bbox 565 1060 840 1142; x_wconf 80' lang='lat' dir='ltr'>fugerunt.</span> <span class='ocrx_word' id='word_1_97' title='bbox 888 1063 1121 1140; x_wconf 87' lang='lat' dir='ltr'>pretium</span> <span class='ocrx_word' id='word_1_98' title='bbox 1141 1057 1283 1140; x_wconf 73' lang='lat' dir='ltr'>fugae</span> <span class='ocrx_word' id='word_1_99' title='bbox 1306 1062 1640 1139; x_wconf 86' lang='lat' dir='ltr'>reliquerunt</span> 
     </span>
     <span class='ocr_line' id='line_1_14' title="bbox 18 1142 1640 1225; baseline -0.009 -12"><span class='ocrx_word' id='word_1_100' title='bbox 18 1155 262 1212; x_wconf 83' lang='lat' dir='ltr'>hostibus</span> <span class='ocrx_word' id='word_1_101' title='bbox 283 1187 300 1219; x_wconf 84' lang='grc'>,-</span> <span class='ocrx_word' id='word_1_102' title='bbox 329 1150 564 1209; x_wconf 86' lang='lat' dir='ltr'>desertos</span> <span class='ocrx_word' id='word_1_103' title='bbox 600 1166 772 1225; x_wconf 88' lang='lat' dir='ltr'>equos</span> <span class='ocrx_word' id='word_1_104' title='bbox 792 1186 808 1212; x_wconf 87' lang='grc'>,</span> <span class='ocrx_word' id='word_1_105' title='bbox 842 1142 1049 1216; x_wconf 50' lang='lat' dir='ltr'>abjecta</span> <span class='ocrx_word' id='word_1_106' title='bbox 1066 1164 1228 1199; x_wconf 79' lang='lat' dir='ltr'>arma.</span> <span class='ocrx_word' id='word_1_107' title='bbox 1272 1143 1544 1200; x_wconf 83' lang='lat' dir='ltr'>AEruscare</span> <span class='ocrx_word' id='word_1_108' title='bbox 1574 1164 1640 1198; x_wconf 80' lang='lat' dir='ltr'>ex</span> 
     </span>
     <span class='ocr_line' id='line_1_15' title="bbox 18 1222 1642 1305; baseline -0.009 -11"><span class='ocrx_word' id='word_1_109' title='bbox 18 1241 168 1293; x_wconf 83' lang='lat' dir='ltr'>Italia</span> <span class='ocrx_word' id='word_1_110' title='bbox 197 1234 338 1292; x_wconf 84' lang='lat' dir='ltr'>haud</span> <span class='ocrx_word' id='word_1_111' title='bbox 371 1233 506 1289; x_wconf 80' lang='lat' dir='ltr'>ultra</span> <span class='ocrx_word' id='word_1_112' title='bbox 523 1233 644 1286; x_wconf 88' lang='lat' dir='ltr'>licet</span> <span class='ocrx_word' id='word_1_113' title='bbox 663 1266 680 1292; x_wconf 83' lang='lat'>‚</span> <span class='ocrx_word' id='word_1_114' title='bbox 715 1246 773 1282; x_wconf 89' lang='lat' dir='ltr'>ut</span> <span class='ocrx_word' id='word_1_115' title='bbox 794 1245 957 1305; x_wconf 81' lang='lat' dir='ltr'>quam</span> <span class='ocrx_word' id='word_1_116' title='bbox 978 1222 1153 1281; x_wconf 85' lang='lat' dir='ltr'>rursus</span> <span class='ocrx_word' id='word_1_117' title='bbox 1172 1243 1350 1282; x_wconf 86' lang='lat' dir='ltr'>teneat</span> <span class='ocrx_word' id='word_1_118' title='bbox 1370 1224 1642 1282; x_wconf 81' lang='lat' dir='ltr'>GotthuS.</span> 
     </span>
     <span class='ocr_line' id='line_1_16' title="bbox 19 1306 1642 1387; baseline -0.009 -10"><span class='ocrx_word' id='word_1_119' title='bbox 19 1321 169 1377; x_wconf 88' lang='lat' dir='ltr'>Hinc</span> <span class='ocrx_word' id='word_1_120' title='bbox 186 1338 309 1374; x_wconf 90' lang='lat' dir='ltr'>cum</span> <span class='ocrx_word' id='word_1_121' title='bbox 332 1315 502 1371; x_wconf 79' lang='lat' dir='ltr'>multa</span> <span class='ocrx_word' id='word_1_122' title='bbox 522 1308 784 1368; x_wconf 83' lang='lat' dir='ltr'>militibus</span> <span class='ocrx_word' id='word_1_123' title='bbox 801 1327 1049 1387; x_wconf 81' lang='lat' dir='ltr'>tempora</span> <span class='ocrx_word' id='word_1_124' title='bbox 1068 1306 1174 1364; x_wconf 82' lang='lat' dir='ltr'>sine</span> <span class='ocrx_word' id='word_1_125' title='bbox 1193 1306 1459 1386; x_wconf 83' lang='lat' dir='ltr'>stipendio</span> <span class='ocrx_word' id='word_1_126' title='bbox 1481 1306 1642 1363; x_wconf 83' lang='lat' dir='ltr'>efflu-</span> 
     </span>
     <span class='ocr_line' id='line_1_17' title="bbox 20 1388 1643 1476; baseline -0.01 -16"><span class='ocrx_word' id='word_1_127' title='bbox 20 1405 219 1466; x_wconf 81' lang='lat' dir='ltr'>xerint,</span> <span class='ocrx_word' id='word_1_128' title='bbox 239 1398 527 1476; x_wconf 87' lang='lat' dir='ltr'>imperium</span> <span class='ocrx_word' id='word_1_129' title='bbox 547 1397 602 1449; x_wconf 90' lang='lat' dir='ltr'>in</span> <span class='ocrx_word' id='word_1_130' title='bbox 621 1412 714 1450; x_wconf 89' lang='lat' dir='ltr'>eos</span> <span class='ocrx_word' id='word_1_131' title='bbox 732 1411 848 1447; x_wconf 92' lang='lat' dir='ltr'>non</span> <span class='ocrx_word' id='word_1_132' title='bbox 869 1393 1186 1456; x_wconf 85' lang='lat' dir='ltr'>retinemus,</span> <span class='ocrx_word' id='word_1_133' title='bbox 1203 1390 1410 1447; x_wconf 82' lang='lat' dir='ltr'>ademta</span> <span class='ocrx_word' id='word_1_134' title='bbox 1431 1409 1523 1469; x_wconf 86' lang='lat' dir='ltr'>per</span> <span class='ocrx_word' id='word_1_135' title='bbox 1544 1388 1643 1445; x_wconf 90' lang='lat' dir='ltr'>de-</span> 
     </span>
     <span class='ocr_line' id='line_1_18' title="bbox 23 1471 1642 1556; baseline -0.01 -14"><span class='ocrx_word' id='word_1_136' title='bbox 23 1484 137 1542; x_wconf 86' lang='lat' dir='ltr'>bita</span> <span class='ocrx_word' id='word_1_137' title='bbox 171 1481 426 1540; x_wconf 84' lang='lat' dir='ltr'>obnoxiis</span> <span class='ocrx_word' id='word_1_138' title='bbox 459 1473 721 1556; x_wconf 88' lang='lat' dir='ltr'>loquendi</span> <span class='ocrx_word' id='word_1_139' title='bbox 757 1471 1019 1530; x_wconf 85' lang='lat' dir='ltr'>libertate.</span> <span class='ocrx_word' id='word_1_140' title='bbox 1061 1473 1192 1528; x_wconf 86' lang='lat' dir='ltr'>Hoc</span> <span class='ocrx_word' id='word_1_141' title='bbox 1226 1482 1448 1552; x_wconf 84' lang='lat' dir='ltr'>quoque</span> <span class='ocrx_word' id='word_1_142' title='bbox 1469 1473 1642 1539; x_wconf 78' lang='lat' dir='ltr'>noriS‚</span> 
     </span>
     <span class='ocr_line' id='line_1_19' title="bbox 21 1555 1643 1644; baseline -0.009 -21"><span class='ocrx_word' id='word_1_143' title='bbox 21 1572 339 1644; x_wconf 83' lang='lat' dir='ltr'>Imperator,</span> <span class='ocrx_word' id='word_1_144' title='bbox 361 1582 553 1618; x_wconf 85' lang='lat' dir='ltr'>eorum</span> <span class='ocrx_word' id='word_1_145' title='bbox 575 1560 667 1634; x_wconf 81' lang='lat' dir='ltr'>qui</span> <span class='ocrx_word' id='word_1_146' title='bbox 688 1555 790 1613; x_wconf 90' lang='lat' dir='ltr'>tibi</span> <span class='ocrx_word' id='word_1_147' title='bbox 810 1556 1107 1612; x_wconf 79' lang='lat' dir='ltr'>militarunt</span> <span class='ocrx_word' id='word_1_148' title='bbox 1125 1559 1413 1612; x_wconf 78' lang='lat' dir='ltr'>maximam</span> <span class='ocrx_word' id='word_1_149' title='bbox 1434 1572 1643 1632; x_wconf 81' lang='lat' dir='ltr'>partem</span> 
     </span>
     <span class='ocr_line' id='line_1_20' title="bbox 24 1635 1645 1721; baseline -0.01 -14"><span class='ocrx_word' id='word_1_150' title='bbox 24 1649 89 1707; x_wconf 83' lang='lat' dir='ltr'>ad</span> <span class='ocrx_word' id='word_1_151' title='bbox 110 1648 290 1706; x_wconf 85' lang='lat' dir='ltr'>hostes</span> <span class='ocrx_word' id='word_1_152' title='bbox 310 1637 660 1721; x_wconf 73' lang='lat' dir='ltr'>transfugiss&#39;e.</span> <span class='ocrx_word' id='word_1_153' title='bbox 708 1642 760 1694; x_wconf 90' lang='lat' dir='ltr'>Si</span> <span class='ocrx_word' id='word_1_154' title='bbox 781 1640 945 1718; x_wconf 82' lang='lat' dir='ltr'>igitur</span> <span class='ocrx_word' id='word_1_155' title='bbox 965 1635 1070 1694; x_wconf 78' lang='lat' dir='ltr'>hoc</span> <span class='ocrx_word' id='word_1_156' title='bbox 1092 1657 1263 1693; x_wconf 90' lang='lat' dir='ltr'>unum</span> <span class='ocrx_word' id='word_1_157' title='bbox 1286 1639 1517 1714; x_wconf 78' lang='lat' dir='ltr'>placuit&#39;‚</span> <span class='ocrx_word' id='word_1_158' title='bbox 1535 1639 1645 1691; x_wconf 82' lang='lat' dir='ltr'>Be-</span> 
     </span>
     <span class='ocr_line' id='line_1_21' title="bbox 22 1716 1644 1797; baseline -0.01 -8"><span class='ocrx_word' id='word_1_159' title='bbox 22 1730 252 1790; x_wconf 86' lang='lat' dir='ltr'>lisarium</span> <span class='ocrx_word' id='word_1_160' title='bbox 274 1730 484 1784; x_wconf 87' lang='lat' dir='ltr'>mittere</span> <span class='ocrx_word' id='word_1_161' title='bbox 504 1728 558 1779; x_wconf 88' lang='lat' dir='ltr'>in</span> <span class='ocrx_word' id='word_1_162' title='bbox 579 1721 780 1776; x_wconf 80' lang='lat' dir='ltr'>Italiam</span> <span class='ocrx_word' id='word_1_163' title='bbox 801 1761 817 1786; x_wconf 89' lang='lat'>‚</span> <span class='ocrx_word' id='word_1_164' title='bbox 852 1721 1062 1797; x_wconf 88' lang='lat' dir='ltr'>optime</span> <span class='ocrx_word' id='word_1_165' title='bbox 1101 1717 1376 1796; x_wconf 86' lang='lat' dir='ltr'>provisum</span> <span class='ocrx_word' id='word_1_166' title='bbox 1397 1716 1489 1774; x_wconf 90' lang='lat' dir='ltr'>est.</span> <span class='ocrx_word' id='word_1_167' title='bbox 1529 1723 1644 1774; x_wconf 85' lang='lat' dir='ltr'>Iam</span> 
     </span>
     <span class='ocr_line' id='line_1_22' title="bbox 23 1799 1647 1878; baseline -0.009 -7"><span class='ocrx_word' id='word_1_168' title='bbox 23 1817 169 1870; x_wconf 89' lang='lat' dir='ltr'>enim</span> <span class='ocrx_word' id='word_1_169' title='bbox 189 1809 301 1868; x_wconf 88' lang='lat' dir='ltr'>sum</span> <span class='ocrx_word' id='word_1_170' title='bbox 323 1813 375 1865; x_wconf 88' lang='lat' dir='ltr'>in</span> <span class='ocrx_word' id='word_1_171' title='bbox 393 1807 567 1864; x_wconf 83' lang='lat' dir='ltr'>media</span> <span class='ocrx_word' id='word_1_172' title='bbox 584 1806 764 1860; x_wconf 81' lang='lat' dir='ltr'>Italia:</span> <span class='ocrx_word' id='word_1_173' title='bbox 798 1801 872 1859; x_wconf 80' lang='lat' dir='ltr'>sin</span> <span class='ocrx_word' id='word_1_174' title='bbox 892 1799 1102 1858; x_wconf 89' lang='lat' dir='ltr'>hostem</span> <span class='ocrx_word' id='word_1_175' title='bbox 1126 1799 1268 1857; x_wconf 90' lang='lat' dir='ltr'>bello</span> <span class='ocrx_word' id='word_1_176' title='bbox 1287 1805 1497 1858; x_wconf 88' lang='lat' dir='ltr'>vincere</span> <span class='ocrx_word' id='word_1_177' title='bbox 1516 1821 1647 1878; x_wconf 56' lang='lat' dir='ltr'>pro*-</span> 
     </span>
     <span class='ocr_line' id='line_1_23' title="bbox 28 1882 1646 1976; baseline -0.01 -23"><span class='ocrx_word' id='word_1_178' title='bbox 28 1894 267 1976; x_wconf 84' lang='lat' dir='ltr'>pofitum</span> <span class='ocrx_word' id='word_1_179' title='bbox 295 1889 368 1949; x_wconf 84' lang='lat' dir='ltr'>est</span> <span class='ocrx_word' id='word_1_180' title='bbox 388 1932 404 1956; x_wconf 84' lang='lat'>,</span> <span class='ocrx_word' id='word_1_181' title='bbox 437 1887 664 1969; x_wconf 80' lang='lat' dir='ltr'>paranda</span> <span class='ocrx_word' id='word_1_182' title='bbox 686 1893 738 1944; x_wconf 82' lang='lat'>&amp;</span> <span class='ocrx_word' id='word_1_183' title='bbox 760 1888 871 1943; x_wconf 75' lang='lat' dir='ltr'>alia.</span> <span class='ocrx_word' id='word_1_184' title='bbox 917 1905 1041 1942; x_wconf 87' lang='lat' dir='ltr'>nam</span> <span class='ocrx_word' id='word_1_185' title='bbox 1061 1882 1168 1941; x_wconf 88' lang='lat' dir='ltr'>fine</span> <span class='ocrx_word' id='word_1_186' title='bbox 1189 1884 1523 1941; x_wconf 84' lang='lat' dir='ltr'>adminiculis</span> <span class='ocrx_word' id='word_1_187' title='bbox 1543 1904 1646 1960; x_wconf 69' lang='lat' dir='ltr'>ne-</span> 
     </span>
     <span class='ocr_line' id='line_1_24' title="bbox 29 1964 1649 2049; baseline -0.009 -14"><span class='ocrx_word' id='word_1_188' title='bbox 29 1999 123 2034; x_wconf 90' lang='lat' dir='ltr'>mo</span> <span class='ocrx_word' id='word_1_189' title='bbox 154 1978 296 2034; x_wconf 91' lang='lat' dir='ltr'>bello</span> <span class='ocrx_word' id='word_1_190' title='bbox 334 1975 441 2032; x_wconf 75' lang='lat' dir='ltr'>dux</span> <span class='ocrx_word' id='word_1_191' title='bbox 478 1970 575 2030; x_wconf 83' lang='lat' dir='ltr'>effe</span> <span class='ocrx_word' id='word_1_192' title='bbox 612 1966 803 2049; x_wconf 82' lang='lat' dir='ltr'>potest.</span> <span class='ocrx_word' id='word_1_193' title='bbox 850 1970 1118 2043; x_wconf 80' lang='lat' dir='ltr'>Praecipue</span> <span class='ocrx_word' id='word_1_194' title='bbox 1148 1987 1364 2044; x_wconf 83' lang='lat' dir='ltr'>aequurn</span> <span class='ocrx_word' id='word_1_195' title='bbox 1398 1964 1471 2021; x_wconf 88' lang='lat' dir='ltr'>est</span> <span class='ocrx_word' id='word_1_196' title='bbox 1503 1967 1649 2022; x_wconf 85' lang='lat' dir='ltr'>mitti</span> 
     </span>
     <span class='ocr_line' id='line_1_25' title="bbox 29 2048 1650 2129; baseline -0.009 -12"><span class='ocrx_word' id='word_1_197' title='bbox 29 2058 161 2117; x_wconf 80' lang='lat' dir='ltr'>mihi</span> <span class='ocrx_word' id='word_1_198' title='bbox 182 2081 333 2116; x_wconf 87' lang='lat' dir='ltr'>meos</span> <span class='ocrx_word' id='word_1_199' title='bbox 352 2056 594 2114; x_wconf 78' lang='lat' dir='ltr'>satellites</span> <span class='ocrx_word' id='word_1_200' title='bbox 616 2050 870 2129; x_wconf 78' lang='lat' dir='ltr'>meosque</span> <span class='ocrx_word' id='word_1_201' title='bbox 889 2049 1229 2128; x_wconf 63' lang='lat' dir='ltr'>proteftores</span> <span class='ocrx_word' id='word_1_202' title='bbox 1251 2048 1471 2105; x_wconf 87' lang='lat' dir='ltr'>:deinde</span> <span class='ocrx_word' id='word_1_203' title='bbox 1485 2049 1650 2103; x_wconf 87' lang='lat' dir='ltr'>Hun-</span> 
     </span>
     <span class='ocr_line' id='line_1_26' title="bbox 31 2129 1648 2217; baseline -0.011 -16"><span class='ocrx_word' id='word_1_204' title='bbox 31 2164 154 2209; x_wconf 82' lang='lat'>1108,</span> <span class='ocrx_word' id='word_1_205' title='bbox 175 2139 531 2217; x_wconf 80' lang='lat' dir='ltr'>barbarosque</span> <span class='ocrx_word' id='word_1_206' title='bbox 555 2139 687 2192; x_wconf 81' lang='lat' dir='ltr'>alios</span> <span class='ocrx_word' id='word_1_207' title='bbox 707 2154 909 2213; x_wconf 70' lang='lat' dir='ltr'>magno</span> <span class='ocrx_word' id='word_1_208' title='bbox 932 2152 1186 2199; x_wconf 86' lang='lat' dir='ltr'>numero,</span> <span class='ocrx_word' id='word_1_209' title='bbox 1207 2137 1259 2188; x_wconf 86' lang='lat'>&amp;</span> <span class='ocrx_word' id='word_1_210' title='bbox 1279 2129 1361 2187; x_wconf 87' lang='lat' dir='ltr'>his</span> <span class='ocrx_word' id='word_1_211' title='bbox 1379 2150 1478 2188; x_wconf 76' lang='lat' dir='ltr'>aera</span> <span class='ocrx_word' id='word_1_212' title='bbox 1501 2129 1648 2186; x_wconf 86' lang='lat' dir='ltr'>solvi.</span> 
     </span>
     <span class='ocr_line' id='line_1_27' title="bbox 32 2214 1652 2302; baseline -0.01 -19"><span class='ocrx_word' id='word_1_213' title='bbox 32 2223 318 2302; x_wconf 77' lang='lat' dir='ltr'>Scripserat</span> <span class='ocrx_word' id='word_1_214' title='bbox 353 2222 460 2279; x_wconf 79' lang='lat' dir='ltr'>baec</span> <span class='ocrx_word' id='word_1_215' title='bbox 492 2216 783 2276; x_wconf 74' lang='lat' dir='ltr'>Belisarius.</span> <span class='ocrx_word' id='word_1_216' title='bbox 833 2214 1098 2271; x_wconf 83' lang='lat' dir='ltr'>Iohannes</span> <span class='ocrx_word' id='word_1_217' title='bbox 1132 2235 1261 2271; x_wconf 89' lang='lat' dir='ltr'>vero</span> <span class='ocrx_word' id='word_1_218' title='bbox 1297 2233 1508 2269; x_wconf 80' lang='lat' dir='ltr'>moram</span> <span class='ocrx_word' id='word_1_219' title='bbox 1540 2214 1652 2289; x_wconf 79' lang='lat' dir='ltr'>By·-</span> 
     </span>
     <span class='ocr_line' id='line_1_28' title="bbox 31 2292 1651 2376; baseline -0.01 -11"><span class='ocrx_word' id='word_1_220' title='bbox 31 2312 191 2364; x_wconf 87' lang='lat' dir='ltr'>zantii</span> <span class='ocrx_word' id='word_1_221' title='bbox 211 2305 423 2363; x_wconf 80' lang='lat' dir='ltr'>trahens</span> <span class='ocrx_word' id='word_1_222' title='bbox 443 2301 573 2358; x_wconf 80' lang='lat' dir='ltr'>nihil</span> <span class='ocrx_word' id='word_1_223' title='bbox 589 2320 777 2357; x_wconf 88' lang='lat' dir='ltr'>eorum</span> <span class='ocrx_word' id='word_1_224' title='bbox 797 2297 870 2353; x_wconf 88' lang='lat' dir='ltr'>ibi</span> <span class='ocrx_word' id='word_1_225' title='bbox 890 2301 1094 2376; x_wconf 82' lang='lat' dir='ltr'>peregit</span> <span class='ocrx_word' id='word_1_226' title='bbox 1112 2317 1350 2375; x_wconf 88' lang='lat' dir='ltr'>quorum</span> <span class='ocrx_word' id='word_1_227' title='bbox 1371 2316 1502 2374; x_wconf 84' lang='lat' dir='ltr'>ergo</span> <span class='ocrx_word' id='word_1_228' title='bbox 1524 2292 1651 2350; x_wconf 90' lang='lat' dir='ltr'>mis-</span> 
     </span>
     <span class='ocr_line' id='line_1_29' title="bbox 31 2375 1653 2462; baseline -0.01 -14"><span class='ocrx_word' id='word_1_229' title='bbox 31 2388 117 2447; x_wconf 90' lang='lat' dir='ltr'>sus</span> <span class='ocrx_word' id='word_1_230' title='bbox 135 2408 273 2455; x_wconf 84' lang='lat' dir='ltr'>erat,</span> <span class='ocrx_word' id='word_1_231' title='bbox 292 2387 378 2444; x_wconf 88' lang='lat' dir='ltr'>sed</span> <span class='ocrx_word' id='word_1_232' title='bbox 399 2387 609 2462; x_wconf 76' lang='lat' dir='ltr'>nuptias</span> <span class='ocrx_word' id='word_1_233' title='bbox 628 2379 755 2438; x_wconf 85' lang='lat' dir='ltr'>fecit</span> <span class='ocrx_word' id='word_1_234' title='bbox 775 2401 897 2437; x_wconf 88' lang='lat' dir='ltr'>cum</span> <span class='ocrx_word' id='word_1_235' title='bbox 916 2380 1180 2436; x_wconf 87' lang='lat' dir='ltr'>Germani</span> <span class='ocrx_word' id='word_1_236' title='bbox 1201 2375 1307 2434; x_wconf 75' lang='lat' dir='ltr'>filia</span> <span class='ocrx_word' id='word_1_237' title='bbox 1331 2419 1347 2444; x_wconf 87' lang='lat'>‚</span> <span class='ocrx_word' id='word_1_238' title='bbox 1386 2383 1471 2434; x_wconf 88' lang='lat' dir='ltr'>cui</span> <span class='ocrx_word' id='word_1_239' title='bbox 1504 2377 1653 2433; x_wconf 82' lang='lat' dir='ltr'>Ger-</span> 
     </span>
     <span class='ocr_line' id='line_1_30' title="bbox 34 2458 1654 2549; baseline -0.01 -20"><span class='ocrx_word' id='word_1_240' title='bbox 34 2493 197 2529; x_wconf 85' lang='lat' dir='ltr'>mano</span> <span class='ocrx_word' id='word_1_241' title='bbox 235 2490 382 2549; x_wconf 78' lang='lat' dir='ltr'>pater</span> <span class='ocrx_word' id='word_1_242' title='bbox 413 2464 584 2523; x_wconf 81' lang='lat' dir='ltr'>fuerat</span> <span class='ocrx_word' id='word_1_243' title='bbox 612 2465 953 2543; x_wconf 83' lang='lat' dir='ltr'>Imperatoris</span> <span class='ocrx_word' id='word_1_244' title='bbox 981 2458 1158 2518; x_wconf 83' lang='lat' dir='ltr'>frater.</span> <span class='ocrx_word' id='word_1_245' title='bbox 1211 2467 1419 2518; x_wconf 83' lang='lat' dir='ltr'>Interea</span> <span class='ocrx_word' id='word_1_246' title='bbox 1437 2458 1654 2514; x_wconf 83' lang='lat' dir='ltr'>Totilas</span> 
     </span>
     <span class='ocr_line' id='line_1_31' title="bbox 32 2538 1654 2625; baseline -0.009 -15"><span class='ocrx_word' id='word_1_247' title='bbox 32 2555 277 2611; x_wconf 85' lang='lat' dir='ltr'>Firmum</span> <span class='ocrx_word' id='word_1_248' title='bbox 296 2550 664 2625; x_wconf 83' lang='lat' dir='ltr'>Asculumque</span> <span class='ocrx_word' id='word_1_249' title='bbox 683 2546 847 2625; x_wconf 56' lang='lat' dir='ltr'>pafiiis</span> <span class='ocrx_word' id='word_1_250' title='bbox 865 2547 1022 2620; x_wconf 84' lang='lat' dir='ltr'>cepit,</span> <span class='ocrx_word' id='word_1_251' title='bbox 1039 2544 1273 2621; x_wconf 87' lang='lat' dir='ltr'>indeque</span> <span class='ocrx_word' id='word_1_252' title='bbox 1290 2545 1346 2599; x_wconf 92' lang='lat' dir='ltr'>in</span> <span class='ocrx_word' id='word_1_253' title='bbox 1361 2538 1654 2597; x_wconf 75' lang='lat' dir='ltr'>Thusciam</span> 
     </span>
     <span class='ocr_line' id='line_1_32' title="bbox 37 2623 1657 2715; baseline -0.009 -23"><span class='ocrx_word' id='word_1_254' title='bbox 37 2645 266 2715; x_wconf 82' lang='lat' dir='ltr'>pergens</span> <span class='ocrx_word' id='word_1_255' title='bbox 300 2634 604 2711; x_wconf 86' lang='lat' dir='ltr'>Spoletium</span> <span class='ocrx_word' id='word_1_256' title='bbox 640 2627 850 2686; x_wconf 81' lang='lat' dir='ltr'>obsidet</span> <span class='ocrx_word' id='word_1_257' title='bbox 887 2630 940 2681; x_wconf 91' lang='lat'>&amp;</span> <span class='ocrx_word' id='word_1_258' title='bbox 961 2625 1212 2682; x_wconf 73' lang='lat' dir='ltr'>Asisium.</span> <span class='ocrx_word' id='word_1_259' title='bbox 1255 2623 1499 2681; x_wconf 86' lang='lat' dir='ltr'>Praefidio</span> <span class='ocrx_word' id='word_1_260' title='bbox 1522 2643 1657 2700; x_wconf 85' lang='lat' dir='ltr'>prae-</span> 
     </span>
     <span class='ocr_line' id='line_1_33' title="bbox 40 2704 1656 2796; baseline -0.009 -21"><span class='ocrx_word' id='word_1_261' title='bbox 40 2735 152 2776; x_wconf 80' lang='lat' dir='ltr'>erat</span> <span class='ocrx_word' id='word_1_262' title='bbox 171 2717 394 2796; x_wconf 85' lang='lat' dir='ltr'>Spoletii</span> <span class='ocrx_word' id='word_1_263' title='bbox 413 2712 762 2769; x_wconf 82' lang='lat' dir='ltr'>Herodianus</span> <span class='ocrx_word' id='word_1_264' title='bbox 781 2751 797 2778; x_wconf 84' lang='lat'><em>‚</em></span> <span class='ocrx_word' id='word_1_265' title='bbox 835 2705 986 2766; x_wconf 85' lang='lat' dir='ltr'>Afifii</span> <span class='ocrx_word' id='word_1_266' title='bbox 1015 2729 1144 2767; x_wconf 86' lang='lat' dir='ltr'>vero</span> <span class='ocrx_word' id='word_1_267' title='bbox 1165 2704 1431 2764; x_wconf 85' lang='lat' dir='ltr'>Sififridus</span> <span class='ocrx_word' id='word_1_268' title='bbox 1450 2746 1465 2771; x_wconf 89' lang='lat'>,</span> <span class='ocrx_word' id='word_1_269' title='bbox 1502 2707 1656 2762; x_wconf 84' lang='lat' dir='ltr'>Got-</span> 
     </span>
     <span class='ocr_line' id='line_1_34' title="bbox 39 2796 1657 2870; baseline -0.009 -13"><span class='ocrx_word' id='word_1_270' title='bbox 39 2799 165 2857; x_wconf 88' lang='lat' dir='ltr'>thus</span> <span class='ocrx_word' id='word_1_271' title='bbox 183 2817 325 2861; x_wconf 90' lang='lat' dir='ltr'>ortu,</span> <span class='ocrx_word' id='word_1_272' title='bbox 346 2796 504 2854; x_wconf 91' lang='lat' dir='ltr'>sedin</span> <span class='ocrx_word' id='word_1_273' title='bbox 524 2815 605 2851; x_wconf 87' lang='lat' dir='ltr'>res</span> <span class='ocrx_word' id='word_1_274' title='bbox 621 2796 904 2850; x_wconf 80' lang='lat' dir='ltr'>Romanas</span> <span class='ocrx_word' id='word_1_275' title='bbox 922 2809 1083 2870; x_wconf 84' lang='lat' dir='ltr'>atque</span> <span class='ocrx_word' id='word_1_276' title='bbox 1097 2796 1657 2867; x_wconf 81' lang='lat' dir='ltr'>Imperatoremegre-</span> 
     </span>
     <span class='ocr_line' id='line_1_35' title="bbox 41 2872 1657 2962; baseline -0.01 -24"><span class='ocrx_word' id='word_1_277' title='bbox 41 2885 133 2962; x_wconf 78' lang='lat' dir='ltr'>gia</span> <span class='ocrx_word' id='word_1_278' title='bbox 148 2878 268 2937; x_wconf 83' lang='lat' dir='ltr'>fide.</span> <span class='ocrx_word' id='word_1_279' title='bbox 309 2880 530 2934; x_wconf 88' lang='lat' dir='ltr'>Horum</span> <span class='ocrx_word' id='word_1_280' title='bbox 564 2876 910 2934; x_wconf 86' lang='lat' dir='ltr'>Herodianus</span> <span class='ocrx_word' id='word_1_281' title='bbox 942 2894 1066 2930; x_wconf 86' lang='lat' dir='ltr'>cum</span> <span class='ocrx_word' id='word_1_282' title='bbox 1094 2872 1246 2928; x_wconf 84' lang='lat' dir='ltr'>hoste</span> <span class='ocrx_word' id='word_1_283' title='bbox 1265 2874 1558 2933; x_wconf 87' lang='lat' dir='ltr'>convenit,</span> <span class='ocrx_word' id='word_1_284' title='bbox 1595 2885 1657 2923; x_wconf 85' lang='lat' dir='ltr'>ut</span> 
     </span>
    </p>
   </div>
   <div class='ocr_carea' id='block_1_2' title="bbox 43 2951 1657 3088">
    <p class='ocr_par' dir='ltr' id='par_1_2' title="bbox 43 2951 1657 3088">
     <span class='ocr_line' id='line_1_36' title="bbox 43 2951 1657 3045; baseline -0.012 -24"><span class='ocrx_word' id='word_1_285' title='bbox 43 2966 266 3045; x_wconf 77' lang='lat' dir='ltr'>triginta</span> <span class='ocrx_word' id='word_1_286' title='bbox 283 2983 375 3041; x_wconf 85' lang='lat' dir='ltr'>per</span> <span class='ocrx_word' id='word_1_287' title='bbox 392 2961 503 3025; x_wconf 76' lang='lat' dir='ltr'>dies</span> <span class='ocrx_word' id='word_1_288' title='bbox 518 2959 585 3017; x_wconf 83' lang='lat' dir='ltr'>ab</span> <span class='ocrx_word' id='word_1_289' title='bbox 608 2961 766 3017; x_wconf 80' lang='lat' dir='ltr'>armis</span> <span class='ocrx_word' id='word_1_290' title='bbox 784 2956 1079 3015; x_wconf 75' lang='lat' dir='ltr'>cess&#39;aretur.</span> <span class='ocrx_word' id='word_1_291' title='bbox 1122 2958 1259 3013; x_wconf 79' lang='lat' dir='ltr'>intra</span> <span class='ocrx_word' id='word_1_292' title='bbox 1277 2955 1330 3010; x_wconf 87' lang='lat' dir='ltr'>id</span> <span class='ocrx_word' id='word_1_293' title='bbox 1352 2969 1585 3029; x_wconf 75' lang='lat' dir='ltr'>tempuS,</span> <span class='ocrx_word' id='word_1_294' title='bbox 1602 2951 1657 3003; x_wconf 90' lang='lat' dir='ltr'>ni</span> 
     </span>
     <span class='ocr_line' id='line_1_37' title="bbox 1506 3049 1656 3088; baseline -0.007 -3"><span class='ocrx_word' id='word_1_295' title='bbox 1506 3049 1656 3088; x_wconf 57' lang='lat' dir='ltr'>anxi-</span> 
     </span>
    </p>
   </div>
  </div>
 </body>
</html>
