1888 3428
261 161 700 224 GoT'rmcAE
741 161 1091 220 HIS-font
1114 180 1164 217 ΑΞ
1204 163 1443 222 L113.11.
1529 187 1638 245 271

33 269 197 330 quam
217 264 464 327 precante
484 243 732 304 Belisario
754 259 995 302 maneret
1011 283 1030 311 ‚
1059 242 1445 325 Vrbinumque
1465 244 1646 306 secum

29 352 216 412 capere
246 336 314 387 ne
350 327 648 408 defugeret.
690 331 769 385 At
788 327 873 383 ille
890 346 1017 383 cum
1050 321 1147 382 suo
1182 329 1416 384 exercitu
1436 333 1647 389 Arimi—-

30 423 166 471 num
202 414 461 491 prope-rus
495 410 624 468 abit.
667 411 884 467 Morras
903 409 1095 485 aliique
1121 407 1328 465 barbari
1347 411 1478 466 lucis
1497 431 1646 482 ortu,

30 515 92 553 ut
111 513 315 573 partem
337 492 573 550 hostium
596 496 811 551 alteram
830 490 1119 570 degreffam
1138 510 1454 570 cognorunt
1470 533 1486 559 ,
1506 492 1647 552 haud

28 575 255 634 omisere
291 574 320 633 ἐ
355 575 632 633 moenibus
666 595 758 652 per
792 594 990 632 vocum
1021 571 1250 630 ludibria
1268 573 1648 631 relifiisinsul-

23 677 156 732 tare.
199 656 479 715 Belisarius
507 679 635 714 ‘cum
666 655 747 713 his
777 660 872 735 qui
899 656 1198 712 manserant
1232 658 1280 712 vi
1303 656 1522 735 aggredi
1541 678 1650 736 op·-

25 740 214 820 pidum
238 739 495 820 agitabat.
537 746 597 796 In
639 760 707 795 eo
743 736 966 796 versanti
987 740 1119 794 mire
1137 734 1185 794 se
1217 739 1443 815 praebuit
1464 736 1647 796 fortu-

27 845 113 880 na.
155 827 312 882 Vnus
347 821 542 882 Vrbini
578 819 702 878 fons
722 840 832 878 erat
852 861 868 888 ‚
899 820 1041 878 unde
1062 838 1176 876 tota
1194 823 1381 877 civitas
1403 819 1647 900 potabat.

27 902 136 963 Hic
154 928 260 986 qua
278 906 345 963 de
366 903 515 962 causa
533 906 822 970 incertum,
840 901 1016 961 subita
1034 901 1259 959 siccitate
1279 905 1353 959 ita
1370 901 1564 961 defecit
1589 922 1648 962 ut

25 990 163 1045 intra
181 989 422 1045 triduum
447 985 581 1044 nihil
601 985 787 1044 iinceri
806 984 1053 1043 humoris
1086 982 1340 1052 restaret,
1371 984 1456 1043 sed
1478 983 1645 1043 mixta

24 1072 142 1128 luto
178 1092 314 1149 aqua
346 1069 414 1126 fic
444 1074 607 1126 etiam
633 1068 869 1125 barbaris
889 1067 1167 1126 biberetur
1187 1109 1203 1134 ,
1234 1089 1352 1145 quae
1373 1067 1646 1125 necesfitas

25 1173 122 1209 eos
142 1171 201 1209 ut
228 1151 276 1209 se
307 1154 575 1208 Romanis
606 1150 861 1209 dederent
883 1152 1117 1230 impulit.
1160 1149 1219 1206 Id
1239 1149 1479 1207 nesciens
1499 1153 1645 1210 Beli-

25 1234 209 1302 sariuS,
226 1235 312 1291 sed
331 1235 518 1296 ardens
541 1230 780 1290 assultare
805 1238 1023 1298 moenia,
1042 1230 1334 1289 instru&os
1361 1238 1519 1289 armis
1533 1237 1648 1290 ·mi-=

25 1317 178 1382 liteS‚
213 1334 419 1395 partem
453 1319 742 1373 maxima-m
780 1336 984 1371 corona
1011 1311 1214 1371 ambire
1243 1317 1432 1372 collem
1450 1314 1642 1387 jubet:
1723 1386 1727 1387 ἶ

26 1398 255 1455 ἀὶΙεᾶοε
272 1400 428 1466 alios,
448 1419 553 1476 qua
570 1397 843 1476 aequabilis
860 1395 909 1454 se
928 1395 1111 1454 sternit
1136 1397 1239 1462 via,
1254 1397 1531 1476 progredi,
1549 1397 1646 1456 ad-

26 1482 316 1539 molientes
344 1482 399 1538 id
433 1501 574 1560 opus
615 1480 766 1558 quod
805 1480 1014 1536 vineam
1051 1481 1231 1536 vocari
1264 1477 1513 1537 diximus
1563 1481 1645 1537 Illi

23 1566 164 1619 intra
179 1584 296 1620 eam
314 1563 582 1620 latitantes
602 1559 972 1641 propellebant
989 1559 1484 1619 machinamentum
1502 1603 1519 1627 ‚
1540 1562 1647 1619 ho-

25 1643 195 1701 stibus
228 1643 569 1702 inobservati.
615 1649 761 1699 Inter
792 1641 901 1701 haec
928 1640 1138 1700 barbari
1154 1640 1374 1700 summis
1391 1642 1457 1700 de
1477 1648 1646 1702 muris

23 1726 233 1785 dextras
252 1727 469 1784 tendere
490 1728 628 1805 pacis
655 1729 830 1802 petitae
849 1723 1111 1782 indicium
1148 1745 1162 1779 ε
1197 1725 1348 1803 quod
1370 1744 1521 1783 metu
1540 1748 1645 1806 op-

22 1811 373 1889 pugnationis
409 1829 466 1864 ac
502 1805 760 1865 machinae
793 1804 908 1864 fieri
928 1805 1193 1886 putabant
1221 1806 1462 1865 Romani
1482 1849 1500 1875 ,
1528 1813 1645 1882 ejus

23 1891 175 1968 quod
209 1888 351 1947 fonti
386 1890 643 1948 acciderat
670 1893 885 1967 penitus
911 1891 1103 1968 ignari.
1147 1892 1282 1945 Laeti
1304 1894 1520 1968 utrique
1536 1913 1644 1970 pu-

22 1993 131 2052 gna
165 1971 465 2041 abstinent,
503 1970 816 2051 Gotthique
851 1971 901 2028 se
932 1978 985 2028 &
1024 1970 1214 2028 urbem
1251 1969 1501 2029 Belisario
1520 1984 1644 2051 per-

24 2057 248 2112 mittunt
267 2096 282 2123 ,
305 2078 364 2113 ea
381 2059 498 2134 lege
528 2074 585 2113 ut
606 2053 711 2112 fine
732 2075 875 2111 noxa
894 2056 1003 2134 pari
1022 2075 1147 2111 cum
1167 2056 1435 2111 Romanis
1455 2057 1643 2112 militi·-

23 2134 126 2193 bus
153 2141 272 2212 jure
305 2135 401 2195 sub
437 2137 597 2217 (ignis
633 2139 977 2215 Imperatoris
1027 2135 1355 2194 haberentur
1371 2178 1386 2193 .
1451 2136 1643 2196 Narses

19 2216 155 2276 hanc
172 2240 286 2277 rem
306 2219 542 2278 auditam
564 2225 618 2277 δε
642 2221 862 2276 miratus
891 2217 966 2275 est
984 2224 1037 2275 &
1054 2219 1250 2276 doluit.
1297 2217 1487 2275 mansit
1508 2240 1637 2277 vero

19 2303 283 2370 Arimini,
303 2299 512 2359 dimisso
535 2300 626 2359 ase
646 2300 885 2358 Iohanne
906 2322 1029 2358 curn
1053 2303 1218 2358 rnilite
1239 2323 1296 2358 ac
1313 2300 1487 2366 scaliS‚
1513 2303 1640 2360 Cae-

21 2382 188 2442 finam
208 2383 244 2441 fi
265 2405 450 2462 capere
471 2382 659 2464 pofl'et.
703 2402 762 2440 ut
790 2381 1076 2441 succeffum
1099 2383 1305 2463 oppido
1327 2382 1403 2441 est
1419 2424 1436 2451 ‚
1470 2387 1642 2461 appli-

21 2468 140 2523 citis
157 2465 299 2525 scalis
316 2466 639 2525 scanduntur
658 2467 858 2523 moenia
888 2492 901 2525 ε
941 2463 1266 2544 fortiterque
1283 2488 1345 2523 ea
1363 2463 1642 2525 defensan-

20 2547 165 2606 tibus
181 2548 437 2617 barbaris,
456 2552 613 2607 multi
637 2548 1066 2628 aggredientium
1085 2553 1379 2615 intereunt,
1398 2569 1640 2627 quorum

18 2627 122 2688 fuit
139 2629 489 2689 Phanotheus
507 2677 521 2696 ,
554 2632 662 2690 dux
679 2630 921 2688 Herulis.
963 2632 1048 2688 Eo
1069 2649 1269 2688 conatu
1288 2631 1526 2705 dejectus
1550 2636 1642 2688 Io-

19 2707 224 2771 hannes
252 2713 384 2773 nihil
423 2717 559 2772 ultra
589 2716 812 2793 experiri
831 2714 1005 2772 voluit
1024 2716 1080 2770 in
1099 2714 1364 2792 oppidum
1383 2710 1478 2772 suo
1491 2715 1641 2790 judi-

21 2797 108 2851 cio
131 2796 570 2876 inexpugnabile.
615 2796 716 2854 Sed
732 2794 937 2853 Iustino
957 2800 1157 2854 comite
1189 2797 1411 2876 longius
1436 2800 1641 2854 exercis

19 2874 140 2933 tum
160 2898 492 2956 promovens
506 2879 772 2959 oppidum
789 2882 994 2957 antiqui
1010 2881 1253 2936 nominis
1269 2881 1470 2935 Forum
1493 2880 1642 2934 Cor-

21 2960 229 3020 nelium
248 2959 635 3043 inexspectatus
656 2964 816 3042 capit.
859 2961 954 3020 Ab
976 2960 1081 3020 hoc
1103 2963 1261 3018 initio
1281 2962 1394 3020 aliis
1414 2979 1638 3097 qgocgue

1481 3060 1534 3096 ΞΓ
1578 3060 1638 3097 ΖΡ
