1888 3428
203 161 644 218 Gor-rmcffi
680 155 1087 215 HISTORIAE
1130 158 1268 214 LIB.
1312 164 1352 216 Ι.
1497 177 1616 240 153>

17 259 193 313 teret,
227 243 670 320 consulatumque
686 239 928 317 Byzantii
941 241 997 294 in
1014 237 1120 317 ipsa
1137 243 1280 296 curia
1297 242 1497 320 deponi
1518 242 1615 310 so-

15 328 174 384 litum
207 324 282 382 ibi
301 323 586 382 clauderet.
627 321 698 379 Et
712 320 817 377 hoc
838 318 1060 398 quidem
1092 319 1341 377 Belisario
1376 321 1617 397 feliciter,
1671 363 1675 367 -

17 426 80 464 ut
98 408 227 473 dixi,
247 405 455 463 cecidit.
503 407 635 464 Haec
654 401 937 481 postquam
955 403 1279 459 intellexerat
1293 409 1481 462 Petrus
1498 447 1514 473 ‚
1530 409 1619 465 in-

16 487 148 546 stare
168 492 334 567 magis
353 509 410 544 ac
428 488 625 565 magis,
649 506 706 542 ac
723 502 1015 562 perterrere
1030 482 1396 541 Theudatum.
1420 490 1464 543 is
1485 508 1614 551 vero

17 566 370 628 metu‘vecors
388 610 406 635 ‚
427 590 540 625 non
560 571 738 625 minus
755 586 918 644 quam
938 563 975 622 fi
997 587 1120 623 cum
1138 567 1413 624 Gelimere
1432 587 1620 648 captus

15 658 72 708 δε
90 649 196 730 ipse
215 650 536 715 traheretur,
566 652 698 705 clam
714 665 935 704 caeteros
951 669 1075 705 cum
1094 652 1256 706 Petro
1278 653 1486 728 agitatis
1504 654 1620 710 col-

15 735 212 811 loquiis
230 774 246 799 ‚
290 754 402 789 rem
421 731 484 788 ad
503 731 653 809 pa6l;a
670 729 891 787 deduxit
913 770 930 796 ,
975 748 1037 786 ut
1056 732 1283 787 Siciliam
1302 735 1620 811 Imperatori

16 812 334 871 concederet
351 812 669 870 Theudatus
687 851 703 878 ,
723 832 1045 889 aureamque
1062 811 1154 890 ipsi
1170 819 1467 892 quotannis
1487 818 1620 878 mit-

15 914 152 953 teret
180 916 434 953 coronam
459 936 473 960 ‚
509 894 837 973 pendentem
857 912 1117 951 trecentas
1134 893 1292 953 libras
1315 917 1328 951 ε
1372 896 1622 967 Gotthos

13 996 263 1056 praeterea
283 996 362 1034 ter
383 978 525 1034 mille
548 998 740 1055 pugnae
761 976 990 1035 idoneos
1008 981 1214 1055 petenti
1230 978 1378 1035 daret
1409 1000 1424 1034 t
1448 1000 1536 1039 >ne
1553 981 1622 1036 li·-

15 1075 156 1116 ceret
173 1059 468 1117 Theudato
504 1077 596 1117 aut
626 1057 964 1116 sacerdotum
987 1076 1076 1116 aut
1102 1063 1423 1117 Senatorum
1440 1082 1620 1139 quen-

14 1162 178 1221 quam
199 1144 362 1199 morti
384 1183 402 1210 ,
432 1160 521 1197 aut
542 1141 688 1197 bona
711 1162 904 1198 eorum
921 1138 1048 1198 fisco
1068 1141 1308 1199 addicere
1329 1184 1345 1209 ‚
1381 1148 1622 1221 Impera-

12 1227 149 1280 toris
183 1224 507 1302 impermifl'u
530 1246 543 1279 ε
590 1222 624 1280 fi
647 1244 810 1302 quem
828 1222 1049 1280 suorum
1085 1225 1246 1280 vellet
1275 1223 1619 1304 TheudatUS,

15 1323 107 1362 aut
131 1305 194 1362 ad
227 1310 527 1384 patriciatus
558 1306 771 1361 culmen
792 1346 808 1371 ‚
852 1323 943 1361 aut
963 1305 1026 1361 ad
1043 1305 1416 1385 dignationem
1453 1310 1622 1365 Sena-

15 1390 149 1445 toris
179 1386 435 1454 evehere,
472 1387 524 1443 id
546 1408 610 1443 ne
641 1385 744 1464 ipse
775 1384 1002 1454 faceret,
1045 1384 1131 1444 sed
1149 1392 1535 1465 Imperatorem
1556 1405 1619 1448 ut

15 1466 236 1537 faceret,
257 1488 504 1549 rogaret:
548 1472 711 1547 inque
732 1465 874 1526 festis
894 1469 1366 1526 acclamationibus
1383 1471 1621 1548 populus

14 1553 302 1610 Romanus
319 1569 437 1608 tum
458 1552 514 1607 in
532 1549 773 1607 Theatro
795 1591 812 1618 ,
860 1568 979 1607 tum
1009 1553 1065 1607 in
1102 1552 1267 1608 Circo
1286 1569 1407 1608 ante
1426 1550 1623 1610 Theu-

12 1633 123 1691 dati
147 1654 352 1690 nomen
373 1635 716 1709 Imperatoris
744 1652 948 1687 nornen
976 1630 1265 1687 celebraret
1288 1655 1302 1688 ε
1346 1653 1483 1691 neve
1516 1634 1622 1693 ulla

13 1712 216 1795 effigies
242 1735 306 1771 ex
325 1735 423 1771 aere
444 1717 606 1771 aliave
626 1717 847 1769 materia
864 1712 1156 1769 Theudato
1176 1712 1299 1781 soli,
1334 1710 1422 1772 sed
1441 1713 1545 1774 una
1562 1722 1621 1774 &

12 1800 326 1876 Imperatori
344 1813 636 1874 poneretur
651 1836 668 1862 ‚
690 1801 743 1852 &
759 1797 852 1862 ita,
871 1814 927 1851 ut
949 1794 1133 1852 dexter
1152 1794 1446 1853 Theudato
1462 1795 1621 1860 staret

13 1883 324 1958 Imperator.
339 1880 446 1935 His
468 1874 775 1956 conscriptis
796 1877 1404 1957 paffionibus,1egatum
1425 1878 1621 1936 Theu-

15 1960 166 2018 datus
193 1960 405 2019 dimisit.
444 1963 519 2016 At
540 1981 652 2016 non
676 1960 852 2016 multo
875 1956 994 2038 post
1014 1962 1177 2016 animi
1197 1957 1481 2024 infirmitas
1510 1960 1622 2018 ho-

14 2046 216 2100 minem
235 2047 288 2099 in
309 2061 487 2100 metus
502 2044 729 2116 conjecit
744 2040 1455 2121 incredibile8,mentemque
1469 2064 1622 2100 emo-

14 2127 91 2182 vit
107 2124 358 2203 adipsum
377 2125 500 2183 belli
534 2145 739 2180 nomen
761 2124 1116 2202 trepidantem
1137 2165 1153 2189 ‚
1190 2123 1619 2204 quotielcunque

15 2207 284 2287 cogitabat
304 2249 321 2274 ‚
364 2207 400 2265 fi
435 2208 752 2284 Imperatori
770 2209 907 2264 inter
925 2205 973 2263 se
992 2212 1326 2285 petrumque
1346 2226 1617 2266 conventa

14 2309 130 2345 non
149 2287 523 2368 probarentur,
550 2289 732 2345 Marte
750 2288 1011 2347 utendum
1031 2287 1252 2346 arbitro.
1270 2289 1617 2349 Revocatum

13 2371 177 2449 igitur
193 2377 411 2429 Petrum
418 2371 531 2450 ‚qui
542 2377 654 2446 jam
669 2368 867 2426 Albam
890 2389 1410 2450 pervenerat‚arcana
1429 2371 1493 2429 ad
1508 2374 1620 2431 col-

15 2452 195 2530 loquia
213 2493 231 2521 ‚
259 2457 579 2532 interrogat,
604 2453 928 2532 placiturane
948 2454 1100 2532 pacta
1118 2455 1352 2511 crederet
1374 2459 1618 2532 Impera-

15 2537 161 2591 tori?
206 2556 329 2593 cum
347 2539 390 2593 is
423 2537 496 2592 ita
531 2533 580 2593 se
600 2533 891 2593 existimare
910 2535 1105 2594 diceret
1124 2580 1140 2601 ,
1183 2536 1335 2616 quod
1367 2534 1403 2595 fi
1435 2555 1617 2596 tamen

16 2635 131 2671 non
151 2616 389 2694 placeant
408 2658 425 2685 ,
444 2620 641 2698 inquit,
663 2617 793 2694 quid
812 2620 948 2677 erit?
990 2618 1176 2675 Restat
1198 2659 1213 2686 ,
1234 2622 1305 2675 ait
1325 2623 1534 2687 Petrus,
1556 2636 1617 2676 ut

16 2716 224 2775 pugnes
241 2702 319 2756 vir
334 2699 503 2758 bone.
539 2705 622 2758 At
634 2696 843 2777 justane
861 2698 971 2758 haec
989 2742 1006 2768 ‚
1027 2698 1285 2758 cariffime
1301 2701 1474 2780 legate
1492 2741 1510 2769 ‚
1529 2704 1618 2757 in-

17 2781 137 2856 quit
151 2777 507 2840 Theudatus?
548 2785 628 2838 At
647 2785 831 2838 Petrus
850 2779 944 2861 qui
961 2804 1074 2840 non
1088 2781 1289 2858 justum
1310 2780 1370 2838 fit
1389 2822 1406 2850 ,
1425 2784 1517 2851 ait,
1538 2784 1618 2840 vir

19 2862 225 2936 optime
241 2901 259 2927 ‚
292 2866 349 2920 in
366 2861 469 2921 suis
493 2860 748 2942 cujusque
767 2865 1011 2921 animum
1029 2866 1326 2922 immanere
1343 2862 1617 2922 institutis-

0 2941 151 3024 quid
168 2940 272 3027 hoc¹
301 2943 399 3006 fibi
425 2947 583 3009 vellet
612 2948 875 3027 quaerenti
891 2945 1183 3009 Theudato
1204 2987 1223 3017 ‚
1269 2943 1336 3004 fic
1355 2947 1577 3023 explicat
1601 2965 1619 2999 ε

835 3028 892 3088 Κ
938 3045 963 3106 5
1508 3022 1611 3085 tibi
