1888 3428
241 183 351 246 228
557 181 954 238 PRocoPII
1007 175 1552 255 CAEsAREEthism
1737 244 1740 248 ⁴

222 261 460 320 volucris
479 299 497 328 ,
523 260 710 318 delirio
750 283 977 341 quoque
1009 276 1288 338 correptus
1309 297 1327 326 ‚
1357 262 1518 338 paulo,
1536 253 1655 337 post
1669 253 1844 318 finem

221 343 443 403 vivendi
476 341 693 400 faceret.
735 349 814 401 At
844 343 1038 402 Buchae
1067 345 1271 400 multus
1302 342 1366 399 de
1396 338 1603 398 femore
1622 361 1844 404 manans

221 425 436 506 sanguis
457 444 692 490 mortem
723 428 1089 505 propinquam
1109 423 1427 481 minabatur.
1450 490 1453 492 ¹
1476 420 1706 489 Causam
1726 444 1854 479 me«

225 509 331 567 dici
350 505 679 573 adferebant,
702 508 853 587 quod
873 529 986 564 non
1008 505 1264 575 recfta‚sed
1287 503 1619 572 transversim
1638 505 1776 561 idus
1796 505 1848 561 ei
1883 517 1888 522 ’

224 592 282 647 in
304 609 489 647 torum
506 588 762 647 incidisset
780 612 794 645 τ
814 611 912 647 nec
931 590 1131 647 diutius
1151 589 1333 644 triduo
1354 589 1613 665 provixit.
1646 585 1721 643 ob
1737 586 1850 643 haec
1884 625 1888 628 <

226 673 472 730 Romani
494 673 717 730 nostem
734 673 875 729 illam
895 670 1199 729 luctuosam
1219 690 1375 749 egere
1398 691 1411 724 t
1438 672 1851 747 nequeminora

225 776 294 811 ex
317 753 667 812 Gotthorum
702 752 879 812 castris
912 757 1148 812 lamenta
1178 750 1522 831 ploratusque
1557 751 1851 808 audieban-

224 855 318 894 tur
337 878 354 904 ,
381 836 701 907 mirantibus
712 838 979 894 Romanis
1001 876 1019 903 ,
1050 854 1109 892 ut
1129 838 1223 916 qui
1244 834 1521 892 crederent
1539 837 1743 891 nullum
1765 836 1853 888 in·-

223 918 374 999 figne
395 921 594 976 malum
612 918 782 996 pridie
800 919 879 974 eis
908 914 1260 997 supervenisse
1280 957 1297 984 ,
1329 919 1511 994 paucis
1529 934 1740 973 tantum
1762 934 1854 994 per
1881 960 1883 962 -

224 999 473 1079 praelium
488 999 683 1069 amliffis
702 1040 718 1067 ,
737 1000 890 1080 quod
909 1005 963 1057 &
983 1018 1104 1073 ante
1123 997 1308 1078 saepius
1324 1006 1376 1056 &
1398 1005 1600 1075 majore
1620 1017 1852 1055 numero

229 1082 482 1159 evenerat
500 1123 517 1150 ,
549 1103 829 1161 nunquam
849 1086 997 1161 gravi
1023 1080 1285 1139 aestimato
1307 1100 1532 1160 propter
1554 1079 1856 1138 multitudi-

229 1173 362 1222 nem
383 1164 607 1235 damno·
650 1163 865 1221 Postera
883 1165 1000 1220 luce
1019 1181 1367 1241 compertum
1387 1165 1558 1243 lugeri
1577 1162 1604 1219 Ξι
1625 1161 1857 1218 Gotthis

227 1251 327 1326 qui
360 1247 686 1314 Neronianis
726 1249 781 1302 in
815 1248 1018 1322 campis
1049 1245 1291 1301 sederant
1309 1288 1321 1310 ,
1359 1244 1663 1323 praestantes
1690 1247 1858 1310 virm,

228 1349 375 1407 quos
395 1330 572 1406 primo
594 1326 772 1406 statim
795 1330 1086 1384 certamine
1102 1326 1312 1384 Buchas
1330 1324 1651 1384 confecerat.
1673 1325 1861 1394 multae,

236 1404 622 1468 confliffiones
652 1414 706 1466 δε
742 1409 853 1467 aliae
888 1406 1075 1478 fuere,
1112 1432 1244 1488 quas
1275 1406 1467 1467 referre
1486 1407 1717 1489 lingulas
1736 1427 1861 1486 pre-

234 1495 377 1550 tium
415 1513 531 1548 non
565 1490 655 1548 est.
705 1488 986 1549 Suffecerit
1020 1490 1202 1550 dixisse
1235 1488 1399 1549 factas
1419 1489 1687 1572 sexaginta
1707 1496 1761 1547 ἃ
1779 1487 1861 1546 se-
1884 1499 1888 1503 ’

234 1580 390 1653 ptem
412 1574 544 1630 dum
566 1591 748 1630 manet
767 1572 981 1632 obsidio
1003 1617 1019 1642 ,
1049 1594 1238 1655 praeter
1258 1572 1555 1654 postremas
1571 1575 1713 1631 -duas
1731 1592 1862 1652 quas

232 1660 562 1732 intempore
583 1655 1032 1713 memorabimus,
1077 1661 1159 1714 Sic
1178 1656 1364 1733 hyems
1384 1659 1546 1731 exiit,
1581 1654 1864 1732 finemque

238 1733 501 1816 imposuit
532 1757 676 1792 anno
696 1733 932 1794 secundo
952 1737 1082 1794 belli
1109 1736 1267 1813 hujus
1287 1737 1439 1817 quod
1458 1736 1633 1794 scribit
1650 1742 1865 1807 Procoe

235 1818 375 1899 pius,
419 1822 730 1896 Appetente
763 1816 988 1875 solstitio
1017 1816 1186 1876 fames
1213 1819 1370 1877 simul
1390 1841 1446 1875 ac
1465 1819 1711 1898 pestilens
1739 1838 1865 1876 aura.

238 1899 436 1958 urbem
453 1899 660 1958 invasit.
707 1900 967 1958 militibus
985 1898 1326 1958 frumentum
1348 1901 1619 1977 manebat,
1639 1919 1865 1960 caetero-

239 1982 366 2041 rum
398 1982 462 2040 ad
497 1977 704 2040 vidium
735 1982 886 2039 nihil.
930 1982 1188 2041 urbanam
1225 1984 1435 2062 plebem
1458 2004 1653 2062 ,quam
1675 1979 1866 2039 &fru-

238 2081 494 2122 mentum
517 2061 782 2121 defecerat
801 2104 815 2128 ,
852 2070 1085 2145 graviter
1105 2066 1382 2144 premebat
1401 2064 1593 2136 esuries
1619 2105 1633 2126 ,
1667 2065 1868 2122 &inde

238 2144 474 2204 fluentes
507 2147 706 2203 morbi.
818 2168 890 2201 uae
925 2143 1209 2227 postquam
1243 2164 1620 2226 compererant
1639 2145 1865 2212 Gotthi,

241 2228 547 2308 spernentes
569 2230 741 2306 praelia
759 2231 815 2284 in
833 2230 1106 2306 posterum
1131 2272 1147 2298 ,
1181 2252 1351 2287 unum
1373 2230 1628 2286 curabant
1648 2251 1712 2285 ne
1733 2228 1868 2308 quid.

242 2314 303 2367 in
340 2308 531 2366 urbem
567 2314 847 2387 importari
868 2310 1053 2388 posset.
1099 2315 1235 2368 Sunt
1251 2316 1499 2389 Latinam
1522 2313 1867 2390 Appiamque

240 2393 388 2466 inter
406 2393 514 2448 vias
530 2388 729 2449 'ductus
750 2414 1008 2470 aquarum
1031 2394 1142 2451 duo
1169 2395 1298 2451 editi
1317 2393 1435 2451 satis
1450 2435 1465 2460 ,
1488 2396 1787 2472 plerunque
1809 2398 1867 2449 δε

245 2471 516 2552 fornicato
536 2494 699 2552 opere
715 2477 869 2531 altius
888 2475 1027 2531 elati.
1043 2478 1120 2532 Hi
1141 2476 1254 2534 duo
1273 2474 1491 2532 stadiis-³1
1507 2479 1688 2534 Roma
1705 2478 1869 2554 quin-

247 2559 509 2634 quaginta
528 2573 728 2611 coeunt
748 2597 764 2621 ,
793 2560 1232 2636 contrariumque
1254 2577 1425 2636 caepto
1442 2556 1729 2617 instituunt
1746 2560 1868 2614 iter.

247 2639 395 2695 Nam
416 2639 508 2714 qui
528 2637 712 2693 dexter
731 2634 904 2694 fuerat
922 2637 1045 2696 hinc
1065 2642 1121 2696 in
1141 2642 1323 2698 laevam
1347 2636 1542 2696 fertur:
1560 2642 1867 2718 iterumque

249 2717 438 2776 sociati
475 2724 528 2774 &
564 2722 792 2796 repetito
825 2740 989 2798 quem
1026 2740 1147 2779 ante
1177 2725 1318 2777 inter
1340 2719 1388 2777 se
1409 2720 1703 2779 habuerant
1720 2724 1867 2797 loco,

250 2799 504 2878 deinceps
536 2798 682 2857 divisi
703 2799 883 2858 fluunt
901 2842 917 2868 ‚
947 2823 1005 2858 ac
1023 2824 1124 2881 pro
1147 2806 1494 2861 munimento
1511 2802 1630 2861 sunt
1648 2807 1695 2862 ei
1713 2801 1885 2882 quod¹

245 2884 534 2961 interpatet
553 2880 690 2938 solo.
732 2882 1021 2940 obstructis
1039 2885 1247 2943 barbari
1265 2903 1410 2964 parte
1437 2882 1690 2943 inferiore
1709 2906 1869 2961 cana-

225 2982 227 2984 ·
249 2963 415 3048 libus,
430 2967 529 3025 luti
550 2964 898 3047 lapidumque
916 2967 1149 3046 ingestu,
1166 2964 1436 3031 castellum
1450 2974 1604 3046 juxta
1619 2966 1879 3104 posuer?

1772 3070 1810 3109 u
1849 3067 1888 3106 ι’ἶ

1771 3123 1866 3131 m-
1886 3108 1888 3154 ι

1886 3158 1888 3173 l

1886 3214 1888 3225 ι

1855 3236 1858 3237 ⁷
1886 3227 1888 3242 l
