1888 3428
190 141 614 199 Go‘r‘rchffi
654 138 1051 195 Hts‘ronlffi
1091 141 1239 194 LIB.
1278 143 1386 199 IV.
1508 164 1630 224 447

21 223 229 304 hyemis
258 226 484 281 exitum.
544 227 604 278 In
640 224 724 278 via
753 240 945 277 eorum
977 237 1098 298 q‘uae
1134 221 1429 282 acciderant
1458 222 1633 286 fa&us

22 311 221 364 certior
240 325 413 384 caepto
433 308 621 363 itinere
655 300 905 364 deflexit,
951 303 1240 381 cognitum
1275 303 1475 364 habens
1498 314 1634 369 ultra

19 388 230 447 Phasim
248 392 424 455 Lazis‚
442 385 619 444 amissa
632 391 807 451 Petra,
825 384 1035 442 nullum
1055 380 1154 441 effe
1173 385 1491 463 praefidium.
1526 394 1637 451 Re.-

8 470 310 551 -trogreffus
328 473 512 550 igitur,
527 466 799 546 occupatis
821 468 954 524 locis
974 488 1070 544 per
1086 487 1205 547 quae
1224 488 1287 524 ex
1309 469 1477 528 Iberia
1495 475 1635 534 Col-

21 553 133 611 chis
152 553 348 617 aditur,
369 551 655 632 postquam
671 545 879 615 Phasim
900 570 1006 628 qua
1025 552 1257 607 maxime
1293 552 1521 611 vadosus
1540 557 1635 622 est,

22 636 254 713 pedibus
289 633 563 692 transiisset
589 674 606 701 ,
643 631 836 689 deinde
871 636 925 688 &
961 630 1219 689 Rheonta
1251 656 1468 692 amnem
1500 680 1538 701 ‚.
1564 660 1636 697 ne

20 717 166 776 hunc
197 717 421 796 quidem
455 717 532 774 ibi
567 711 960 792 navigabilem,
995 714 1185 772 dextro
1214 714 1446 775 Phasidis
1474 722 1635 779 latere

20 821 279 879 pergent-3,
324 798 728 875 Archaeopolim
749 799 1044 875 principem
1064 797 1326 877 dignitate
1346 806 1399 857 ὃ(
1421 806 1637 883 magni-

20 882 212 939 tudine
232 884 288 938 in
307 884 457 939 Lazis
475 880 663 936 urbem
683 920 701 947 ,
721 896 847 935 toto
869 899 993 936 cum
1012 883 1245 938 exercitu
1264 885 1413 959 petit.
1450 887 1494 940 is
1509 906 1639 965 pau·
1724 900 1727 903 '

20 967 95 1020 cis
113 966 351 1042 exceptis
381 966 624 1040 equitatu
655 959 965 1028 constabat,
1007 963 1138 1019 οᾶο
1157 961 1505 1041 sequentibus
1524 969 1638 1027 ele-

19 1043 233 1124 phantis
250 1086 267 1112 ‚
285 1043 484 1123 quibus
501 1043 799 1101 insistentes
814 1043 976 1102 Persae
994 1043 1232 1104 hostium
1252 1047 1519 1126 capitibus
1539 1072 1636 1108 ve—

17 1129 99 1183 lut
129 1124 158 1183 ἐ
194 1145 338 1186 turre
369 1129 739 1184 imminerent.
795 1128 923 1184 Erat
958 1131 1137 1185 mirari
1167 1130 1437 1187 Persarum
1475 1138 1529 1189 δέ
1559 1137 1637 1192 la-

18 1207 212 1266 borem
251 1216 304 1266 &
327 1207 618 1266 sollertiam
639 1251 655 1275 ‚
699 1212 794 1288 qui
814 1211 914 1266 iter
944 1209 1011 1266 ab
1031 1209 1199 1267 Iberia
1220 1214 1276 1268 in
1309 1212 1635 1276 Colchidem

16 1286 229 1359 ferenS,
265 1288 597 1371 confragosis
629 1291 846 1348 saltibus
878 1289 1311 1372 silvestribusque
1329 1293 1462 1353 saxis
1498 1319 1637 1357 con-

19 1375 239 1430 tinuum
259 1414 277 1441 ,
323 1390 576 1453 praeterea
594 1373 914 1431 nemoribus
934 1374 1104 1432 denfis
1123 1375 1524 1436 obumbratum
1540 1423 1558 1450 ,
1576 1402 1639 1442 ut

16 1453 278 1513 haetenus
296 1454 510 1513 homini
529 1455 830 1536 quamlibet
847 1456 1102 1535 expedito
1123 1502 1139 1525 ,
1173 1461 1501 1539 impervium
1518 1485 1644 1524 cre-⁴

16 1537 235 1595 deretur
261 1579 279 1606 ,
311 1541 384 1596 ita
417 1539 831 1616 complanarunt
860 1556 921 1595 ut
968 1560 1083 1597 non
1111 1544 1383 1620 equitatus
1416 1562 1634 1606 tantum

16 1621 169 1678 nullo
202 1624 431 1701 negotio
448 1662 466 1687 ,
494 1621 591 1679 sed·
613 1627 668 1679 δε
685 1620 951 1700 elephanti
969 1639 1110 1701 quot
1132 1622 1302 1682 visum
1334 1625 1456 1706 ipsis
1475 1626 1599 1686 ess'et
1616 1672 1636 1698 ,

15 1702 131 1760 illac
151 1702 449 1761 transirent.
493 1705 713 1761 Auxilia
730 1704 949 1761 aderant
980 1706 1322 1763 Hunnorum
1350 1712 1444 1786 qui
1467 1710 1637 1769 Sabe-

16 1788 58 1840 ri
86 1803 352 1842 vocantur
392 1825 407 1846 ‚
461 1787 625 1843 millia
656 1785 969 1843 duodecim.
1030 1808 1219 1847 verum
1257 1791 1637 1868 pertimescens

15 1865 361 1924 Mermeroes
383 1888 451 1924 ne
482 1870 684 1925 externi
717 1871 810 1946 qui
830 1885 986 1927 tanto
1021 1867 1186 1928 essent
1204 1892 1437 1930 numero
1455 1876 1636 1955 impe-

17 1953 92 2006 ria
109 1948 268 2028 ipsius
287 1955 523 2030 accipere
541 1951 754 2008 nollent
771 1990 790 2015 ,
819 1969 910 2008 aut
928 1955 1088 2009 etiam
1107 1953 1273 2011 dirius
1291 1956 1423 2034 quid
1438 1960 1492 2012 in
1507 1963 1637 2016 Per-

16 2028 93 2088 sas
120 2036 305 2089 animo
327 2037 675 2112 conciperent
695 2074 713 2101 ‚
745 2051 933 2112 quater
950 2036 1097 2092 mille
1131 2034 1327 2094 solisin
1361 2042 1636 2098 commili-

16 2116 156 2171 tium
189 2112 495 2195 affumptiS‚
529 2135 748 2174 caeteros
779 2117 965 2173 multis
997 2116 1232 2176 donatos
1253 2124 1495 2199 pecuniis
1529 2122 1634 2181 do·-

17 2216 171 2255 mum
208 2199 413 2278 regredi
437 2196 608 2274 jussit.
651 2200 940 2256 Romanus
971 2203 1233 2257 exercitus
1263 2201 1554 2261 duodecim
1573 2228 1637 2263 e-

15 2299 94 2336 rat
130 2281 361 2337 millium
394 2321 410 2342 ‚
459 2301 575 2337 non
611 2299 793 2338 tamen
839 2283 895 2337 in
929 2302 1101 2339 unum
1134 2284 1395 2342 colle&us
1428 2288 1632 2346 locum.

18 2364 118 2418 tria
152 2366 297 2419 enim
338 2363 504 2419 millia
523 2360 870 2442 Archaeopoli
888 2382 1036 2421 erant
1064 2362 1161 2423 sub
1180 2365 1442 2444 praefeffis
1465 2369 1632 2430 odo<

17 2442 190 2502 nacho
210 2451 265 2502 ὃς
279 2443 424 2501 Baba
444 2486 461 2512 ,
488 2447 613 2502 viris
634 2443 777 2503 bello
800 2449 1047 2526 egregiis.
1068 2450 1244 2505 caeteri
1278 2452 1407 2529 citra
1425 2451 1633 2511 Phasim

19 2524 195 2585 castris
226 2526 481 2585 sedebant
500 2526 606 2585 hoc
636 2530 820 2585 animo
841 2569 855 2590 ‚
895 2548 954 2586 ut
973 2528 1011 2586 si
1045 2528 1358 2609 apparuifl'et
1391 2531 1635 2594 hostium

20 2611 314 2675 exercituS,
353 2610 449 2690 ipfi
479 2612 743 2668 continuo
776 2611 882 2669 suis
912 2614 1243 2691 opitulatum
1274 2635 1634 2677 accurrerent.

19 2687 101 2747 his
112 2693 359 2750 Venulus
376 2700 432 2750 &
450 2695 716 2774 Vligagus
736 2712 979 2772 praeerat,
1008 2694 1209 2775 quibus
1238 2697 1416 2755 aderat
1436 2704 1491 2757 δε
1510 2706 1636 2758 Per-

20 2768 307 2833 sarmenius
339 2780 570 2836 Varazes
608 2776 674 2833 ab
703 2778 852 2834 Italia
888 2797 1105 2845 recens,
1155 2800 1319 2859 quem
1355 2782 1532 2838 Tzani
1566 2784 1632 2841 ad

22 2855 373 2937 ostingentos
403 2857 781 2938 sequebantur.
838 2861 983 2917 Nam
1018 2859 1145 2917 Besa
1179 2883 1242 2919 ex
1278 2883 1393 2941 quo
1416 2869 1631 2922 Petram

20 2955 230 3019 ceperat
252 2980 268 3003 ‚
321 2941 571 3003 laborum
603 2939 818 3024 fugiens
847 2945 903 3000 in
934 2942 1193 3007 Ponticos
1231 2945 1632 3022 Armeniosque

1408 3027 1627 3087 recefle-
