1888 3428
184 155 632 214 Gora-inem
670 152 1088 212 H1s'roR1AE
1129 155 1276 210 LIB.
1314 158 1429 213 IV.
1523 161 1643 233 469

24 238 106 296 vis
125 240 269 294 enim
289 257 384 315 per
402 256 648 294 naturam
667 234 984 292 hominibus
1016 256 1352 315 quaecunque
1371 241 1425 295 in
1457 238 1641 296 vicino

21 319 251 378 modum
272 317 482 376 excessit
501 321 743 397 potentia
761 358 777 385 ,
810 324 864 375 &
899 317 966 373 ad
995 313 1296 373 inferendas
1313 320 1529 392 injurias
1548 340 1640 399 pa-

17 420 144 459 rata.
185 403 384 480 Neque
403 405 548 458 enim
587 397 753 458 deeffe
781 396 997 477 possunt
1030 398 1471 477 praepollentibus
1504 422 1638 479 quas

20 486 77 541 in
111 481 412 550 finitim08‚
448 484 795 562 quantumvis
822 483 1112 546 innoxiOS,
1152 481 1458 537 obtendant
1488 481 1636 537 bello

22 563 218 622 causas.
262 568 396 623 Haec
415 587 540 621 cum
575 569 648 621 ita
681 562 781 620 sint
812 584 1147 642 quaecunque
1180 562 1208 618 εὶ
1239 561 1400 619 nobis
1418 561 1639 641 sponsa-

19 650 153 709 lium
173 651 397 704 nomine
416 649 602 704 Brittia
621 649 771 724 virgo
805 649 1005 724 accepit
1022 687 1038 712 ‚
1074 644 1168 701 fibi
1201 643 1392 702 habeat
1410 685 1426 710 ‚
1452 642 1637 720 spretae

19 729 354 787 conditionis
371 728 470 786 suae
493 731 739 809 gentium
760 733 954 804 exjure
974 726 1240 784 solatium.
1259 728 1481 805 Radigis
1496 726 1636 803 apud

19 831 312 870 novercam
330 811 579 891 deinceps
597 807 798 867 habitet
815 850 831 877 ‚
852 828 910 867 ut
933 831 1054 867 mos
1073 813 1275 888 patrius
1291 809 1460 882 jubet.
1506 811 1639 865 Haec
1674 800 1680 810 ¹

21 892 307 973 postquam
335 892 537 950 dixerat
572 890 972 972 praesignificata
1003 891 1087 949 die
1124 890 1523 971 quadragefima
1557 887 1642 947 fa-

22 984 144 1033 tum
163 977 415 1054 explevit.
457 976 618 1032 Filius
634 982 748 1051 ejus
763 1019 776 1039 ,
805 978 939 1032 utin
954 995 1183 1053 regnum
1203 971 1440 1030 successit
1459 1015 1476 1040 ‚
1498 994 1640 1030 con-

20 1056 138 1116 filio
154 1062 392 1114 virorum
411 1060 553 1113 inter
568 1058 830 1114 Barbaros
848 1058 1204 1114 eminentium
1228 1097 1243 1122 ‚
1280 1059 1524 1114 ultimam
1541 1055 1639 1113 de·-

20 1136 196 1197 functi
217 1141 554 1197 voluntatem
574 1142 763 1220 implet
779 1184 792 1204 ,
828 1139 1113 1219 repudium
1130 1137 1327 1216 sponsae
1345 1142 1639 1203 renuntiat,

22 1242 150 1279 cum
170 1243 396 1279 noverca
414 1240 802 1281 commoratur.
847 1221 968 1301 qua}
988 1221 1082 1277 ubi
1105 1222 1289 1279 didicit
1306 1219 1491 1299 sponsa
1526 1222 1640 1278 Ra-

20 1302 191 1384 digis,
219 1306 512 1361 intolerans
547 1307 886 1361 contumeliae
918 1310 974 1360 in
1002 1305 1267 1360 ultionem·
1286 1322 1402 1360 tota
1429 1300 1644 1359 fereba-

18 1403 127 1443 tur.
169 1388 357 1452 Tanto
378 1389 522 1444 enim
559 1388 769 1444 honore
789 1386 1039 1463 pudicitia
1053 1386 1194 1465 apud
1223 1386 1488 1442 Barbaros
1506 1387 1651 1460 coli-¹

19 1485 110 1524 tur
126 1510 142 1537 ,
160 1487 221 1526 ut
240 1467 443 1526 femina
457 1510 472 1534 ,
494 1469 560 1527 de
579 1477 729 1548 cujus
750 1471 952 1547 nuptiis
970 1469 1149 1525 aecum
1166 1466 1239 1525 est
1257 1507 1274 1533 ,
1295 1466 1496 1525 etiamsi
1514 1487 1641 1524 cor-
1712 1514 1717 1518 .

20 1570 156 1630 pore
176 1549 471 1632 fitintegro
493 1593 510 1620 ‚
545 1573 642 1630 pro
677 1570 932 1628 corrupta
961 1549 1239 1607 habeatur.
1287 1555 1431 1607 Ante
1455 1569 1641 1607 tamen

22 1637 327 1690 amicorum
345 1634 568 1692 suorum
599 1633 829 1690 idoneos
850 1633 912 1690 ad
933 1654 1056 1689 eum
1077 1635 1244 1688 mitti-t
1264 1673 1281 1698 ,
1327 1633 1652 1710 percuncia-

19 1731 142 1771 tum
163 1713 435 1793 curipsam
455 1714 742 1772 dedecoret
759 1755 775 1781 ‚
805 1735 918 1770 non
948 1714 1131 1791 stupro
1166 1712 1195 1770 ὲ
1225 1713 1274 1769 se
1297 1755 1311 1777 ,
1342 1735 1454 1770 non
1475 1735 1528 1770 re
1548 1715 1645 1770 alia

24 1795 193 1855 laesus.
234 1797 294 1854 Id
314 1796 408 1854 ubi
425 1795 555 1853 nihil
574 1794 874 1876 profecerat
897 1837 913 1862 ,
945 1798 1207 1855 viril-iores
1228 1795 1291 1852 ad
1311 1817 1460 1852 curas
1477 1793 1643 1862 versa,

22 1882 81 1936 in
98 1879 303 1938 bellum
323 1882 618 1958 accingitur
639 1901 656 1936 t
688 1877 1018 1958 navibusque
1054 1879 1344 1935 contrastis
1382 1879 1641 1957 quadrin-

21 1966 232 2042 genti3‚
259 1960 628 2040 impositoque
668 1965 906 2018 exercitu
936 1982 1049 2017 non
1081 1964 1260 2017 minus
1280 1962 1491 2018 millum
1512 1982 1642 2017 cen-

20 2040 210 2101 tenfim
233 2065 377 2100 arma
396 2047 488 2124 qui
506 2042 706 2111 ferrent
727 2084 742 2111 ,
784 2042 890 2121 ipsa
908 2044 1102 2100 ducem
1122 2039 1170 2100 se
1202 2047 1257 2099 in
1273 2048 1486 2101 Varnos
1506 2064 1645 2122 prae-

21 2124 137 2183 bet.
183 2128 470 2184 Comitem
494 2125 588 2182 fibi
612 2147 902 2204 rerumque
922 2125 1224 2201 adjutorem
1260 2123 1511 2182 sumserat
1529 2122 1642 2180 fra-

21 2224 161 2266 trem
186 2250 203 2277 ,
251 2230 367 2266 non
403 2230 530 2265 eum
563 2212 656 2287 qui
691 2228 920 2288 regnum
954 2207 1269 2272 obtinebat,
1307 2208 1392 2266 sed
1427 2211 1643 2286 privatae

20 2287 253 2349 fortunae
272 2292 520 2348 alterum.
563 2287 744 2347 Insulae
771 2292 908 2347 illius
928 2289 1178 2347 homi-nes
1205 2294 1468 2363 ‘omnium
1502 2311 1649 2369 quos.

20 2376 275 2431 novimus
306 2372 667 2430 Barbarorum
700 2372 763 2429 ad
796 2371 936 2429 bella
966 2376 1241 2440 acerrimi,
1275 2372 1506 2452 pedibus
1537 2393 1644 2451 pu·-

21 2457 362 2533 gnasineunt
382 2496 397 2521 ‚
432 2458 702 2534 equitatus
720 2453 855 2511 adeo
888 2457 1157 2534 imperiti,
1195 2474 1254 2511 ut
1288 2459 1448 2512 etiam
1467 2496 1482 2521 ‚
1510 2453 1645 2533 quid

22 2533 88 2594 fit
107 2559 279 2617 equus
299 2579 316 2605 ‚
349 2536 601 2594 nesciant.
643 2538 898 2615 Nam-que
929 2540 981 2593 id
1012 2540 1205 2594 animal
1226 2559 1293 2594 ne
1314 2560 1376 2594 ex
1407 2539 1647 2616 imagine

24 2620 247 2697 quidem
285 2640 492 2676 norunt
515 2622 689 2677 Bri-ttii
711 2660 732 2680 ‚.
759 2625 831 2676 ita
865 2636 926 2699 ut
960 2619 1207 2677 credibile
1228 2618 1287 2676 fit
1308 2621 1517 2676 nullum
1539 2639 1645 2674 un-

26 2721 190 2779 quam
209 2722 412 2779 equ-um
435 2706 491 2758 in
510 2723 571 2758 ea
596 2700 763 2758 visum
781 2698 968 2757 insula.
986 2702 1138 2779 quod
1158 2699 1193 2758 fi
1211 2700 1428 2780 quando
1449 2720 1645 2757 eorum

27 2785 188 2861 aliqui
208 2781 310 2840 five
333 2805 425 2863 per
445 2785 810 2863 legationem,
847 2781 952 2839 five
983 2783 1125 2841 aliud
1161 2781 1235 2839 ob
1272 2786 1556 2861 negotium
1578 2781 1643 2836 ad

25 2864 313 2923 Romanos
347 2869 603 2930 veniunt,
646 2867 979 2931 Francosve‚
1013 2868 1204 2923 aliasve
1238 2863 1647 2943 gentes*quibus

27 2954 304 3026 equorum
317 2947 391 3010 est
411 2945 532 3007 usus
552 2989 568 3016 ‚
600 2947 787 3028 ibique
808 2944 928 3084 ipgs
945 2967 1089 3023 equo
1112 2947 1235 3010 vehi
1251 2944 1448 3005 neceffe
1470 2942 1644 3082 efge„-

67 3040 70 3043 .
932 3049 967 3107 g
1018 3051 1040 3106 3
1133 3055 1136 3058 ’
1548 3046 1563 3080 ι
1586 3043 1665 3084 ire,
