1888 3428
888 122 917 161 Χ

234 198 349 275 346
547 197 928 252 PRocopu
970 187 1518 249 CAESAREENSIS

222 274 511 336 honestum
532 279 735 332 exitum
755 317 771 343 ‚
809 282 864 334 &
898 279 1037 332 inter
1053 270 1446 336 circumstantia
1461 269 1833 335 suaviffimum‘

224 363 418 418 mortis
447 378 618 438 genus
639 399 655 425 ‚
688 380 911 437 unoque
940 354 1084 413 facto
1107 357 1405 419 innumeris
1432 357 1584 412 malis
1613 356 1829 413 Roma-

226 465 331 501 nos
360 441 634 506 absolvite.
680 440 804 507 Besa
830 444 1033 518 quique
1052 442 1100 495 ei
1130 439 1346 495 aderant
1363 437 1446 495 his
1464 437 1658 495 auditis
1675 436 1823 500 dixe-

226 547 284 583 re
300 566 318 593 ,
351 546 465 581 non
484 521 583 580 effe
603 522 703 580 suae
718 521 994 602 potestatis
1011 542 1105 577 eos
1123 517 1329 599 pascere
1346 562 1363 587 ‚
1387 527 1440 577 &
1459 519 1705 577 occidere
1723 522 1840 575 im*

227 608 378 689 pium
399 647 417 675 ,
455 607 725 663 dimittere
754 609 1013 663 intutum.
1056 599 1144 660 sed
1169 600 1478 659 Belisarium
1507 599 1833 659 affirmantes

220 694 550 768 jamjamque
586 689 845 765 Byzantio
875 708 1000 744 cum
1033 689 1270 742 exercitu
1304 681 1489 748 adfore
1513 725 1531 753 ,
1563 684 1671 748 hoc
1703 690 1833 741 cum

226 771 416 830 solatio
437 791 531 828 eos
546 768 810 827 dimisere.
848 775 1058 826 Interea
1078 789 1191 847 quo
1215 769 1386 848 magis
1409 763 1847 847 protendebatur

230 852 443 916 obsidio
462 893 479 919 ‚
513 855 774 909 intentior
787 849 957 915 fames
988 851 1232 908 insolitos
1253 849 1611 930 humanaeque
1631 853 1833 909 naturae

229 939 434 999 alienos
465 933 618 992 cibos'
645 932 955 1010 subjecerat.
1014 937 1098 990 Ac
1117 937 1352 1013 primum
1383 930 1513 990 Besa
1544 953 1602 989 ac
1623 930 1837 989 Conon

230 1016 453 1098 praessdii
469 1061 482 1081 ,
501 1016 651 1095 quod
667 1017 861 1074 Romae
880 1032 1008 1081 erat,
1029 1017 1285 1083 rectoreS,
1303 1013 1641 1075 frumentum
1665 1015 1834 1085 (mul-

230 1119 355 1163 tum
391 1102 535 1156 enim
575 1102 712 1160 intra
747 1101 940 1158 maenia
971 1098 1095 1154 suos
1124 1100 1181 1153 in
1203 1095 1326 1155 usus
1355 1095 1646 1178 sepositum
1666 1094 1839 1152 habe-

232 1181 404 1254 bant)
440 1186 493 1238 &
513 1183 708 1243 milites
722 1178 817 1238 suo
835 1180 901 1237 de
920 1178 1165 1239 dimenso
1179 1178 1402 1237 recisum
1423 1221 1440 1248 ,
1469 1178 1838 1257 opulentiori-

231 1264 339 1331 bus
351 1266 737 1321 Romanorum
757 1281 958 1341 magno
978 1265 1151 1339 pretio
1166 1261 1493 1318 vendebant.
1524 1258 1730 1338 septem
1748 1279 1840 1314 au-

234 1366 360 1403 reos
404 1344 711 1400 medimnus
759 1343 985 1402 valebat.
1034 1341 1234 1422 quibus
1274 1343 1530 1401 arfflores
1570 1363 1653 1399 res
1689 1354 1842 1398 erant

235 1448 401 1508 quam
436 1443 496 1487 ut
528 1444 639 1482 tam
673 1447 797 1484 caro
831 1426 981 1483 viftu
1014 1443 1332 1493 uterentur,
1368 1425 1526 1505 pretii
1558 1429 1671 1498 ejus
1690 1439 1851 1501 parte.

237 1527 426 1590 quarta
459 1505 680 1567 furfuris
712 1509 1053 1567 medimnum
1078 1506 1368 1568 referentes
1400 1529 1467 1565 eo
1498 1504 1549 1564 se
1583 1505 1843 1564 sustenta-

238 1593 387 1658 bant.
435 1590 485 1647 id
516 1594 572 1646 in
607 1592 767 1670 dapes
796 1588 1109 1669 deliciasque
1141 1588 1236 1669 ipsi
1279 1588 1551 1656 necessitas
1590 1605 1840 1648 verteram

236 1677 449 1730 Bovem
470 1670 508 1727 fi
525 1693 688 1751 quem
707 1673 845 1733 Besae
864 1673 1200 1750 prote&ores
1219 1672 1405 1751 egressi
1425 1664 1673 1750 ceperant
1686 1712 1703 1738 ,
1718 1670 1843 1730 Ro·-

241 1759 416 1813 manis
445 1753 794 1813 venditabant
815 1797 830 1817 ,
864 1757 1036 1811 aureis
1054 1755 1469 1833 quinquaginta.
1503 1752 1538 1809 fi
1558 1755 1642 1809 cui
1663 1751 1767 1808 bos
1784 1772 1843 1806 a-

239 1842 375 1899 liave
409 1835 711 1917 quadrupes
743 1854 959 1894 mortua
987 1834 1294 1914 obtigisset,
1326 1840 1370 1892 is
1391 1839 1530 1892 inter
1556 1837 1848 1891 Romanos

242 1921 430 1988 beatus
464 1919 760 1977 ducebatur
791 1964 804 1985 ,
849 1920 935 1976 cui
969 1938 1150 1974 carnes
1185 1917 1433 1977 mandere
1469 1958 1486 1985 ‚
1529 1935 1841 1995 quanquam

243 2004 555 2060 morticinas
579 2042 593 2062 ,
628 2003 825 2061 liceret.
880 2000 1038 2057 Plebs
1067 2017 1252 2056 caetera
1286 2004 1468 2064 urticis
1500 1995 1843 2078 pascebatur,

244 2107 364 2164 quae
394 2083 489 2140 sub
508 2086 695 2149 maenia
718 2129 731 2148 ,
772 2087 937 2162 inque
968 2085 1236 2158 parietinis
1266 2083 1404 2138 intra
1437 2083 1631 2138 urbem
1661 2081 1843 2138 multae

245 2164 610 2242 nascebantur.
662 2169 762 2223 Eas
782 2208 797 2233 ‚
828 2186 894 2221 ne
914 2162 1183 2242 asperitate
1206 2162 1364 2224 labris
1387 2184 1446 2220 ac
1461 2166 1596 2243 gula:
1626 2164 1846 2219 incom-
1874 2178 1884 2240 ss

246 2249 567 2325 modarent‚
601 2249 879 2329 diligenter
898 2249 1074 2303 coctas
1108 2248 1189 2302 ori
1219 2245 1556 2327 ingerebant.
1601 2246 1848 2301 Huncin

247 2331 478 2405 modurn
490 2331 751 2399 Romani,
770 2327 1025 2409 quamdiu
1044 2331 1280 2406 pecuniae
1300 2326 1487 2386 mansit
1505 2322 1847 2406 aliquid,fru-

249 2431 439 2471 mento
459 2414 576 2481 alii,
613 2415 698 2470 alii
715 2409 919 2473 furfure
939 2429 1089 2467 emto
1112 2410 1447 2474 victitabant.
1486 2408 1599 2468 Vbi
1620 2410 1847 2487 pecunia

248 2493 515 2560 defecerat
529 2534 546 2562 ‚
580 2493 694 2551 vasa
712 2497 768 2551 in
791 2491 972 2551 forum
992 2510 1268 2571 portantes
1286 2533 1304 2560 ‚
1338 2491 1462 2550 inde
1481 2511 1598 2571 quo>
1612 2492 1756 2548 diem
1775 2488 1843 2547 de

248 2578 334 2652 die
353 2581 609 2637 ducerent
623 2575 1021 2656 comparabant.
1065 2575 1156 2639 Ad
1175 2577 1427 2633 ultimum
1443 2594 1600 2643 ‚cum
1617 2592 1717 2630 nec
1735 2573 1844 2628 mi-
1887 2632 1888 2639 χ

245 2659 433 2729 litibus
460 2656 798 2716 frumentum
829 2654 950 2715 efl'et
969 2657 1119 2736 quod
1147 2657 1471 2720 venderent,
1494 2674 1693 2736 ,qpraeter
1710 2675 1846 2733 pau-

247 2745 361 2815 lum
381 2741 534 2820 quod
565 2739 661 2797 fibi
688 2739 815 2797 Besa
839 2738 1162 2808 servaverat,
1199 2759 1376 2817 neque
1405 2739 1674 2795 Romanis
1701 2736 1844 2793 unde

249 2842 511 2891 emerent,
530 2827 721 2880 urticas
739 2821 970 2901 spectare
988 2819 1228 2901 quisque.
1273 2821 1358 2878 sed
1378 2841 1503 2878 cum
1517 2819 1596 2878 hae
1620 2837 1845 2898 quoque

251 2924 410 2962 tantae
443 2906 774 2963 multitudini
811 2925 925 2961 non
954 2901 1250 2960 sufficerent
1285 2903 1517 2969 alendae·,
1554 2901 1698 2959 brevi
1720 2915 1846 2955 caro‘

252 2986 524 3064 vanescere
542 3028 561 3059 ³
598 2991 748 3048 color
765 2986 1073 3056 inpluridnm
1094 2989 1232 3049 verti.
1246 3025 1270 3056 ,A
1298 2988 1372 3042 ita
1392 3004 1451 3043 ut
1467 2985 1623 3055 larvis
1642 2980 1846 3117 {imillli-

540 3086 543 3088 ·
1654 3083 1730 3125 mi
1784 3080 1849 3117 0-
