1888 3428
247 195 366 254 270
507 176 510 180 ’
582 172 972 227 PRocoP11
1013 162 1652 225 CfflsAREENsm*

245 279 363 318 non
397 250 497 312 effe
530 271 624 309 cur
654 245 827 328 'ipsum
861 247 1034 306 caeteri
1052 242 1413 325 sequerentur.
1456 246 1561 304 His
1578 244 1848 306 Belisarius

245 340 442 401 auditis
468 331 771 399 obsidendae
803 328 924 387 urbi
943 330 1107 386 veteri
1128 350 1253 385 cum
1288 331 1464 387 multo
1497 331 1664 387 milite
1683 333 1853 388 mittit

242 422 529 483 Peranium
557 439 571 474 ε
602 412 713 494 Ipse
745 412 1021 472 Vrbinum
1041 413 1293 491 impetit5
1325 408 1544 468 firmum
1566 411 1853 490 oppidum,

245 504 397 585 quod
425 501 542 565 satis
576 496 752 555 valido
785 493 1132 552 Gotthorum
1167 490 1404 572 praefidio
1435 492 1856 562 custodiebatur,

244 588 500 646 Arimino
532 579 729 638 distans
760 580 956 635 itinere
979 576 1083 634 diei
1106 574 1317 632 homini
1336 577 1606 654 expedito.
1655 579 1855 654 Seque-

245 672 445 728 bantur
463 685 587 723 eum
605 662 711 719 huc
730 660 1017 717 ducentem
1035 656 1225 715 Narses
1242 655 1378 736 ipse,
1406 656 1675 714 Iohannes
1694 676 1854 737 atque

246 754 346 809 alii.
404 747 514 807 Vbi
546 743 810 822 oppidum
847 761 1017 821 prope
1061 737 1404 798 successerant
1425 781 1442 808 ,
1473 738 1600 797 bina
1633 737 1856 818 posuere

233 834 409 891 castra
427 832 492 889 ad
508 829 658 886 col‘lis
677 825 857 903 pedes·
901 843 1078 903 neque
1109 826 1253 880 enim
1286 843 1349 879 ex
1369 842 1436 879 eo
1456 841 1704 902 tempore
1722 843 1857 879 con·
1881 848 1884 850 ’

161 930 167 934 ”
244 913 632 995 jungebantur.
659 905 938 964 Belisarius
956 926 1081 963 cum
1098 905 1200 962 suis
1219 903 1283 963 ad
1303 904 1594 962 Orientem
1616 902 1682 961 ab
1700 909 1857 983 oppi-

246 1000 320 1057 do
341 991 598 1055 conceffit
634 1013 648 1047 ε
685 989 749 1047 ad
770 988 1130 1046 Occidentem
1149 987 1204 1043 N
1210 986 1356 1046 arses.
1407 990 1579 1052 Situm
1599 986 1670 1044 est
1691 987 1878 1046 Vrbi-⁴

247 1102 380 1138 num
409 1082 465 1135 in
497 1074 631 1133 colle
667 1071 813 1128 edito
834 1069 1130 1128 admodum
1159 1072 1323 1148 inque
1343 1069 1536 1126 orbem
1552 1066 1772 1126 diffuso·
1815 1073 1859 1126 is

248 1165 399 1220 collis
433 1177 607 1237 neque
639 1154 899 1230 abruptus
924 1149 999 1208 est
1032 1154 1221 1229 nequef
1240 1155 1416 1209 invius
1449 1173 1462 1206 ε
1493 1152 1656 1209 durus
1677 1170 1858 1209 tamen

243 1245 397 1303 adiri,
413 1240 581 1297 arduo
604 1233 780 1315 positu
805 1273 821 1300 ,
856 1238 910 1289 &
942 1233 1093 1311 quod
1112 1233 1376 1311 oppidum
1398 1233 1463 1289 de
1484 1234 1735 1311 proximo
1753 1236 1860 1289 im-

245 1327 450 1384 mineat
470 1362 488 1389 ‚
517 1315 830 1399 aequabilem
852 1335 1022 1371 unum
1043 1312 1204 1370 habet
1222 1314 1476 1372 accefl'um
1497 1354 1511 1380 ‚
1544 1317 1637 1394 qui
1657 1313 1862 1393 septen-

243 1407 412 1466 trioni
444 1401 768 1462 obvertitur.
824 1400 910 1454 Sic
941 1399 1181 1455 Romani
1215 1396 1278 1455 ad
1313 1394 1590 1454 obsidium·
1612 1400 1860 1477 accinge-

244 1491 460 1548 bantur.
506 1490 585 1542 At
614 1478 891 1540 Belisarius
923 1476 1133 1558 sperans
1167 1478 1231 1536 ad
1266 1479 1611 1538 conditiones
1640 1480 1860 1558 perduci

244 1571 502 1631 barbaros
514 1563 658 1647 poffe
679 1565 896 1643 periculi
914 1580 1082 1622 metu,
1099 1564 1308 1640 legatos
1325 1564 1687 1628 mittit,multa
1701 1560 1861 1620 com-

245 1653 543 1712 modorum
561 1647 948 1727 pollicitatione
965 1644 1202 1701 illectans
1216 1664 1309 1700 eos
1327 1684 1344 1711 ‚
1367 1662 1426 1701 ut
1444 1649 1788 1722 Imperatoris
1802 1645 1860 1702 in

246 1738 515 1794 ditionem
550 1726 849 1787 transirent.
893 1728 1080 1805 Legati
1111 1743 1169 1782 ut
1202 1737 1382 1803 portas
1412 1747 1580 1805 prope
1600 1726 1861 1783 constite-

247 1836 376 1876 runt
413 1816 440 1891 ζ
459 1832 635 1892 neque
654 1811 800 1866 enim
820 1811 960 1865 intra
977 1806 1242 1886 oppidum
1263 1807 1328 1864 ab
1347 1807 1595 1865 hostibus
1614 1808 1858 1866 admitte-

246 1900 485 1968 bantur)
508 1892 802 1952 mulcendis
820 1892 1010 1947 animis
1024 1908 1143 1967 apta
1162 1892 1389 1966 plurima
1410 1890 1580 1947 locuti
1598 1889 1734 1948 sunt.
1780 1895 1860 1948 At
1878 1956 1881 1957 ⁷

249 1980 475 2044 Gotthi‚
494 1975 687 2034 freti&
708 1976 832 2030 loco
855 1978 907 2028 δε
928 1992 1104 2028 rerum
1128 1972 1267 2029 unde
1288 1974 1488 2029 vivitur
1505 1976 1659 2050 copia
1675 2014 1692 2040 ‚
1715 1973 1859 2050 spre-

246 2069 454 2142 tis'quae
486 2057 834 2121 dicebantur,
870 2053 1074 2133 digredi
1094 2074 1270 2132 ‚quam
1305 2058 1540 2132 primum
1570 2057 1859 2112 Romanos

239 2145 454 2226 jubent.
499 2138 649 2220 quod
688 2135 972 2217 postquam
998 2137 1217 2193 relatum
1238 2178 1254 2203 ,
1284 2135 1563 2193 Belisarius
1597 2137 1858 2194 militibus

247 2227 500 2306 praecepit
536 2241 594 2279 ut
623 2219 902 2276 ramalium
924 2215 1166 2275 craffiora
1186 2220 1499 2297 colligentes
1517 2220 1641 2277 inde
1662 2216 1860 2276 faciant

246 2313 468 2389 longam
488 2306 633 2361 velut
650 2302 918 2380 porticum
936 2321 1096 2379 quam
1116 2302 1328 2358 vineam
1349 2305 1621 2368 vocant,in
1636 2323 1744 2380 qua
1763 2323 1861 2359 oc-

250 2392 435 2450 cultati
458 2388 626 2467 portis
643 2400 941 2461 arreperent
958 2422 974 2448 ,
1009 2402 1112 2460 qua
1131 2383 1348 2458 planum
1371 2387 1598 2441 maxime
1615 2386 1785 2441 solum
1804 2390 1860 2441 &

248 2474 375 2532 inde
408 2489 595 2527 muros
628 2482 928 2545 quaterent.
970 2465 1089 2521 Nec
1126 2464 1269 2522 secus
1288 2486 1450 2543 quam
1471 2464 1768 2541 jubebatur
1784 2463 1859 2522 fa-

250 2559 419 2614 ctum.
463 2557 539 2610 At
554 2546 834 2606 Nassetem
857 2546 995 2604 adire
1026 2543 1310 2603 familiares
1330 2546 1403 2603 sui
1422 2588 1438 2614 ‚
1471 2545 1716 2606 differere
1739 2559 1859 2626 quae*

242 2637 367 2696 >fieri
403 2649 675 2713 nequeant
706 2631 898 2686 tentari
928 2628 1197 2686 BelisariO.
1238 2634 1347 2686 Iam
1382 2648 1503 2687 ante
1537 2629 1858 2697 Iohannem,

245 2734 377 2779 cum
400 2715 678 2774 modicum
696 2710 901 2790 oppido
923 2710 1217 2789 praefid-ium
1240 2708 1420 2768 ineffet
1441 2753 1458 2780 ‚
1492 2716 1678 2769 omnia
1696 2733 1861 2790 expe-

250 2799 442 2861 riendo
461 2793 874 2875 inexpugnabile
891 2789 1151 2850 didiciffe:
1178 2799 1390 2866 (verum
1409 2795 1462 2852 id
1481 2800 1614 2866 erat)
1633 2798 1732 2852 iret
1752 2795 1858 2850 alio

244 2882 443 2944 ‘Narses
459 2880 794 2955 AEmiliaeque
811 2893 1030 2952 receptae
1054 2880 1215 2934 decus
1233 2874 1385 2933 suum
1404 2874 1616 2934 faceret.
1646 2879 1752 2934 His
1771 2897 1859 2933 ac-

255 2962 441 3034 census
457 2959 649 3023 Narses
667 2959 828 3019 nocte
846 2955 1064 3018 discedit
1084 2957 1150 3018 ab
1171 2956 1382 3017 obsidio
1401 2999 1419 3029 ‚
1441 2961 1612 3020 multa
1629 2960 1857 3036 nequic-

1689 3059 1854 3119 quam
