1888 3428
140 202 550 264 H1sToR1AE
590 201 1097 259 VANDALICAE.
1139 198 1361 257 [ΠΜ.
1505 221 1578 279 37

77 307 200 344 nem
219 286 378 345 istum
395 285 520 344 belli
538 301 847 364 apparatum
879 277 1176 358 posteriora
1196 280 1388 337 ducere
1408 277 1581 360 opor-

32 388 54 425 t
79 372 211 444 juris
237 375 291 427 &
323 389 503 426 rerum
537 368 833 425 divinarum
854 363 1023 419 cultu.
1066 360 1220 440 quod
1239 366 1384 418 enim
1404 365 1460 418 in
1481 384 1580 420 ne·-

4 485 5 488 =
37 448 204 508 ffitate
230 447 553 509 constitutos
583 442 810 506 maxime
839 444 1007 501 servat
1028 485 1044 511 ‚
1074 443 1128 501 id
1157 443 1298 521 apu'd
1317 445 1502 499 Deum
1521 448 1581 503 in

39 537 214 590 aximo
248 532 459 590 honore
492 527 588 588 effe
606 572 623 598 ‚
662 532 794 586 ratio
826 529 937 583 vult
970 527 1129 583 credi.
1175 525 1303 582 Ideo
1340 528 1581 604 primum

43 613 186 673 stitiae
205 636 402 673 munus
418 617 604 693 punire
621 632 714 668 eos
741 614 842 689 qui
877 631 990 666 non
1010 614 1126 682 jure
1144 607 1427 664 hominem
1448 608 1583 665 alte-

46 717 97 752 m
116 700 517 754 interemerunt.
561 694 710 749 Cum
744 694 887 749 enim
918 690 1043 765 justi
1062 688 1351 769 injustique
1370 710 1583 748 nomen

53 781 244 835 notitia
262 775 402 834 foras
418 776 614 856 spetPoet
633 816 648 842 ‚
680 778 734 831 in
753 774 909 830 rebus
928 773 992 830 ad
1012 773 1235 831 alterum
1256 774 1584 850 pertinenti-

54 879 76 914 s
95 860 202 917 vita
221 859 348 916 nihil
365 858 438 916 est
458 862 638 915 carius,
660 857 810 937 quod
832 855 866 912 fi
888 859 1007 935 quis
1026 854 1281 912 barbarus
1296 874 1389 932 per
1403 854 1583 911 ebrie-

34 959 139 997 tem
159 939 331 998 occiso
352 940 752 1020 consanguineo
772 981 787 1008 ,
808 939 1102 996 condonari
1121 936 1216 994 fibi
1236 957 1453 1017 poenam
1475 957 1583 1015 po-

56 1023 125 1078 lat
144 1062 158 1083 ,
178 1023 231 1078 id
248 1021 417 1101 ipsum
438 1023 579 1080 unde
599 1021 994 1080 absolutionem
1013 1018 1182 1099 sperat
1206 1061 1223 1088 ,
1255 1023 1467 1100 gravius
1483 1016 1583 1097 ipsi

31 1105 174 1159 imen
204 1101 348 1161 facit.
400 1108 598 1185 Neque
634 1108 778 1161 enim
821 1103 889 1160 fic
930 1107 1060 1161 vino
1089 1105 1342 1182 immergi
1363 1118 1585 1180 oportet

51 1206 302 1266 mquam,
328 1190 552 1244 minime
573 1208 700 1243 vero
728 1208 850 1243 eum
874 1189 1041 1264 quiin
1061 1187 1182 1243 ειᾶιι
1202 1183 1262 1242 fit
1278 1185 1495 1252 henim,
1521 1201 1584 1242 ut

64 1270 154 1323 icis
183 1271 350 1327 vitam
379 1271 609 1327 adimere
646 1289 745 1346 pro
773 1272 876 1325 levi
894 1268 1067 1324 ducat.
1117 1265 1397 1344 Quinipsa
1417 1286 1508 1344 per
1523 1264 1582 1323 se

31 1349 268 1406 nolentia
287 1391 304 1419 ‚
336 1370 396 1407 ut
431 1351 595 1409 caedes
615 1371 727 1406 non
749 1348 897 1415 adsit,
916 1349 1034 1405 satis
1054 1352 1108 1405 in
1130 1348 1358 1405 sehabet
1376 1350 1441 1405 ad
1460 1368 1585 1427 poe-

47 1451 98 1487 m
122 1430 374 1512 :laesaque
393 1435 764 1513 propinquitas
783 1472 798 1497 ‚
828 1433 947 1511 plus
965 1453 1126 1510 quarn
1145 1435 1199 1487 in
1222 1447 1476 1487 externos
1495 1432 1584 1486 in-

4 1515 152 1590 'riae‚
182 1512 494 1592 supplicium
528 1514 734 1594 flagitat
763 1511 857 1571 sub
891 1535 1020 1573 vero
1045 1513 1245 1591 judice.
1309 1513 1491 1582 Quale
1520 1510 1584 1568 fit

35 1597 141 1651 itur
166 1592 417 1652 facinoris
449 1597 755 1673 exemplum
776 1635 794 1662 ,
826 1601 881 1651 &
912 1599 1031 1672 quis
1050 1598 1229 1651 exitus
1248 1593 1342 1669 ipsi
1368 1593 1585 1652 videtis,

41 1696 159 1733 uare
176 1676 230 1734 id
245 1697 346 1734 vos
365 1697 545 1734 curam
566 1677 687 1734 dare
706 1692 927 1755 oportet
945 1715 962 1742 ‚
982 1696 1050 1732 ne
1068 1693 1160 1732 aut
1180 1675 1445 1735 violentas
1463 1695 1585 1756 maf-

55 1779 78 1815 s
95 1761 345 1836 cuiquam
363 1757 626 1827 inferatiS‚
647 1776 738 1815 aut
755 1761 970 1836 raptetis
991 1758 1178 1822 aliena,
1200 1760 1327 1814 certi
1353 1779 1439 1814 me
1459 1759 1584 1815 talia.

53 1860 89 1897 n
106 1837 547 1899 dissimulaturum
565 1883 581 1909 ‚
602 1862 777 1920 neque
796 1861 896 1918 pro
916 1862 1040 1897 meo
1058 1840 1370 1897 habiturum
1391 1840 1584 1906 milite,

38 1922 298 1983 lmaxime
316 1923 609 1982 terribilem
626 1920 872 1980 hostibus
892 1963 909 1989 ,
935 1921 1029 1979 nisi
1049 1923 1191 1979 idem
1214 1943 1404 1979 manus
1423 1941 1585 2000 puras

67 2007 302 2083 praelium
335 2003 548 2064 adferat.
595 2007 793 2085 Neque
824 2007 969 2061 enim
988 2008 1197 2062 vincere
1217 2004 1396 2084 potest
1414 2003 1598 2061 forti-·

38 2084 109 2143 do
143 2086 237 2144 nifi
266 2109 427 2167 quam
461 2088 659 2162 justitia
691 2085 978 2168 gubernat.
1019 2090 1247 2145 Dixerat
1279 2085 1581 2144 Belisarius-

30 2184 54 2225 t
81 2173 259 2226 omnis
294 2174 554 2228 exercitus
571 2214 586 2235 ‚
617 2169 788 2227 modo
825 2170 1333 2250 auditarecogitans
1351 2210 1369 2237 ‚
1404 2168 1579 2226 modo

33 2247 251 2329 spiciens
284 2273 409 2309 eum
443 2256 536 2333 qui
575 2253 817 2330 patibulo
844 2249 1059 2310 suffixus
1080 2270 1207 2313 erat,
1225 2255 1434 2331 ingenti
1453 2252 1580 2331 per-

43 2330 98 2389 lsi
115 2330 402 2392 formidine
419 2375 434 2396 ,
454 2335 518 2393 ad
535 2333 847 2392 modestiam
868 2339 1107 2392 animum
1126 2352 1399 2392 verterunt
1419 2375 1435 2401 ‚
1454 2353 1578 2389 tan-

52 2428 136 2472 am
153 2436 337 2493 poenas
361 2420 679 2496 neutiquam
698 2416 898 2475 evasuri
917 2416 952 2474 fi
975 2416 1105 2496 quid
1123 2417 1187 2473 ab
1207 2435 1363 2495 aequo
1381 2414 1579 2474 dissen-

32 2495 462 2565 neumfffeciss‘ent.
507 2499 636 2557 Inde
671 2521 805 2557 curae
845 2498 945 2558 suae
981 2502 1133 2556 duxit
1166 2499 1443 2556 Belisarius
1464 2539 1480 2564 ,
1512 2514 1577 2555 ut:

27 2577 140 2635 affis
156 2582 340 2655 jun&a
359 2584 634 2661 navigaret
656 2588 709 2638 δε
729 2579 963 2638 eundem
982 2583 1240 2638 inlocum
1264 2581 1593 2660 appelleret.¹

48 2662 222 2738 uippe‚
237 2680 296 2720 ut
312 2666 367 2719 in
390 2685 586 2743 magna
605 2661 753 2721 claffe
768 2662 896 2742 saepe
916 2705 931 2726 ‚
969 2668 1198 2721 maxime
1216 2684 1347 2721 vero
1368 2663 1460 2720 ubi
1481 2683 1578 2720 ve-

50 2760 250 2799 mentes
268 2747 412 2804 venti
429 2746 803 2813 incubuerant,
819 2747 1074 2803 acciderat
1095 2765 1156 2802 ut·
1175 2747 1285 2804 aliae
1306 2747 1577 2824 relinque·
1621 2806 1624 2807 ⁷

39 2840 160 2879 ntur
176 2845 350 2892 Πᾶνες,
367 2830 474 2886 alia:
496 2832 625 2885 mari
642 2826 1011 2906 spergerentur
1029 2869 1044 2894 ‚
1067 2849 1243 2904 neque
1263 2824 1450 2884 scirent
1472 2848 1579 2906 gu*

50 2922 288 2963 rnatores
304 2951 317 2972 ,
335 2930 465 2986 quas
487 2909 916 2967 antecedentium
933 2910 1081 2988 sequi
1097 2910 1373 2967 deberent.
1418 2912 1482 2964 Ei
1501 2908 1578 2962 rei

56 3006 81 3045 c
109 2987 380 3050 Belisarius
412 2993 712 3053 remedium
746 2994 971 3055 invenit.
1018 2995 1216 3051 Trium
1236 2993 1449 3049 navium
1473 3028 1489 3050 ‚
1520 2990 1580 3042 in

936 3075 986 3132 C
1035 3097 1057 3153 3
1457 3071 1585 3149 qul.-
