1931 3428
322 215 657 288 L1BE3
739 206 1261 274 Qvanrvs.
1498 200 1605 278 853

8 332 13 350 r
51 304 95 360 is
109 297 173 358 ad
193 293 426 355 nostram
446 294 697 348 notitiam
719 288 943 344 minime
960 283 1159 361 aliquid
1182 280 1445 359 pervenit.
1479 281 1611 339 Cir-

8 423 9 436 2
40 406 68 441 a
86 381 194 441 haec
214 395 461 455 tempora
490 374 680 430 beatus
713 366 1093 433 Columbanus
1112 385 1174 419 ex
1197 365 1489 420 Scotorum
1509 383 1610 442 ge-

8 500 11 511 ν
48 485 135 524 ere
161 459 454 531 oriundu5‚
487 455 776 535 postquam
806 454 862 507 in
883 449 1058 506 Gallia
1078 448 1134 501 in
1166 444 1292 499 loco
1309 448 1612 521 quiLuxoa

45 552 126 605 ius
142 545 333 602 dicitur
350 582 368 609 ‚
397 537 783 598 monasterium
804 528 1167 600 construxerat
1185 565 1203 590 ,
1222 530 1277 581 in
1298 528 1495 582 Italiam
1516 547 1611 584 ve-

54 634 164 689 iens
182 666 198 692 ,
220 621 758 703 &Langobardorum
780 634 901 693 rege
932 626 1203 691 gratanter
1228 626 1485 684 exceptus
1516 605 1614 676 est,

39 708 437 784 oenobiumque
457 702 611 783 quod
647 693 1252 772 Bobiumappellatur,
1285 693 1341 744 in
1375 687 1612 766 Alpibus

61 793 210 849 ottiis
224 787 506 863 aedificavit
532 827 548 852 ‚
579 781 730 863 quod
751 777 1100 858 quadraginta
1122 770 1361 830 millibus
1389 768 1453 826 ab
1474 770 1610 826 urbe

17 904 28 925 ·
45 874 263 933 ividitur
281 865 574 927 Ticinenfi.
620 865 758 930 Quo
778 866 832 917 in
852 861 975 930 loco
998 865 1050 914 &
1071 857 1249 912 multae
1265 848 1612 932 pofl'effiones

9 984 21 1005 ⁴·
48 955 263 1036 singulis
285 949 612 1032 principibus
632 944 734 1002 sive
763 939 1134 1020 Langobardis
1150 939 1352 1016 largitae
1368 934 1490 994 sunt
1507 975 1524 1004 ,
1554 939 1612 993 &

9 1073 11 1083 ι
67 1059 203 1119 agna
216 1034 292 1094 ibi
306 1033 444 1092 faista
462 1027 537 1108 esst
556 1028 911 1109 congregatio
931 1018 1350 1082 monachorum.

433 1209 494 1274 C
565 1232 613 1273 A
682 1229 737 1270 P.
854 1198 1154 1268 XLIV⁹

18 1426 25 1443 »,
84 1393 158 1442 De
172 1393 333 1440 morte
353 1378 562 1436 Arioaldi
581 1378 642 1440 ὠ)
666 1378 806 1451 regn'o
825 1373 1042 1429 Rothari.
1066 1377 1128 1434 θ’
1144 1369 1260 1445 quia
1277 1365 1378 1425 dux
1388 1364 1552 1423 'Archia

300 1460 617 1538 filiumfitum
637 1472 668 1515 A
661 1460 831 1539 jonem
851 1458 916 1514 ad
925 1474 1084 1532 regem
1104 1452 1302 1509 direxit.

94 1630 264 1687 Gitur
283 1625 572 1692 Arioaldus
587 1618 873 1702 postquam
891 1617 1044 1698 super
1057 1610 1452 1694 Langobardos
1469 1601 1615 1665 duo-3

94 1710 270 1770 decim
292 1713 442 1766 annis
461 1726 692 1785 regnum
728 1706 901 1760 venuit
919 1742 941 1770 ,
966 1700 1033 1756 ab
1060 1698 1157 1755 hac
1177 1701 1294 1753 luce
1311 1690 1616 1751 subtrafius

23 1793 99 1852 st.
142 1790 629 1872 Langobardorum
664 1806 894 1865 regnum
924 1781 1151 1842 Rothari
1168 1796 1365 1859 genere
1391 1769 1618 1832 Arodus

10 1874 251 1954 uscepit.
281 1875 416 1935 Fuit
433 1889 617 1930 autem
642 1867 839 1926 viribus
872 1862 1025 1922 fortis
1045 1904 1062 1931 ,
1095 1870 1147 1921 &
1179 1859 1390 1937 justitiae
1427 1855 1618 1912 tramio

32 1980 123 2015 em
154 1955 415 2036 seque-m,
448 1952 536 2010 sed
571 1970 753 2009 tamen
789 1949 915 2005 fidei
949 1944 1261 2003 Christianae
1278 1959 1393 1998 non
1412 1938 1632 1994 recinam.

11 2043 208 2099 ineam
238 2057 463 2116 tenens-2
501 2038 737 2097 Arrianae
768 2028 1038 2105 qhaereseos
1070 2023 1291 2107 perfidia
1321 2020 1620 2078 maculatus
1681 2065 1691 2073 .

45 2122 108 2181 st.
155 2120 435 2199 Siquidem
471 2118 688 2173 Arriani
735 2118 1003 2170 minorem
1041 2128 1186 2188 patre
1222 2103 1399 2162 filium
1422 2143 1439 2168 ‚
1471 2099 1619 2178 spiri-⁴

11 2225 130 2263 um
149 2222 374 2282 quoque
404 2198 643 2256 satfflcum
682 2199 950 2253 minorem
986 2211 1132 2270 patre
1162 2196 1216 2246 δὲ
1247 2186 1361 2245 filio
1384 2184 1450 2242 ad
1467 2180 1617 2239 svam

12 2287 306 2359 perniciem
342 2283 545 2340 dicunt.
575 2281 698 2335 Nos
731 2294 914 2334 autem
951 2273 1224 2332 Catholici
1248 2288 1454 2349 patrem
1476 2273 1528 2323 &
1547 2261 1620 2321 fi-

12 2372 148 2427 tium
181 2373 236 2425 &
272 2362 514 2444 spiritum
547 2361 821 2424 sancium,
870 2362 926 2415 in
960 2356 1133 2414 tribus
1162 2351 1403 2430 personis
1438 2365 1615 2406 unum

16 2456 73 2509 &
116 2458 306 2509 verum
345 2448 535 2503 Deum
564 2488 577 2507 ,
630 2444 816 2522 aequ'ali
859 2442 1105 2519 potentia
1147 2435 1446 2512 eademque
1493 2430 1620 2507 glo-

18 2535 97 2592 ria
128 2529 476 2589 confitemur.
524 2527 712 2601 Hujus
756 2521 1099 2600 temporibus
1131 2539 1266 2599 pene
1301 2535 1393 2595 per
1422 2530 1621 2568 omncs

19 2617 260 2674 civitates
293 2616 447 2690 regni
475 2614 589 2685 ejus
608 2610 720 2665 duo
752 2604 1003 2685 Episcopi
1022 2619 1170 2661 erant
1189 2641 1206 2663 ‚
1245 2617 1386 2656 unus
1413 2591 1624 2650 Catho-

20 2696 154 2754 licus
175 2735 192 2761 ‚
225 2701 279 2753 &
310 2698 440 2752 alter
459 2693 736 2750 Arrianus.
781 2694 839 2745 In
859 2690 1071 2748 civitate
1101 2701 1324 2764 quoque
1354 2680 1625 2735 Ticinen-

10 2775 61 2836 fi
96 2776 261 2858 usque
296 2796 442 2833 nunc
489 2771 824 2836 ostenditur,
875 2769 970 2826 ubi
998 2771 1258 2825 Arrianus
1286 2758 1584 2840 Episcopus
1605 2795 1624 2822 ,

21 2860 165 2940 apud
195 2856 461 2916 basilicam
496 2855 675 2911 Sancti
703 2850 919 2910 Eusebii
950 2849 1182 2908 residens
1201 2889 1216 2914 ‚
1249 2842 1620 2923 baptisterium

23 2939 214 3001 habuit
230 2981 249 3009 ,
280 2961 405 2997 cum
425 2957 609 2995 tamen
628 2933 851 2993 ecclefiae
870 2932 1141 2992 catholicae
1161 2930 1294 2986 alius
1325 2921 1624 3003 Episcopus

23 3020 340 3103 praefideret.
385 3023 507 3101 Q
538 3037 720 3077 tamen
764 3020 1027 3075 Arrianus
1074 3009 1403 3093 Episcopus,
1445 3004 1626 3079 quim

825 3097 993 3157 Hhh
1042 3116 1065 3174 3
1368 3123 1373 3126 .
1442 3082 1630 3140 eadem
