1888 3428
228 133 349 190 685
719 133 1371 189 IORNANDES:

226 213 371 271 dere.
418 213 515 270 Sic
548 209 859 292 frequenter
874 208 1045 291 regna*
1056 229 1241 291 gravat
1256 214 1373 290 plus
1393 213 1546 292 copia
1566 234 1730 294 quam
1750 215 1840 274 in-a'

157 318 161 322 ·
224 299 352 375 opia
370 292 746 354 succefform.
790 296 932 353 Nam
955 291 1050 350 filii
1067 295 1254 351 Attilae
1274 334 1291 361 ‚
1313 315 1552 373 quorum
1568 318 1660 374 per
1676 300 1837 355 licen--²

223 381 358 435 tiam
378 377 612 437 libidinis
633 399 766 457 pene
786 378 1020 455 populus
1039 373 1145 432 fuit
1164 417 1182 444 ‚
1210 395 1409 455 gentes
1442 377 1537 435 fibi
1573 378 1739 438 dividi
1759 400 1835 444 ae-

225 482 332 539 qua
351 459 488 518 sorte
504 460 791 540 poscebant
809 499 825 520 ‚
859 477 916 515 ut
939 459 1004 516 ad
1020 455 1189 514 instar
1204 457 1419 518 familiae
1440 459 1673 518 bellicosi
1690 465 1833 542 regis

223 564 350 600 cum
371 547 585 623 populis
604 545 946 600 mitterentur
963 544 1017 597 in
1035 538 1255 615 sortem.
1301 542 1477 609 Quod
1496 542 1628 600 duin
1647 544 1828 622 Gepia

222 625 411 683 darum
433 647 520 685 rex
552 625 817 703 comperit
851 623 1139 681 Ardaricus
1158 664 1176 691 ,
1212 623 1278 681 de
1298 641 1383 681 tot
1397 623 1656 704 gentibus
1686 625 1832 684 indi-

219 726 418 788 gnatus
438 749 453 770 ,
488 711 635 766 velut
668 705 1045 765 vilissimorum
1065 709 1482 785 mancipiorum
1509 707 1830 765 conditione

219 792 467 859 afflari,
501 809 684 847 contra
702 787 844 846 filios
863 792 1046 847 Attilae
1069 795 1270 868 primus
1303 789 1555 869 insurgit,
1589 792 1832 848 illatum-

220 895 328 951 que
347 872 609 930 serviendi
630 873 894 951 pudorem
914 872 1136 951 sequuta
1168 869 1417 929 felicitate
1448 870 1697 929 detersit:
1729 887 1828 929 nec

219 954 392 1014 solum
410 955 555 1014 suam
574 974 829 1034 gentem,
859 952 947 1012 sed
968 961 1022 1011 &
1049 972 1260 1012 caeteras
1286 995 1302 1021 ‚
1339 973 1456 1034 quae
1489 952 1682 1033 pariter
1700 975 1826 1032 pre-

218 1039 510 1097 mebantur
530 1079 545 1100 ‚
578 1038 665 1095 sua
683 1034 991 1094 disceffione
1013 1036 1234 1094 absolvit
1256 1059 1269 1092 z
1314 1040 1437 1116 quia
1456 1032 1609 1093 facile
1630 1057 1824 1093 omnes

217 1138 485 1200 appetunt
516 1139 634 1198 quae
667 1140 764 1197 pro
801 1120 1125 1196 cuncff'torum
1164 1120 1388 1175 utilitate
1418 1136 1714 1175 tentantur.
1760 1124 1822 1175 In

217 1223 477 1260 mutuum
518 1206 683 1281 igitur
707 1219 982 1258 armantur
1016 1202 1239 1256 exitium
1264 1240 1280 1267 ‚
1315 1200 1640 1278 bellumque·
1664 1221 1823 1256 com-

217 1286 459 1341 mittitur
476 1287 531 1340 in
551 1286 828 1341 Pannonia
847 1324 863 1350 ,
890 1289 1042 1358 juxta
1059 1280 1266 1339 flumen
1285 1285 1370 1339 cui
1393 1303 1598 1339 nomen
1618 1281 1692 1338 est
1712 1284 1824 1340 Ne-

215 1366 326 1425 tad.
374 1369 484 1424 Illic
503 1364 791 1426 concursus
806 1364 979 1423 fatftus
997 1365 1072 1423 est
1088 1368 1333 1447 gentium
1355 1367 1618 1444 variarum
1637 1404 1654 1431 ‚
1690 1384 1822 1444 qugs

214 1452 390 1508 Atti-la
413 1452 469 1506 in
499 1448 586 1507 sua
608 1469 850 1507 tenu-erat
870 1448 1096 1507 ditione.
1139 1447 1483 1505 Dividuntur
1510 1467 1674 1528 regna
1691 1467 1819 1505 cum
1856 1509 1858 1512 Α

215 1535 465 1612 populiS,
505 1531 757 1614 fiuntque
791 1554 855 1590 ex
891 1553 1003 1589 uno
1043 1550 1272 1610 corpore
1308 1529 1553 1587 membra
1585 1527 1813 1595 div-ersa,

214 1635 318 1672 nec
336 1635 454 1695 quae
477 1619 637 1673 unius
655 1612 879 1696 paffioni
898 1611 1338 1694 compaterentur
1354 1653 1369 1679 ‚
1405 1614 1626 1692 sedquae
1642 1612 1818 1672 exciso
1841 1672 1852 1675 η

216 1702 390 1776 capit-e
421 1702 656 1756 invicem
693 1697 982 1756 insanirent
1016 1720 1032 1764 3
1071 1717 1189 1775 quae
1227 1717 1507 1775 uunquam
1544 1711 1735 1752 contra
1768 1693 1819 1752 se

214 1780 703 1859 pares‘invencrant
728 1822 741 1842 ,
784 1780 878 1837 nifi
911 1780 1003 1858 ipfi
1046 1782 1250 1835 mutuis
1284 1778 1332 1835 se
1368 1776 1680 1836 vulneribus
1699 1774 1820 1834 sau-

215 1865 416 1920 ciautes
434 1904 448 1928 ,
470 1861 672 1943 seipsas
689 1861 1044 1942 discerperent
1061 1858 1350 1919 fortiffimae
1372 1864 1643 1922 nationes.v
1673 1861 1820 1916 Nam

213 1942 291 2000 ibi
329 1945 704 2002 admirandum
740 1965 861 2000 rcor
889 1941 1456 2020 fuissespcffltaculum‚r
1492 1940 1820 2001 ubi'cernere

214 2044 326 2082 erat
344 2028 550 2082 cunctis
571 2068 586 2092 ‚
611 2023 1222 2103 pugnantemGot'num
1247 2021 1363 2079 ense
1383 2021 1678 2090 furentem,
1698 2023 1820 2079 Ge-

213 2108 397 2186 pidam
416 2109 471 2164 in
492 2110 709 2164 vulnere
728 2104 949 2162 suorufn
972 2107 1163 2162 cunffla
1182 2106 1285 2161 tela
1304 2103 1668 2185 frangentem,
1687 2107 1823 2161 Sue-

212 2211 345 2251 vum
366 2188 522 2268 pede,
543 2191 818 2259 Hunnum
841 2184 1358 2268 sagittaprgrsumere
1378 2228 1394 2255 ,
1428 2190 1668 2263 Alanum
1694 2207 1820 2267 gra—

212 2275 301 2340 vi,
335 2274 606 2349 Herulum
629 2273 731 2328 levi
748 2289 1015 2332 ,armatura
1031 2268 1493 2331 acieminstruer-e.
1537 2268 1823 2326 Postmul-

212 2373 302 2412 tos
323 2376 453 2434 ergo
478 2351 775 2434 ⁴gravesque
810 2349 1097 2429 conflictus
1130 2349 1264 2408 favit
1282 2351 1513 2430 Gepidis
1539 2353 1820 2430 inopinata

212 2438 464 2496 vifflzoria.
511 2438 658 2496 Natu
696 2438 920 2517 triginta
952 2431 1062 2491 fere
1097 2435 1259 2491 millia
1294 2436 1774 2510 tam-Hunnorum
1796 2473 1813 2499 ‚

209 2540 375 2598 quarn
403 2520 625 2577 aliarum
659 2521 907 2600 gentium
929 2557 944 2578 ‚
995 2539 1111 2597 quae
1145 2517 1368 2574 I-lunnis
1407 2513 1649 2579 ferebant
1666 2518 1817 2593 auxi-

176 2668 178 2670 ,
207 2603 343 2660 lium
364 2644 382 2671 ‚
416 2603 660 2661 Ardarici
684 2600 893 2681 gladius
911 2599 1448 2678 conspiratorumque
1463 2600 1709 2676 peremit.
1752 2602 1814 2654 In

207 2706 326 2764 quo
347 2687 526 2766 praelio
545 2683 685 2742 filius
699 2683 880 2739 Attilae
899 2680 1074 2757 major
1091 2680 1223 2739 natu
1242 2722 1259 2749 ‚
1294 2684 1519 2738 nomine
1535 2680 1813 2747 Eli-'acmo-

207 2767 437 2826 cidit-‚urt
470 2788 635 2848 quem
665 2782 877 2822 tantum
899 2784 1044 2844 pater
1071 2764 1229 2844 super
1248 2781 1468 2822 caeteros
1487 2759 1673 2820 amasse
1695 2781 1811 2839 per-

204 2848 518 2918 hibebatur,
535 2867 594 2907 ut
608 2870 734 2907 eum
753 2847 959 2906 cunctis
977 2846 1291 2926 diversisque
1309 2844 1428 2904 filiis
1446 2844 1548 2910 suis
1565 2846 1621 2901 in
1636 2846 1809 2925 regno

209 2930 509 3014 praeferret:
531 2931 620 2995 sed
637 2953 753 2991 non
767 2928 874 2991 fuit
893 2949 1027 2993 voto
1045 2926 1442 3012 patrisfortuna
1454 2926 1810 2988 consentiens.

1666 3010 1813 3091 Nan}
