1888 3428
275 193 355 251 '20'
601 190 999 248 PRocoPu
1040 179 1595 245 CAESAREENsrs
1771 251 1785 254 β
1882 157 1888 246 {3

269 271 476 330 bebant
497 269 664 328 initia.
706 272 787 327 At
813 265 1086 324 Basiliscus
1118 264 1275 319 omni
1299 281 1425 318 cum
1459 257 1605 318 claffe
1642 256 1709 316 ad
1733 252 1888 367 oppia]

269 356 406 413 dum
441 354 661 434 appulit.
685 349 1016 429 Carthagine
1054 344 1288 404 diffitum
1324 341 1486 400 stadia
1502 343 1800 399 ducenta&
1821 363 1888 424 ⁰‘t‘

270 437 553 519 &oginta,
588 437 674 492 cui
701 433 960 490 Mercurii
981 449 1188 487 nomen
1208 425 1236 483 a
1273 443 1451 482 vetere
1476 429 1589 499 ejufi
1613 423 1724 478 Dei
1753 427 1888 505 term}

270 520 366 599 plo
388 541 404 595 ;
462 522 547 575 Ac
570 520 625 575 ni
644 514 907 574 destinato
927 533 1139 569 moram
1169 504 1401 565 traxiffet
1421 547 1439 574 ‚
1473 504 1560 564 sed
1581 506 1725 562 recta
1742 501 1886 581 petis-l

273 598 349 659 set
374 599 763 678 Carthaginem
786 638 802 665 ,
832 611 1046 674 poterat
1065 613 1181 649 eam
1201 596 1412 669 impetu
1432 608 1616 667 capere
1633 626 1650 654 ,
1683 583 1886 668 Vanda}

273 681 441 763 lisque
459 686 514 741 vi
538 682 690 738 omni
710 682 883 737 exutis
904 678 1217 733 servitutem
1236 677 1535 752 imponere.
1558 669 1743 725 Tanta
1759 671 1888 744 Leo}

276 770 362 824 nis
379 783 442 822 ut
473 765 661 823 invicti
694 762 1039 837 Imperatoris
1073 754 1315 813 formido
1350 748 1705 810 Gizerichum
1743 749 1887 829 cepe-³1

275 839 356 905 rat
376 888 392 914 ‚
415 845 701 926 postquam
724 885 741 911 ,
761 840 914 919 super
932 840 1178 917 Tripolis
1199 837 1556 914 Sardiniaeque
1577 852 1738 912 captae
1759 823 1887 912 nun}

275 933 418 996 tiOS,
457 926 622 986 classis
651 923 911 1001 Basilisci,
947 939 1149 999 quanta
1168 922 1271 977 ulla
1306 913 1695 976 Romanorum
1714 911 1888 972 fuerat?

276 1013 541 1089 apparuit.
583 1005 926 1066 occasionem
961 1004 1234 1062 faventem
1266 1000 1401 1059 adeo
1440 998 1746 1057 cunc'tando
1769 996 1888 1071 elabf

281 1091 382 1150 fibi
402 1092 508 1150 dux
542 1093 628 1150 ille
649 1087 821 1170 passus
852 1087 926 1145 est
947 1127 964 1154 ‚
1011 1085 1117 1144 five
1151 1107 1213 1142 ea
1244 1084 1494 1164 ignavia,
1526 1080 1632 1138 five
1666 1075 1887 1161 proditi(1

278 1175 526 1235 vocanda
546 1172 643 1230 est.
686 1170 914 1230 Basilisci
934 1170 1148 1247 culpam
1169 1174 1224 1224 in
1244 1165 1392 1224 suam
1425 1185 1538 1221 rem
1569 1170 1774 1219 vertere
1790 1181 1888 1240 norff

281 1255 466 1313 omisit
500 1254 847 1312 Gizerichus.
881 1269 1022 1330 quot
1052 1267 1266 1327 poterat
1294 1247 1391 1303 fibi
1422 1247 1726 1323 parentium
1746 1247 1803 1300 in
1823 1263 1886 1300 ar:

280 1360 372 1396 ma
388 1337 602 1394 trahens
626 1372 644 1401 9
691 1355 850 1393 naves
869 1329 1241 1409 iisimplebat3
1276 1327 1429 1385 fimul
1448 1334 1501 1384 δε
1522 1327 1646 1383 alias
1667 1330 1888 1383 virorun:

283 1423 472 1477 inanes
507 1417 595 1476 sed
633 1416 696 1473 ad
734 1418 1051 1496 navigatum
1096 1411 1393 1469 celerrimas
1438 1427 1641 1488 paratas
1682 1406 1878 1464 habens

284 1503 441 1559 Tum
475 1496 778 1557 Basiliscum
804 1519 898 1577 per
915 1499 1120 1575 legatos
1138 1513 1256 1551 orat
1273 1535 1290 1560 ,
1322 1495 1378 1550 in
1400 1495 1642 1570 quinque
1661 1489 1775 1547 dies
1794 1489 1887 1568 belg

283 1587 356 1643 lo*
381 1582 773 1646 abstineretur,
819 1598 880 1636 ut
909 1598 1127 1654 ternpus
1157 1576 1253 1632 fibi
1285 1574 1408 1631 esset
1445 1593 1676 1630 vacuum
1699 1569 1888 1639 consul}

285 1665 454 1728 tandi,
477 1661 767 1742 quomodo
789 1663 998 1738 optime
1017 1659 1338 1736 Imperatori
1359 1657 1750 1712 conciliaretur.
1772 1655 1887 1710 Sun»

286 1749 385 1826 qui
422 1753 476 1803 &
496 1785 512 1810 ,
552 1745 687 1801 clam
720 1745 1012 1800 exercitum
1037 1780 1051 1800 ,
1089 1741 1329 1818 pecuniis
1359 1736 1602 1794 Basilisco
1627 1736 1762 1792 datis
1792 1755 1886 1811 em

289 1848 407 1908 pras
445 1826 685 1884 inducias
718 1824 922 1881 dicunt.
984 1823 1117 1879 Haec
1153 1840 1332 1878 autem
1368 1818 1603 1897 agitabat
1638 1816 1885 1875 Vandalu'

289 1909 503 1987 sperans
532 1911 669 1965 intra
708 1906 762 1963 id
783 1921 1000 1982 tempus
1021 1946 1036 1971 ,
1071 1903 1223 1983 quod
1247 1908 1301 1959 ὃς
1329 1900 1507 1958 evenit
1528 1940 1546 1969 ,
1587 1917 1781 1959 ventos
1815 1896 1885 1958 sib.

289 1991 530 2050 faventes
549 1989 691 2048 fore.
744 1986 1015 2045 Basiliscus
1035 2006 1163 2042 vero
1183 1983 1289 2042 five
1313 1982 1496 2063 Aspari
1533 1981 1582 2039 se
1606 1981 1738 2039 dans
1757 2023 1771 2048 ,
1805 1980 1886 2054 fivss

290 2076 472 2154 pretio
501 2088 786 2149 corruptus
805 2111 820 2138 ‚
860 2067 948 2126 seu
969 2068 1119 2148 quod
1136 2071 1207 2124 ita
1226 2089 1289 2124 ex
1312 2066 1408 2122 usu
1429 2063 1748 2123 existimaret
1763 2104 1781 2132 ,
1816 2084 1884 2142 pe*

294 2159 413 2213 titis
456 2152 792 2234 acquiescens
823 2193 841 2220 ,
893 2153 1252 2230 inutilemque
1287 2148 1532 2204 detinens
1581 2143 1888 2204 exercitum?-

294 2256 542 2315 tempora
560 2235 700 2292 hosti
719 2234 1013 2292 commoda
1032 2229 1428 2312 opperiebatur.
1467 2231 1635 2287 Simul
1657 2247 1715 2286 ut
1733 2225 1884 2302 secun¹

297 2320 353 2377 di
375 2323 521 2375 venti
541 2316 736 2375 flavere
754 2360 769 2382 ,
804 2314 1067 2381 Vandali,
1106 2312 1272 2393 quiid
1292 2333 1466 2369 unum
1483 2306 1886 2390 expeciaverant}

299 2401 548 2458 attollere
570 2403 682 2457 vela
701 2439 718 2461 ‚
755 2419 919 2456 naves
937 2396 1199 2453 deducere
1221 2418 1235 2452 ε
1281 2415 1509 2474 quaeque
1528 2414 1709 2452 earum
1729 2385 1884 2463 homi}

297 2504 434 2541 num
451 2503 627 2539 vacuae
644 2497 822 2544 erant,
840 2482 895 2535 in
910 2476 1121 2536 hostem
1143 2476 1379 2535 trahere:
1422 2496 1583 2556 atque
1604 2475 1697 2533 ubi
1719 2487 1888 2553 approff·

296 2569 692 2644 pinquaverant
711 2604 730 2631 ‚
778 2561 978 2638 injecio
997 2564 1123 2640 igne
1143 2602 1160 2629 ‚
1192 2560 1366 2639 plenis
1386 2561 1516 2616 velis
1549 2560 1837 2615 immittere
1850 2551 1885 2625 i15'

297 2648 555 2704 Romana
596 2644 790 2702 castra:
829 2643 924 2700 ubi
959 2642 1258 2700 multitudo
1289 2645 1509 2698 navium
1539 2642 1732 2720 ingens
1761 2628 1888 2731 facil}

297 2732 503 2807 accepit
528 2725 806 2784 flammam
826 2767 843 2793 ‚
887 2728 1054 2782 multa
1089 2730 1143 2782 δέ
1178 2723 1468 2780 hominum
1495 2764 1512 2790 ,
1551 2744 1693 2802 quos
1711 2742 1770 2779 ea
1785 2720 1882 2798 atti}

298 2830 482 2891 gerat,
520 2811 768 2889 pernitie.
815 2804 1095 2864 Graflante
1116 2826 1242 2863 eum
1275 2810 1331 2862 in
1365 2805 1594 2862 modum
1615 2808 1775 2885 igne,
1820 2804 1882 2871 ing

299 2908 433 2972 gens
453 2934 471 2960 ,
506 2910 568 2948 ut
597 2889 712 2948 fieri
730 2889 863 2948 solet
881 2930 899 2956 ‚
930 2891 986 2945 in
1006 2891 1260 2946 Romana
1291 2885 1437 2945 classe
1467 2887 1754 2966 trepidatio
1772 2880 1882 2974 fuiti

299 2979 495 3055 ingens
514 2974 717 3033 clamor
733 3014 752 3046 2
782 2989 949 3035 vento
970 2968 1308 3052 flammaeque
1325 2971 1633 3051 crepitantis
1650 2961 1886 3047 sonoobrl

950 3083 954 3085 ·
1654 3050 1881 3127 strepens?
