1888 3428
237 194 350 253 370
552 176 951 230 PRocoPn
1007 155 1554 227 CffisAREens‘rs

229 258 359 314 aQae
393 256 468 312 rei
500 254 759 312 indicium
778 294 794 319 ,
832 251 928 310 nisi
945 251 1098 332 quod
1116 247 1305 330 fugere
1324 241 1713 329 perseverantes
1728 250 1848 312 for·
1871 290 1873 293 -

227 337 505 396 midinem-
518 336 663 394 suam
683 333 1035 400 testabantur,
1055 330 1349 390 conscensis
1365 337 1421 390 &
1439 330 1535 411 ipsi
1555 336 1706 413 equis
1722 374 1739 402 ,
1759 333 1850 393 fu-

225 439 310 500 gae
327 418 377 492 se
396 419 523 482 dant
536 418 710 476 socios
730 459 745 480 ‚
781 424 836 475 &
871 416 937 475 acl
968 417 1213 473 Totilarn
1246 415 1485 494 pervasti
1518 415 1851 474 immensum

223 500 394 560 adeffe
413 504 664 559 nuntiant
683 498 920 557 hostium
941 517 1229 556 numerum
1250 537 1266 564 ‚
1302 514 1365 554 ut
1387 501 1601 576 pavoris
1620 497 1862 556 dedecus⁴

224 583 332 641 hoc
355 584 528 642 modo
546 581 797 641 sanarent.
842 581 1193 660 Septuaginta
1209 577 1379 636 ferme
1396 581 1635 638 Romani
1655 580 1856 637 milites

227 687 291 723 ex
312 668 376 723 iis
400 669 495 746 qui
516 667 722 744 pridem
742 664 806 721 ad
822 662 1070 721 Gotthos
1088 659 1432 742 perfugerant
1448 702 1466 728 ‚
1490 664 1655 741 inque
1677 661 1854 718 Cam-

225 752 385 827 pania
402 748 468 806 ab
488 749 671 827 aliquo
691 766 939 824 tempore
965 743 1314 802 morabantur
1334 783 1351 810 ‚
1384 742 1612 800 Iohanni
1630 742 1679 800 se
1701 744 1853 801 addi-

140 890 149 899 ,
225 830 371 888 dere.
416 833 580 890 Viros
613 827 885 887 senatoriae
923 827 1201 908 dignitatis
1237 846 1438 906 paucos
1464 824 1546 910 ¹ibi
1586 825 1851 882 Iohannes

226 916 462 992 repperit
481 954 497 980 ‚
519 914 766 970 mulieres
783 930 935 989 paene
950 930 1165 966 omnes.
1183 929 1310 966 nam
1332 928 1457 965 curn
1479 925 1627 986 capta
1646 908 1717 966 est
1735 909 1855 965 Ro-

226 1014 318 1051 ma
336 1035 353 1061 ,
385 997 485 1054 viri
512 996 747 1072 plerique
776 991 919 1073 fugae
941 995 1180 1049 militum'
1205 993 1458 1070 permixti
1475 995 1672 1047 Portus
1690 995 1854 1069 oppi-

226 1075 360 1134 dum
399 1077 747 1135 devenerant.
764 1072 1011 1150 „feminae
1047 1090 1209 1150 captae
1244 1069 1395 1129 fuere
1431 1092 1640 1129 omnes.
1719 1074 1856 1130 Cle-

230 1163 507 1215 meminus
533 1160 837 1236 patriciatus
868 1155 1139 1212 honorem
1179 1155 1460 1233 quondam
1495 1155 1715 1233 adeptus
1736 1196 1753 1222 ,
1796 1158 1854 1212 in
1884 1190 1886 1192 v

227 1244 593 1318 propinquam
614 1239 782 1295 aedem
803 1235 995 1293 sacram
1015 1233 1300 1316 perfugere
1319 1237 1528 1304 maluit,
1548 1257 1712 1315 quam
1730 1238 1853 1294 Ro-

228 1343 453 1378 manum
494 1341 690 1402 agmen
727 1321 1013 1384 comitari,
1042 1318 1197 1397 quod
1230 1318 1470 1376 vicinum
1499 1319 1733 1397 Neapoli
1763 1339 1855 1376 ca·-

226 1403 440 1461 stellum
458 1404 664 1462 Totilae
690 1408 742 1460 δι
764 1400 993 1460 Gotthis
1011 1396 1290 1459 dedidisset
1311 1440 1329 1467 ‚
1369 1405 1425 1458 &
1445 1397 1522 1457 ob
1540 1399 1595 1458 id
1614 1406 1854 1481 Impera-

226 1488 365 1542 toris
394 1490 527 1544 iram
547 1487 925 1542 commeritam
946 1499 1231 1541 metueret.
1278 1480 1502 1541 Orestes
1522 1523 1540 1551 ,
1571 1482 1850 1554 consulatu

227 1568 424 1626 Romae
442 1566 664 1626 fun6tus
684 1584 807 1624 ante·
826 1565 925 1623 hac
946 1608 964 1635 ,
996 1569 1201 1623 nonita
1226 1565 1460 1623 multum
1480 1565 1662 1623 aberat
1681 1565 1748 1624 ab
1765 1572 1855 1624 Io-

228 1649 408 1708 hanne
426 1690 443 1718 ,
479 1648 567 1707 sed
587 1652 740 1728 equis
760 1668 940 1705 carens
958 1651 1163 1706 invitus
1186 1645 1452 1705 remansit.
1497 1646 1864 1730 quoscunque*

228 1750 414 1790 autem
436 1730 464 1788 ὲ
483 1731 665 1789 senatu
691 1729 914 1787 nancisci
938 1730 1205 1787 Iohannes
1226 1733 1441 1808 potuit,
1484 1751 1576 1786 eos
1609 1751 1733 1788 cum
1770 1729 1852 1789 se-

231 1816 520 1896 ptuaginta
552 1811 769 1871 reversis
797 1811 1135 1890 postliminio
1171 1812 1438 1869 militibus
1466 1810 1573 1869 fine
1606 1833 1761 1869 mora
1792 1816 1851 1869 in

234 1897 470 1953 Siciliam
493 1894 653 1952 misit.
696 1897 908 1951 Totilas
919 1891 1002 1951 his
1021 1893 1232 1955 auditis,
1253 1895 1487 1951 multum
1503 1895 1853 1960 indoluit‚ul-

233 1974 570 2057 ciscendique
617 1976 869 2033 Iohannis
919 1975 1144 2055 cupidus
1181 1996 1305 2033 cum
1348 1980 1550 2050 majore
1586 1981 1852 2035 exercitus

234 2078 383 2140 parte
403 2063 460 2116 in
481 2080 608 2116 eum
627 2059 757 2123 ibat,
778 2076 922 2138 parte
943 2057 1170 2136 quadam
1192 2058 1255 2115 ad
1272 2059 1398 2125 loci,
1420 2055 1512 2114 ubi
1529 2057 1740 2139 agebat,
1757 2078 1851 2116 tu-

236 2143 396 2199 telam
417 2143 613 2198 relieta.
652 2141 917 2197 Iohannes
936 2180 951 2202 ,
984 2162 1108 2196 cum
1140 2140 1284 2197 mille
1307 2142 1371 2196 iis
1396 2161 1538 2218 quos
1558 2142 1734 2217 secum
1754 2139 1853 2198 ha-

235 2222 400 2280 bebat
421 2264 437 2291 ‚
458 2222 631 2281 castris
647 2221 910 2279 subitariis
935 2225 990 2279 in
1006 2225 1240 2279 Lucania
1257 2220 1562 2280 consederat
1583 2263 1601 2291 ,
1626 2222 1851 2280 dimissis

233 2323 361 2363 ante
381 2305 847 2384 exploratoribus,
885 2307 977 2383 qui
998 2310 1105 2361 vias
1123 2326 1317 2361 omnes
1348 2303 1738 2372 scrutarentur,
1782 2326 1853 2363 ne

237 2410 343 2466 qua
364 2390 442 2444 vis
470 2386 674 2445 hostilis
692 2384 860 2443 subita
876 2390 1115 2443 irrueret.
1162 2386 1325 2466 idque
1346 2383 1521 2463 ipsum
1541 2389 1860 2463 conjetffiians⁴

237 2472 454 2526 Totilas
473 2511 491 2538 ,
521 2490 633 2525 non
663 2466 781 2525 fore
813 2486 872 2531 ut
894 2467 1068 2525 castris
1098 2466 1147 2525 se
1166 2487 1374 2525 teneret
1390 2468 1656 2525 Iohannes
1672 2470 1774 2526 illis
1790 2472 1852 2527 in

194 2557 200 2565 ‘
235 2552 371 2612 locis
391 2594 408 2619 ‚
443 2550 537 2608 nisi
555 2550 945 2629 speculatorum
966 2549 1085 2608 usus
1101 2570 1263 2630 opera
1283 2592 1299 2618 ‚
1322 2552 1536 2607 viarum
1571 2549 1870 2608 consuetas.

239 2637 504 2690 omittens
525 2674 542 2700 ‚
576 2654 668 2711 per
686 2651 903 2689 montes
919 2673 936 2699 ,
958 2636 1051 2712 qui
1071 2635 1226 2690 multi
1243 2631 1495 2689 sublimes
1511 2634 1585 2690 ibi
1605 2633 1851 2711 abrupti-

242 2736 348 2794 que
366 2719 608 2772 eminent
635 2756 650 2779 ‚
670 2718 738 2776 *in
756 2713 965 2772 hostem
985 2715 1184 2772 incedit
1202 2756 1219 2782 ‚
1251 2719 1466 2772 nemine
1484 2716 1538 2772 id
1557 2713 1850 2795 suspicante

242 2797 395 2876 quod
411 2800 553 2853 invia
569 2800 651 2855 illa
664 2802 794 2877 juga
812 2798 1165 2855 crederentur.
1192 2801 1271 2854 At
1294 2801 1388 2876 qui
1408 2796 1473 2854 ab
1491 2796 1730 2855 Iohanne
1754 2819 1851 2855 ex·-

242 2880 513 2956 ploratum
533 2878 671 2936 missi
691 2897 859 2947 erant,
879 2900 992 2936 non
1010 2877 1359 2959 longeabeffe
1377 2878 1626 2938 hosti-lem
1645 2883 1851 2937 exerci-

243 2975 362 3021 tum
398 2960 555 3043 signis
587 2960 908 3043 quibusdam
942 2963 1254 3044 colligentes
1287 3006 1302 3030 ,
1332 2982 1482 3024 non.
1501 2980 1693 3024 tamen¹
1714 2962 1852 3018 'certi

1688 3062 1852 3125 quam
