1888 3428
299 172 411 230 Go
437 191 586 230 TTH
608 189 751 230 ICAE
778 168 1200 228 'HISTORIAE
1241 173 1451 228 L1r13.1.
1563 190 1676 246 199

51 252 82 312 ὲ
102 254 261 335 lignis
280 251 735 335 arundinibusque
751 271 983 332 paratam
1004 249 1272 308 habebant
1289 293 1304 318 ‚
1327 271 1383 308 ut
1400 273 1459 309 ea
1478 255 1675 328 injecta

20 378 25 380 -
53 339 111 394 in
142 335 298 395 foffas
330 341 471 395 viam
507 353 780 418 aequarent
800 355 894 413 per
928 355 1089 413 quam
1113 332 1369 389 machinae
1391 336 1670 394 vectareffi

51 436 160 477 tur.
204 421 417 478 Contra
451 418 727 478 Belisarius
754 420 919 475 muris
956 413 1213 493 imposuit
1245 413 1514 471 machinas
1533 439 1666 495 quas

49 501 260 560 balistas
282 520 478 561 vocant
509 526 523 560 ε
559 507 804 560 Arcuum
832 498 1034 556 habent
1050 496 1297 576 speciem.
1333 493 1469 554 infra
1493 519 1663 556 uncus

47 588 252 642 eminet
272 586 511 653 mobilis,
529 585 679 641 recto
695 580 840 639 ferro
863 580 1141 639 incubans.
1185 581 1292 636 His
1311 621 1327 647 ,
1359 600 1482 636 cum
1502 577 1661 638 ferire

48 664 275 725 hostem·
298 686 512 747 tempus
531 662 604 724 est
623 702 642 732 ,
671 662 902 723 funiculi
932 681 1082 722 tortu
1100 661 1313 720 brachia
1332 702 1346 728 ,
1375 681 1493 741 quae
1514 665 1662 721 velut

44 769 248 808 cornua
263 748 382 808 sunt
400 771 570 817 arcus,
591 747 937 813 contrahunt,
957 743 1386 825 impositumque
1409 765 1553 803 unco
1573 763 1660 803 te-

42 831 156 888 lum
178 872 193 893 ‚
228 834 374 890 velut
392 854 454 889 ex
474 852 596 889 arcu
622 829 888 888 fierisolet
908 872 924 898 ‚
957 829 1303 886 eiaculantur.
1344 825 1437 883 Est
1472 827 1660 886 autem
1701 841 1730 871 '⁷

41 913 212 970 telum
232 914 572 995 longitudine
593 913 813 971 dimidia
831 914 1136 993 vulgarium
1167 932 1181 966 ε
1209 910 1494 968 latitudine
1520 906 1676 989 qua-'

41 992 227 1072 drupla
262 1019 275 1053 ε
313 1000 500 1075 pinnas
528 1017 643 1053 non
662 993 825 1053 habet
846 1037 860 1057 ‚
888 994 976 1053 sed
991 1014 1184 1051 eorum
1203 991 1356 1050 usum
1378 1007 1436 1049 ac
1455 990 1658 1072 sagittae

37 1073 270 1155 figuram
301 1082 531 1160 implent
564 1080 711 1160 ligna
740 1081 923 1136 tenuia
953 1075 1208 1134 lateribus
1226 1093 1422 1155 aptata.
1464 1078 1657 1154 Spicu-

34 1159 156 1216 lum*
177 1157 420 1241 'affigitur
451 1183 713 1243 magnum
752 1167 806 1219 δε
828 1158 1151 1218 craffitudini
1169 1158 1518 1238 respondens.
1562 1163 1657 1214 Ina

33 1238 350 1307 strumentis
367 1245 432 1302 ad
454 1243 561 1300 hoc
580 1248 834 1322 utrinque
854 1241 1036 1322 positis
1054 1242 1333 1320 stringitur
1352 1282 1367 1307 ,
1396 1261 1655 1320 uncoque

32 1320 84 1380 se
102 1324 394 1383 reducente
410 1343 567 1383 tanto
584 1346 710 1384 cum
729 1329 937 1405 impetu
956 1327 1063 1382 exit
1078 1324 1248 1381 telum
1268 1341 1327 1379 ut
1343 1320 1422 1379 bis
1440 1341 1655 1380 tantum

31 1402 184 1484 spatii
202 1405 429 1466 transeat
444 1428 607 1487 quam
627 1407 779 1487 quod
799 1429 921 1465 arcu
937 1410 1129 1481 jacitur
1146 1446 1163 1472 ,
1198 1412 1250 1474 &
1272 1403 1307 1461 fi
1324 1408 1380 1461 in
1402 1406 1653 1462 arborem

33 1506 127 1546 aut
161 1491 391 1569 lapidem
429 1494 715 1571 impegerit
745 1487 898 1547 facile
934 1492 1223 1566 dirumpat.
1265 1488 1416 1544 Talis
1436 1486 1510 1543 est
1529 1507 1652 1565 quae

33 1569 63 1627 ὲ
88 1572 263 1645 jactus
297 1574 557 1631 violentia
576 1593 782 1629 nomen
804 1577 1008 1629 invenit
1029 1570 1226 1627 balista.
1272 1571 1571 1626 Aliasitem
1592 1573 1650 1627 in

31 1657 301 1710 moenium
341 1657 519 1732 pinnis
554 1653 822 1710 machinas
849 1650 1651 1731 posuerelapidibusjaciendis‚

30 1755 164 1814 quas
200 1733 385 1793 fundis
420 1757 534 1793 non
566 1734 826 1793 absimiles
852 1755 1089 1814 onagros
1126 1752 1321 1791 vocant
1355 1755 1367 1789 ι
1401 1738 1458 1790 in
1479 1737 1653 1812 portis

27 1838 136 1895 qua
153 1813 295 1875 foras
313 1816 551 1897 spefmnt
577 1815 802 1895 posuere
822 1838 962 1897 quos
983 1819 1139 1894 lupos
1158 1833 1355 1873 vocant
1377 1857 1392 1882 ,
1430 1819 1483 1871 in
1503 1815 1650 1874 hunc

25 1895 199 1957 fastos
234 1901 483 1958 modum.
530 1899 742 1957 Trabes
778 1900 910 1958 duas
942 1903 996 1956 in
1016 1919 1152 1955 terra
1171 1896 1421 1977 defigunt
1439 1919 1556 1977 qnae
1580 1898 1648 1956 ad

27 1984 214 2060 pinnas
250 1980 416 2062 usque
453 1987 786 2062 pertingant.
825 1987 1000 2062 Ligna
1025 1981 1218 2039 deinde
1238 1980 1419 2037 dolata
1440 1981 1539 2036 alia
1557 1977 1646 2036 su-

24 2084 336 2143 perponunt
352 2060 487 2132 aliis,
505 2069 700 2144 partim
716 2066 879 2133 recta,
896 2067 1089 2144 partim
1108 2059 1391 2121 transversa
1414 2104 1429 2130 ‚
1455 2065 1528 2119 ita
1547 2084 1645 2120 co-

22 2165 332 2226 agmentata
368 2165 428 2205 ut
461 2151 518 2204 in
550 2150 840 2205 intervallis
876 2150 1021 2205 velut
1050 2145 1318 2203 foramina
1336 2163 1641 2224 appareant.

21 2229 78 2285 in
96 2249 308 2309 quaque
327 2251 591 2310 compage
624 2228 859 2288 rostrum
890 2229 1168 2309 quoddam
1199 2226 1641 2307 prominetcraffi

23 2307 221 2369 stimuli
240 2317 293 2369 in
313 2310 562 2392 speciem.
605 2313 756 2370 Hinc
789 2310 1076 2370 transversa
1104 2314 1382 2392 lignorum
1403 2311 1515 2367 aliis
1534 2329 1641 2367 tra-

19 2388 181 2451 bibus
214 2396 512 2473 imponunt
543 2415 664 2475 quae
695 2395 991 2452 altitudinis
1025 2395 1246 2451 aliarum
1267 2392 1331 2449 ad
1345 2392 1638 2450 dimidium

18 2478 333 2550 perveniant
351 2518 369 2543 ‚
402 2477 590 2557 easque
609 2475 785 2548 trabes
801 2482 857 2535 in
878 2495 1058 2557 portas
1077 2475 1400 2554 resupinant.
1443 2478 1522 2532 At
1543 2473 1641 2532 ubi

5 2543 202 2614 'hostes
220 2557 466 2617 accessere
484 2561 707 2639 propius
723 2600 740 2628 ,
759 2564 854 2640 qui
872 2562 1018 2617 intus
1037 2559 1156 2616 sunt
1170 2557 1407 2614 summas
1424 2579 1509 2615 eas
1529 2574 1639 2614 tra-

20 2632 118 2695 bes
135 2640 728 2700 nonnihilsubducunt.
770 2646 846 2699 ita
880 2641 1069 2699 tabulae
1089 2645 1144 2698 in
1176 2640 1466 2697 subeuntes
1483 2639 1637 2698 dere-

21 2732 183 2797 pente
198 2721 384 2800 illapsae
400 2722 583 2782 rostris
597 2726 701 2782 illis
722 2724 1159 2803 prominentibus
1178 2720 1531 2803 quoscunque
1554 2741 1635 2779 at-

21 2804 253 2882 tigerant
280 2802 432 2865 facile
462 2807 744 2865 occidunt.
800 2809 919 2865 talia
954 2805 1230 2864 Belisarius
1261 2805 1475 2863 tuendae
1510 2803 1632 2861 urbi

19 2881 294 2943 struxerat.
333 2889 531 2956 octavo
564 2889 781 2949 decimo
811 2888 1111 2947 obsidionis
1143 2888 1227 2945 die
1259 2885 1460 2944 Gotthi
1481 2927 1496 2952 ‚
1527 2885 1632 2941 du·

19 2984 175 3054 §ente
193 2971 367 3055 Yitigi
384 3014 400 3042 ,
435 2974 570 3034 circa
586 2969 708 3035 solis
732 2990 918 3035 ortum
938 2974 1083 3033 velut
1117 2971 1318 3037 moenia
1340 2986 1634 3049 oppugna-

807 3095 810 3097 .
993 3055 1050 3115 N
1092 3074 1130 3128 4
1219 3051 1230 3056 ’
1306 3054 1315 3056 ”
1528 3047 1637 3105 turi
