1888 3428
413 175 461 231 E
541 194 575 230 L
651 192 688 226 o
773 193 811 226 o
887 189 931 226 1-
989 190 1045 226 A.
1368 164 1404 226 ‘1

40 257 141 313 iter
159 254 216 312 in
230 257 504 313 -Suenonis
535 242 696 332 caput
713 247 930 315 exarsit,
977 252 1276 313 exercitum
1301 254 1357 307 in
1376 189 1496 307 D3a3

45 339 150 395 iam
181 341 421 415 trajecit,
463 336 865 417 expugnatione
894 329 993 390 filii
1026 334 1260 411 parentis
1292 352 1494 390 noxam

45 415 220 479 *efflare
238 422 482 499 cupiens·

81 541 138 598 A
155 560 268 616 quo
288 541 471 598 Sueno
489 537 630 596 bello
648 535 870 594 Scanico
890 532 1084 593 vi-chS.

81 652 226 710 Erici
246 650 634 729 filius'Olavus
667 670 792 707 cum
814 648 982 706 matre
1021 645 1227 727 Syritha
1259 645 1498 702 Suetiam

34 738 254 812 e'petivit
270 776 289 804 ,
319 732 723 816 ibiquejdegens
756 751 987 813 regnum
1009 747 1254 787 materno
1274 727 1498 786 arbitrio

27 817 304 893 abjectum
321 816 527 875 habuit.
809 820 811 823 ’
1389 840 1392 842 ’

86 908 402 990 Consimilis
434 930 669 1008 ejusdem
701 929 759 1009 ἦ
781 925 1057 1008 pontificis
1076 923 1333 985 industria
1365 914 1498 991 Sue-

1483 922 1485 925 ’
1533 926 1555 949 ³⁶
1568 917 1732 958 Ber-nardi

1531 992 1575 1016 ex
1591 977 1733 1028 Anglia.

32 1016 91 1074 iae
110 1035 294 1096 regem
330 1011 573 1073 Olavurn
603 1011 669 1070 ad
689 1012 991 1070 Christiana
1018 1007 1497 1150 sacrafperdustum
1523 1031 1679 1091 profem

31 1096 186 1155 acobi
203 1101 429 1157 nomine
448 1094 777 1163 venustavit,
809 1115 1028 1153 morum
1048 1114 1147 1173 pro
1176 1093 1317 1153 cetui
1338 1086 1503 1153 decus

6 1177 256 1239 vocabuli
274 1178 535 1238 tribuens·
554 1198 738 1238 utrum
757 1173 937 1236 autem
956 1176 1101 1236 idem
1121 1195 1212 1232 rex
1228 1173 1294 1232 ab
1315 1194 1381 1230 eo
1403 1201 1421 1238 ‚1
1437 1191 1506 1228 an

7 1258 37 1318 ὲ
63 1261 435 1321 Bremensium
470 1259 731 1342 pontifice
757 1264 1003 1319 Vnnone
1037 1257 1309 1315 sacrorum
1349 1253 1506 1313 usum

8 1340 448 1425 disciplinamque
465 1346 780 1425 perceperit,
800 1362 989 1423 parum
1010 1341 1270 1419 comperi.

90 1463 300 1516 Interea
316 1450 605 1538 absumpto
628 1459 909 1533 Sueonum
928 1474 1054 1535 rege
1075 1451 1259 1510 Olavo
1280 1447 1513 1510 succedit

12 1540 311 1600 Omundus
343 1541 495 1598 avitae
527 1539 899 1597 diuturnitatis
928 1555 1244 1614 cognomen
1273 1533 1514 1592 sortitus,

8 1628 164 1699 cujus
195 1619 309 1680 fato
333 1620 555 1678 Olavus
586 1615 972 1695 Norvagienfis
1007 1614 1309 1692 repetendae
1327 1616 1513 1691 patriae

8 1700 263 1764 fiduciam
291 1703 480 1760 nactus
500 1742 518 1768 ‚
558 1701 834 1757 contracta
856 1702 1138 1755 Sueonum
1157 1716 1264 1774 ope
1295 1698 1513 1754 Norva-

7 1789 110 1868 giae
142 1785 406 1846 summam
444 1781 627 1841 audaci
645 1780 990 1860 usurpatione
1020 1781 1316 1858 corripuit,
1352 1777 1509 1859 quod

8 1872 292 1948 Kanutum
310 1864 555 1925 fraternae
574 1867 694 1945 opis
712 1861 905 1922 cassum
928 1903 944 1929 ,
981 1883 1038 1921 ac
1057 1861 1403 1923 celeberrima
1426 1856 1511 1921 isi-2

11 1957 152 2012 rium
169 1946 610 2032 partedefectum
630 1947 946 2006 adverteret.
963 1943 966 1946 ’
1086 1949 1090 1952 ’

93 2067 269 2124 Suetis
288 2060 484 2122 affidue
500 2063 744 2120 Scaniam
776 2056 1208 2136 irrumpentibus
1222 2058 1428 2136 primus
1443 2056 1509 2117 ad

13 2147 485 2228 constringendam
504 2166 619 2203 rem
639 2138 910 2223 proficisci
930 2140 974 2181 ἦ
1009 2136 1277 2221 poposcit.

96 2264 278 2320 Sueno
295 2281 424 2319 vero
443 2255 727 2337 desperatis
748 2260 859 2332 jam
874 2253 1043 2314 rebus
1057 2256 1113 2312 in
1133 2255 1379 2311 Scaniarn
1399 2293 1416 2321 ‚
1449 2270 1512 2312 ut

16 2345 248 2405 diximus
264 2387 279 2410 ,
294 2338 578 2423 >profectus
594 2380 611 2408 ,
630 2342 867 2398 Suetiam
889 2343 922 2411 ⁷(
938 2358 1062 2395 nam
1082 2354 1366 2416 paternum
1385 2335 1516 2395 inde

16 2448 198 2509 genusv
219 2430 492 2498 traxerat)
527 2419 748 2481 revisere
783 2420 1148 2502 proponebat.
1184 2440 1354 2499 quem
1384 2418 1517 2476 Ma-

17 2530 159 2591 gnus
177 2510 449 2567 concitato
468 2507 634 2563 animi
654 2507 867 2583 impetu
886 2500 1228 2561 consecutus.
1264 2523 1391 2559 cum
1409 2521 1517 2580 op-

22 2591 206 2670 pidum
242 2587 610 2648 Alextathiam
640 2588 964 2667 praeteriret‚
993 2582 1285 2643 deturbato
1306 2604 1399 2663 per
1418 2604 1519 2641 oc-

22 2670 196 2731 casum
231 2674 429 2751 leporis
458 2691 603 2750 equo
621 2710 639 2736 ,
682 2687 880 2727 trunco
914 2672 1068 2742 cujus
1099 2668 1350 2746 praeacuti
1366 2662 1514 2727 forte

25 2752 224 2835 stipites
244 2753 553 2826 eminebant
572 2753 792 2810 adactus
807 2751 1166 2833 extinguitur.

613 2859 744 2929 Lib.
796 2886 843 2929 x
870 2884 915 2926 1.

105 2974 151 3017 '³‘
186 2975 429 3061 Gutham
452 2977 667 3038 Suetico
689 2995 815 3057 rege
834 2978 1074 3056 genitam
1092 2973 1351 3057 sanguine
1383 2993 1520 3030 con-

271 3092 273 3095 ·
852 3078 870 3117 i
913 3078 954 3131 4
1390 3073 1521 3131 Jun-

1544 2162 1566 2187 ss*
1593 2155 1689 2199 Wt‘o.

1552 2844 1575 2865 ⁹>ss
1592 2835 1695 2874 Saena
1722 2853 1781 2880 rex-

1550 2896 1671 2930 Dama·
1684 2898 1756 2949 ejm

1551 2952 1758 3000 wambaisse‘*

1555 3013 1700 3051 cunam.
