1888 3428
803 5 828 21 X

81 219 84 224 .
194 161 587 222 HISTORIA}
627 161 1090 216 VANDAmcAE
1129 159 1388 215 L113.II.
1537 177 1608 238 93

19 264 137 306 tur:
171 244 448 304 muliebris
482 243 638 299 turba
657 247 712 298 in
743 241 1107 316 captivitatem
1127 239 1239 293 acta
1275 237 1353 294 est
1374 253 1387 294 :¹
1427 238 1618 298 itidem

14 331 226 411 puerilis
245 347 365 386 aetas
382 348 395 382 :
415 327 599 382 cameli
618 341 839 402 quoque
857 317 894 376 fi
912 321 1005 398 qui
1030 315 1398 395 superfuerant
1433 321 1618 396 praedae

13 412 176 469 militi
220 407 387 467 fuere.
439 410 543 466 His
577 426 700 462 curn
736 403 912 479 spoliis
944 401 1183 457 Romani
1228 400 1616 479 Carthaginem

13 492 164 551 ibant
180 535 194 557 ,
232 484 397 548 festos
415 489 488 546 ibi
507 488 582 546 ob
616 487 894 544 vststoriaum
932 483 1043 539 dies
1064 483 1249 539 acturi.
1295 485 1375 538 At
1405 480 1617 540 barbari

14 577 184 654 magis
202 570 400 630 accensi
419 571 562 628 clade
577 588 739 648 quam
758 566 947 640 dejecti
962 606 979 633 ,
1001 567 1217 621 nemine
1236 564 1387 620 domi
1407 566 1617 632 relicito,

13 654 242 713 universi
277 660 333 712 in
363 655 647 710 Romanos
678 652 873 706 iterum
909 663 1169 704 movent:
1211 649 1527 724 Byzaciique
1559 668 1619 703 a·

9 758 172 818 grum
214 736 533 815 populantes
552 779 565 797 ,
588 731 717 788 nulli
735 729 876 788 sexui
896 732 1103 787 aetative
1123 746 1367 807 parcunt.
1385 726 1616 807 ingresso

5 825 115 896 jam
136 817 518 896 Carthaginem
540 811 826 891 Solomo'ni
842 833 1018 871 novus
1034 810 1388 868 barbarorum
1407 828 1615 879 motu5‚

10 901 404 982 provinciaeque
422 901 703 977 Byzacenae
723 893 931 951 vastitas
949 896 1226 951 nuntiatur
1248 933 1264 954 ‚
1305 914 1404 949 nec
1425 914 1576 949 mora
1591 933 1613 963 ‚

10 987 53 1041 it
69 1003 191 1040 cum
209 982 361 1043 omni
382 983 618 1037 exercitu
653 977 1002 1036 vindicatum.
1045 978 1123 1034 Vt
1138 978 1425 1055 Burgaona
1445 976 1612 1044 venit,

11 1064 106 1123 ubi
120 1062 278 1121 castra
294 1081 441 1120 erant
458 1061 694 1118 hostium
717 1100 733 1121 ,
763 1081 855 1139 per
870 1059 981 1116 dies
1015 1061 1222 1137 aliquot
1246 1055 1423 1135 &ipse
1444 1055 1609 1124 sedit,

11 1164 223 1225 tempus
259 1145 421 1225 praelii
439 1144 741 1223 exspectans
762 1182 776 1204 ,
814 1140 906 1198 ubi
924 1138 974 1197 se
991 1138 1168 1197 hostes
1189 1142 1243 1196 in
1275 1140 1493 1218 planum
1512 1137 1611 1197 de-

10 1226 218 1303 difl'ent.
261 1233 339 1285 At
355 1229 452 1284 illis
471 1231 526 1282 in
545 1242 733 1283 monte
750 1222 798 1280 se
819 1221 1223 1280 continentibus
1242 1262 1259 1289 ‚
1280 1221 1432 1299 quod
1453 1239 1610 1299 pote-

11 1327 92 1367 rat
111 1350 127 1377 ,
147 1312 326 1389 praelio
347 1307 562 1386 parabat
587 1304 976 1383 exercebatque
993 1305 1244 1359 militem.
1289 1303 1498 1359 Mauris
1516 1325 1610 1360 vem

11 1413 74 1450 ro
95 1390 447 1448 constitutum
464 1391 780 1467 neutiquam
798 1389 853 1443 in
871 1406 1021 1464 aequa
1050 1385 1167 1442 loca
1183 1390 1237 1442 &
1257 1399 1493 1463 pugnam
1514 1385 1613 1441 de·-

11 1472 256 1532 scendere
279 1491 489 1530 :tantus
507 1492 601 1528 eos
621 1489 787 1548 pavor
802 1465 1057 1526 invaserat
1078 1489 1092 1523 ι
1115 1487 1220 1523 una
1249 1472 1306 1522 in
1327 1482 1517 1523 monte
1538 1463 1608 1522 fi-

12 1557 199 1614 ducia.
224 1561 273 1611 Is
291 1556 538 1634 pleraque
556 1553 752 1609 arduus
765 1589 782 1615 ‚
819 1567 1068 1607 caeterum
1089 1568 1193 1627 qua
1213 1549 1390 1605 Solem
1409 1545 1607 1626 spe&at

12 1640 276 1694 orientem
297 1676 311 1701 ‚
332 1635 503 1692 accedi
521 1637 712 1689 invius.
755 1652 871 1709 pars
887 1629 994 1687 sola
1011 1651 1126 1708 quae
1142 1629 1205 1686 ad
1224 1627 1466 1685 occasum
1487 1649 1609 1707 per-

13 1722 148 1776 tinet
164 1716 402 1796 supinior
422 1717 622 1772 aditum
644 1711 980 1770 admittebat.
1022 1711 1188 1768 colles
1218 1715 1606 1790 quoquejuxta

12 1799 62 1858 se
81 1799 394 1857 attollebant
426 1798 560 1864 dim,
603 1796 899 1853 convallem
936 1798 990 1851 in
1019 1792 1200 1851 medio
1231 1790 1487 1849 facientes
1520 1814 1606 1849 ar-

15 1885 155 1939 &am
174 1922 190 1948 ,
236 1881 319 1937 sed
352 1882 584 1937 multum
619 1883 674 1935 in
705 1875 1044 1957 profundum
1073 1872 1363 1933 demissam.
1405 1880 1604 1954 Iugum

15 1965 218 2026 montis
236 1961 440 2020 barbari
459 1960 815 2027 deseruerant,
833 1957 1099 2016 nihilinde
1119 1975 1422 2015 metuentes
1437 1956 1607 2014 'nosti-

13 2047 79 2105 le.
112 2046 429 2123 reliquerant
456 2065 619 2102 vacua
639 2051 692 2102 &
726 2063 842 2122 quae
861 2041 925 2098 ad
956 2040 1146 2119 pedem
1182 2058 1332 2096 erant
1364 2043 1568 2096 montis
1584 2080 1604 2109 ‚

15 2150 117 2207 qua
133 2149 256 2184 eum
278 2144 421 2205 parte
438 2128 564 2183 adiri
585 2126 839 2182 diximus.
859 2122 1034 2180 media
1051 2120 1310 2180 tenebant
1330 2163 1345 2189 ‚
1368 2141 1425 2178 ut
1446 2120 1480 2177 fi
1499 2142 1604 2199 pu·-

13 2230 175 2291 gnam
207 2213 502 2288 inciperent
536 2207 714 2264 hostes
735 2248 752 2274 ,
782 2204 846 2264 de
880 2206 1004 2262 loco
1036 2202 1305 2283 superiore
1335 2207 1389 2260 in
1406 2208 1606 2260 eosin·

13 2309 264 2377 gruerent
282 2291 418 2348 telis.
449 2292 598 2347 multi
616 2290 714 2347 illis
730 2291 785 2345 in
807 2306 995 2345 monte
1015 2291 1139 2367 equi
1159 2302 1327 2354 erant,
1347 2289 1404 2343 in
1424 2303 1608 2343 utran-

15 2394 120 2451 que
137 2371 411 2431 fortunam
431 2374 624 2452 parati,
643 2370 730 2428 seu
749 2367 876 2449 fuga
906 2390 1046 2448 opus
1064 2411 1080 2437 ,
1114 2367 1202 2425 seu
1222 2365 1496 2447 fugientes
1519 2370 1607 2424 in-

13 2452 179 2533 sequi.
218 2458 447 2513 Solomo
465 2497 483 2524 ,
503 2473 563 2512 ut
580 2454 712 2511 vidit
728 2452 868 2510 ho‘sti
894 2454 1012 2511 loca
1028 2472 1175 2531 aequa
1192 2451 1255 2509 ad
1274 2453 1510 2528 praelium
1527 2453 1609 2507 vi-

13 2541 110 2594 tari
128 2578 145 2604 ,
164 2544 216 2595 &
233 2540 516 2596 Romanus
531 2539 681 2594 miles
695 2532 907 2593 desertis
923 2538 980 2593 in
1000 2536 1132 2591 locis
1152 2554 1359 2596 moram
1377 2530 1605 2599 trahere,

16 2614 334 2697 fatigabatur
350 2661 368 2688 ,
400 2641 511 2677 rem
527 2619 591 2677 ad
611 2637 878 2690 certamen
895 2616 1158 2676 deducere
1189 2612 1304 2695 ipso
1323 2617 1378 2671 in
1413 2633 1609 2671 monte

17 2698 306 2757 constituit.
324 2702 425 2760 Sed
445 2699 727 2761 observato
748 2703 1058 2758 exterritum
1076 2700 1304 2755 militem
1318 2714 1472 2754 tanto
1494 2718 1613 2754 ma·-

12 2786 133 2857 jore
164 2803 323 2862 quam
340 2786 394 2841 in
425 2787 588 2865 priori
615 2785 794 2864 praelio
828 2779 998 2840 fuerat
1030 2781 1321 2838 hominum
1341 2800 1572 2836 numero
1590 2818 1611 2844 ‚

17 2861 161 2921 hunc
197 2867 252 2921 in
269 2867 492 2942 modum
508 2909 525 2936 ,
558 2869 822 2925 concione
854 2864 1110 2923 advocata
1126 2907 1141 2930 ‚
1176 2867 1225 2920 ei
1244 2866 1387 2920 malo
1405 2859 1610 2919 mederi

16 2943 282 3027 aggreffus
296 2947 388 3009 est.
432 2948 609 3018 Vestri
626 2968 803 3011 metus
835 2949 976 3029 apud
991 2945 1201 3009 hostem
1219 2947 1412 3005 milites
1432 2983 1451 3014 ‚
1488 2942 1633 3077 qul«

1529 3036 1611 3077 ius
