1888 3428
251 149 367 223 516
567 145 951 202 PRoc01³11
1016 141 1554 217 CAEsARVEENsts

247 221 467 306 provisaej
489 217 733 302 ferebant
749 265 766 293 ‚
796 225 1156 291 sentuebantur
1174 266 1189 287 2
1213 246 1325 282 non
1346 227 1400 281 in
1418 225 1580 282 duces
1595 267 1610 291 ,
1630 239 1852 293 turmaS,

249 306 504 365 cohortes
520 306 813 374 distributi,
837 311 1017 365 ullove
1035 306 1429 386 digestiordine
1448 327 1583 373 ‚nec
1603 325 1662 363 ut
1679 310 1856 384 impe-

246 394 777 468 rantium-praeceptis
796 394 1011 468 parituri
1033 431 1048 457 ‚
1078 389 1165 447 sed
1185 410 1297 468 quo
1316 406 1598 468 quemque
1622 392 1858 466 impetus

248 473 480 537 tulerat,
509 472 585 529 ibi
607 470 859 529 obstituri
888 471 1154 529 hostibuse
1196 476 1275 527 At
1296 469 1498 527 Gotthi
1519 474 1672 549 equis
1690 468 1860 527 omis-

251 552 318 612 fis
335 575 528 611 omnes
547 550 671 610 faffl
692 554 927 632 pediteS,
958 551 1139 630 fronte
1174 555 1230 610 in
1264 551 1474 609 hostem
1508 550 1728 609 obversa
1752 592 1769 619 ,
1803 554 1860 608 in

253 635 570 716 oblongum
604 639 770 693 aciem
803 636 1180 694 extenderunt.
1223 633 1514 713 conspicati
1549 634 1602 692 id
1621 636 1861 691 Romani

253 724 308 778 &
341 717 435 796 ipsi
470 735 751 797 quotquot
773 721 981 797 equites
1013 736 1163 775 erant
1191 716 1255 774 de
1285 719 1440 795 equis
1473 715 1757 784 desiliunt,
1805 721 1864 773 &

255 820 373 879 quo
391 799 570 857 hostes
601 799 771 857 modo
808 800 1019 857 struunt
1047 802 1232 857 aciem.
1277 797 1571 877 Scribendaff
1596 798 1724 854 mihi
1750 803 1860 871 jam

256 885 408 940 venit
425 901 607 961 pugna
623 881 992 939 memorabilis
1010 925 1024 947 ‚
1047 888 1100 939 &
1121 881 1248 937 nulli
1267 878 1496 937 heroum
1512 921 1526 945 ,
1550 901 1691 958 quos
1708 876 1864 936 vetus

255 981 382 1022 aetas
399 964 662 1032 celebrat,
685 959 879 1022 ceffura
897 967 1063 1021 virtus
1078 1005 1095 1031 ,
1128 977 1290 1041 quam
1306 961 1410 1018 hoc
1428 980 1676 1041 tempore
1696 963 1865 1017 Te'i'as

253 1044 683 1104 demonstravit„
710 1043 957 1108 Gotthos
977 1046 1040 1103 ad
1059 1045 1367 1102 audendum
1383 1043 1752 1101 inflammabat
1768 1043 1866 1100 de-

253 1126 503 1205 speratio·
545 1127 822 1193 Romani,
853 1148 1162 1205 quanquam
1195 1125 1450 1183 videbant
1481 1131 1605 1183 cum
1634 1124 1866 1182 furenti-

254 1208 360 1266 bus
380 1206 474 1264 fibi
500 1229 612 1264 rem
635 1209 734 1264 efle
754 1248 770 1273 ‚
805 1228 999 1264 omnes
1023 1207 1136 1264 suas
1156 1210 1290 1264 vires
1310 1208 1615 1264 excitabant
1634 1249 1649 1275 ,
1683 1208 1865 1286 pudo-

254 1312 313 1348 re
350 1311 416 1346 ne
454 1289 862 1346 invalidioribus
899 1289 1172 1346 cederent.
1218 1290 1449 1367 Vtrique
1483 1310 1677 1369 magna
1711 1293 1763 1346 vi
1783 1310 1867 1344 ra-

256 1371 550 1452 piebantur
565 1415 581 1436 ‚
602 1372 655 1428 hi
679 1373 887 1429 virtutis
905 1373 1007 1428 aeti
1028 1370 1251 1428 stimulis
1265 1411 1278 1431 ‚
1302 1373 1372 1428 iili
1394 1375 1512 1428 vitae
1531 1370 1714 1430 taedio.
1749 1392 1869 1427 ma-

258 1475 330 1512 ne
351 1456 502 1532 caepit
533 1454 798 1533 praelium.
840 1451 1007 1511 stabat
1029 1453 1348 1531 conspicuus
1369 1454 1629 1510 omnibus
1659 1493 1674 1515 ‚
1712 1450 1865 1510 scuto

259 1537 542 1617 protefflms
561 1575 578 1601 ,
613 1533 757 1592 hasta
787 1553 1071 1612 protenta,
1106 1557 1229 1593 cum
1251 1538 1429 1613 paucis
1463 1554 1583 1592 ante
1614 1533 1775 1613 ipsam
1810 1555 1869 1591 a.-

261 1621 399 1675 ciem
421 1620 607 1675 Tei'aS.
647 1619 918 1680 Romani,
949 1640 1071 1675 cum
1107 1619 1159 1674 id
1183 1619 1452 1686 viderent,
1488 1617 1870 1685 existimantes,

261 1698 302 1757 fi
322 1702 364 1756 is
381 1699 620 1766 caderet,
654 1697 819 1756 finem
845 1704 1108 1758 continuo
1138 1698 1255 1756 fore
1275 1700 1539 1764 certandi,
1575 1703 1871 1757 intulerunt

261 1779 314 1841 se
334 1785 389 1838 in
408 1802 533 1838 eum
552 1783 838 1838 acerrimus
856 1785 1085 1860 quisque
1103 1822 1120 1848 ‚
1154 1802 1355 1860 magno
1376 1802 1604 1838 numero
1625 1822 1640 1848 ‚
1667 1782 1751 1837 alii
1769 1780 1869 1837 ha-

263 1862 357 1920 stis
375 1863 654 1920 trudentes
675 1867 958 1937 ,jacientes
976 1866 1088 1920 alii.v
1120 1862 1230 1941 Ipse
1249 1861 1342 1939 sub
1358 1861 1506 1920 scuto
1527 1863 1740 1920 abditus
1756 1903 1770 1924 ‚
1799 1883 1866 1919 eo

260 1944 956 2022 hastasexcipiebatomnes
977 1986 994 2012 ,
1029 1945 1222 2003 deinde
1238 1948 1541 2023 irrumpens
1557 1943 1734 2002 subito
1754 1963 1870 2001 tru-

263 2026 475 2084 cidabat
490 2028 725 2083 multos:
761 2048 993 2105 cumque
1011 2027 1334 2101 videretjam
1354 2026 1531 2083 infixis
1560 2025 1716 2083 hastis
1738 2025 1870 2082 hor-

263 2130 382 2166 rere
399 2107 608 2166 scutum
624 2149 641 2176 ‚
674 2127 733 2165 ut
754 2113 837 2166 vix
855 2111 1142 2187 quicquam
1165 2109 1286 2166 efl'et
1304 2130 1531 2166 vacuum
1553 2150 1570 2177 ,
1589 2109 1871 2186 protecto,-

268 2212 393 2248 rum
427 2190 637 2247 cuidam
671 2190 724 2246 id
749 2191 959 2247 tradens
988 2189 1232 2270 poposcit
1261 2192 1508 2247 alterum.
1552 2190 1618 2247 fic
1639 2191 1741 2248 diei
1761 2210 1872 2246 ter-

268 2278 402 2330 tiam
421 2274 629 2329 circiter
649 2291 848 2350 partem
871 2294 1106 2352 pugnare
1127 2271 1365 2351 perstitit.
1409 2276 1627 2351 Iamque
1649 2280 1702 2330 &
1723 2273 1887 2331 alteri·

269 2354 397 2412 huic
425 2352 576 2411 scuto
613 2353 900 2411 duodecim
933 2354 1085 2411 hastae
1123 2354 1466 2421 inhaeserant‚
1511 2376 1686 2433 neque
1704 2357 1871 2412 Tei'as

270 2437 474 2495 diutius
504 2453 594 2493 aut
625 2434 754 2492 illud
783 2457 1000 2493 movere
1029 2455 1119 2493 aut
1152 2439 1206 2493 in
1236 2435 1285 2493 se
1315 2440 1578 2494 irruentes
1609 2436 1886 2515 depeHerev

270 2516 527 2597 poterat:
571 2515 656 2573 sed
687 2515 715 2573 ἐ
744 2517 1139 2593 protectoribus
1165 2519 1432 2597 quendam
1468 2515 1722 2575 instanter
1739 2516 1802 2574 ad
1821 2516 1873 2574 se

269 2600 504 2659 ,vocabat
524 2640 540 2666 ‚
559 2619 625 2655 ne
645 2599 876 2677 digitum
899 2600 1119 2677 quidem
1142 2600 1208 2657 ab
1227 2598 1704 2657 ordine'discedens
1722 2640 1737 2662 ‚
1756 2621 1872 2657 non

273 2682 470 2761 pedem
506 2679 741 2737 referens
762 2723 775 2745 ‚
818 2702 931 2737 non
960 2682 1203 2739 hostibus
1237 2686 1555 2761 permittens
1586 2699 1644 2739 ut
1674 2681 1722 2739 se
1745 2703 1873 2759 pro-

275 2781 581 2823 moverent.
625 2784 691 2818 ne
710 2761 968 2820 converso
989 2764 1207 2842 quidem
1229 2784 1456 2842 corpore
1474 2806 1491 2833 ,
1534 2777 1798 2843 auttergo
1815 2766 1873 2829 in

274 2844 488 2903 scutum
521 2845 843 2923 incumbens
872 2887 890 2912 ‚
933 2842 1019 2901 sed
1043 2847 1189 2904 velut
1224 2844 1338 2903 solo
1359 2845 1556 2904 infixus
1577 2845 1715 2902 stans
1746 2866 1873 2903 cum

250 2923 427 2987 ‘scuto
461 2926 747 2996 manebat,
784 2926 1105 3009 dexteraque
1124 2949 1288 2988 manu
1319 2928 1514 2990 caedem
1543 2928 1734 2988 edebat
1765 2926 1873 2983 ho·-

1690 3008 1871 3082 stium,
