1888 3428
36 216 41 220 .
403 172 1253 226 PROLEGOMENA.
1505 177 1639 237 νς

29 251 302 309 vocalium
339 249 520 307 crebra
553 245 775 304 inter'se
803 247 1241 303 commutatione
1272 245 1453 300 varia-t.
1501 244 1645 300 Scri·-

27 333 248 392 thifinni
263 333 319 388 in
343 330 710 408 manuscriptis
747 331 1003 406 Procopii-
1031 328 1301 386 dicuntur.
1354 325 1494 404 apud
1520 331 1644 382 I-or-

29 417 262 474 nandem
282 456 299 482 ‚
317 414 607 494 legendum
627 409 1003 470 Scretefennae.
1038 409 1200 468 hodie
1222 425 1542 486 corruptum
1563 407 1642 465 est

28 496 86 556 in
110 517 207 556 tres
225 499 504 574 Screfennae.
534 492 881 566 Scritefinnos
902 492 1080 551 scribit
1096 488 1415 548 Bremenfis.
1458 493 1642 547 Privi-

26 582 165 660 legia
183 582 304 639 data
322 576 557 637 Ecclefiae
582 574 1095 656 Hammaburgienfi
1115 619 1129 640 ,
1166 574 1312 632 unde
1334 572 1399 629 ad
1417 593 1512 628 eos
1529 593 1638 652 po·-

25 664 188 742 pulos
227 661 509 741 Euangelii
553 662 754 717 notitio
792 662 1033 737 pervenit
1070 702 1084 723 ‚
1141 653 1552 722 Scredevindon-
1580 660 1639 711 δε

6 745 406 811 δεῑὶάενίηάεη
435 786 450 808 ,
495 745 778 823 regionem
815 741 1255 807 Scridivindiam3
1293 742 1431 796 Saxo
1454 735 1639 793 Skrik-

14 822 207 882 -finnos
225 822 385 891 dicitff,
411 847 578 904 eaque
598 826 761 882 hodie
779 828 835 882 in
854 823 975 904 ipsis
993 826 1125 881 locis
1147 823 1365 880 obtinet
1385 839 1639 899 pronun-

24 909 196 965 tiatio.
243 907 762 988 Chorographicum
794 926 952 964 vetus
985 928 1098 964 non
1118 906 1324 964 editum
1353 897 1663 982 distinguis

22 991 202 1048 Fenos
235 994 292 1048 in
325 987 646 1048 Serdefenos
664 990 770 1049 five
801 987 1152 1047 Scerdefenos
1172 1033 1186 1055 ,
1224 995 1278 1046 &
1308 982 1640 1052 RercfenQS.

16 1072 380 1132 ’Scribendum
400 1071 502 1131 fuit
516 1070 824 1131 Scridfenos
845 1079 896 1130 δε
913 1069 1245 1130 RedefenOS.
1290 1071 1343 1127 id
1359 1068 1434 1126 est
1453 1070 1641 1124 Fenos

24 1153 130 1214 five
149 1158 351 1213 Firmos
371 1197 386 1221 ‚
421 1159 514 1236 qui
543 1156 695 1214 cursu
715 1198 731 1224 ,
770 1163 823 1214 δέ
854 1159 973 1214 illos
1007 1158 1101 1234 qui
1135 1154 1312 1212 rhedis
1342 1151 1447 1209 five
1472 1148 1637 1207 trahis

25 1256 271 1296 utuntur.
313 1241 446 1297 Haec
464 1238 583 1297 sunt
600 1261 717 1318 quae
736 1238 980 1296 dubitare
1013 1259 1116 1294 nos
1134 1259 1250 1294 non
1270 1235 1448 1293 linunt
1467 1253 1637 1312 quam

24 1335 218 1377 terram
239 1319 340 1377 sub.
362 1318 494 1378 falso
510 1320 721 1379 Thules
752 1323 978 1377 nomine
1008 1318 1384 1400 significaverit
1425 1322 1637 1374 Procon-

24 1404 167 1481 pius,
196 1403 420 1460 Tacitus
440 1406 536 1482 qui
554 1424 698 1460 mare
723 1406 883 1460 etiam
904 1403 1173 1460 Balticum
1192 1400 1296 1459 five
1319 1399 1644 1464 Codanum9

25 1501 87 1539 ut
107 1485 217 1539 aliis
245 1486 498 1563 appellari
527 1507 655 1541 mox
679 1486 940 1550 dicemus,
970 1483 1143 1541 finum
1165 1525 1180 1545 ‚
1212 1488 1439 1561 ejusque
1457 1498 1634 1559 partes

14 1585 220 1621 ‚omnes
249 1566 459 1623 Oceani
489 1585 645 1622 vocat
667 1569 892 1621 nomine
912 1606 927 1626 ‚
962 1568 1017 1621 in
1038 1563 1151 1643 ipso
1174 1565 1441 1635 Oceano,
1481 1562 1535 1618 id
1554 1561 1633 1618 est

23 1647 82 1703 in
101 1668 294 1727 magna
313 1650 398 1706 illa
415 1689 431 1716 ‚
469 1666 528 1705 ut
546 1647 860 1704 credebatur
877 1688 893 1714 ,
915 1646 1080 1704 insula
1099 1687 1115 1713 ‚
1149 1669 1316 1729 regna
1341 1647 1454 1705 duo
1475 1645 1636 1722 ponit

24 1733 298 1797 continua.
317 1752 508 1788 eorum
528 1731 766 1809 populos
786 1750 942 1786 vocat
965 1733 1261 1788 Suiones&
1283 1732 1515 1787 Sitones.
1534 1747 1643 1805 pra

25 1833 93 1888 eo
127 1813 279 1892 quod
310 1835 456 1870 nunc
491 1816 722 1870 Suiones
763 1816 963 1893 legitur
1011 1814 1173 1871 credo
1204 1807 1635 1893 scriptumsuis-

25 1893 77 1953 s'e
97 1898 354 1960 SueoneS.
393 1900 516 1975 quia
536 1899 608 1954 ita
625 1895 786 1972 hujus
805 1899 984 1976 gentis
1002 1917 1205 1954 nomen
1225 1894 1463 1954 scribunt
1480 1891 1635 1949 secu,-

25 1981 66 2034 ti
87 2018 103 2044 ‚
129 1996 190 2036 ut
205 2000 266 2035 ex
287 1979 461 2037 verbis
479 1976 717 2057 ipsorum
738 1996 955 2058 apparet
972 2020 989 2046 ‚
1028 1973 1290 2037 Taciturn
1311 2021 1328 2041 ‚
1360 1976 1637 2058 Eginhar-

24 2077 112 2116 tus
150 2060 337 2118 Caroli
373 2062 567 2141 Magni
612 2083 778 2142 gener
822 2069 873 2120 &
912 2063 1275 2120 Cancellarius
1311 2102 1328 2129 ,
1379 2062 1633 2118 Adamus

23 2141 319 2200 Brernenfis
338 2182 355 2208 ,
375 2145 739 2205 Helmoldus‚
772 2145 1080 2224 eodemque
1108 2149 1335 2202 nomine
1362 2143 1635 2223 appellant

23 2223 159 2282 hanc
174 2246 397 2306 gentem
418 2230 474 2283 in
507 2229 635 2284 aclis
654 2226 758 2285 suis
784 2226 1101 2284 Ludovicus
1120 2250 1209 2285 rex
1231 2228 1418 2285 Caroli
1436 2225 1634 2304 Magni

25 2303 185 2375 filius,
203 2315 255 2366 δε
278 2310 583 2390 Gregorius
611 2330 632 2365 Ι
647 2331 692 2367 v.
725 2309 1024 2389 Episcopus
1043 2312 1415 2378 Romanu3,&
1435 2311 1632 2365 Slavo-

23 2408 156 2447 num
178 2390 442 2449 Chronici
463 2396 696 2450 incertus
715 2393 943 2472 scriptor
958 2436 974 2462 ,
1013 2397 1109 2472 qui
1127 2397 1262 2450 circa
1280 2414 1484 2450 annum
1504 2392 1634 2448 scri-

24 2471 124 2550 psit
168 2493 297 2533 013
329 2494 365 2532 c
401 2496 644 2532 LXVIII.
680 2496 778 2532 nec
813 2497 930 2532 raro
966 2480 1104 2534 Saxo
1132 2479 1324 2533 Danus
1359 2498 1372 2531 z
1418 2496 1517 2532 nec
1545 2491 1631 2530 ta„-

23 2575 149 2612 men
165 2559 399 2614 multum
415 2555 574 2616 refert
587 2599 604 2625 ,
627 2559 896 2617 vocalium
915 2563 1062 2616 enim
1081 2562 1286 2617 illarum
1305 2556 1475 2614 facilis
1488 2554 1642 2635 apud-

27 2656 217 2693 omnes
254 2641 490 2718 populos
523 2645 860 2720 permutatio
886 2663 900 2695 :
956 2645 1237 2699 Sichenni
1267 2644 1467 2699 Tacito
1488 2682 1505 2708 ‚
1536 2640 1634 2716 qui

27 2718 182 2774 Finni
199 2721 313 2777 aliis
329 2762 347 2788 ,
376 2721 651 2780 Frifii.aliis
671 2722 809 2780 Fresl
831 2730 886 2781 &
905 2723 1188 2782 FresoneS.
1223 2731 1334 2782 Iam
1353 2745 1482 2782 vero
1506 2725 1634 2800 quia

24 2796 279 2892 frequens
309 2804 383 2860 est
415 2808 756 2864 Germanicis
795 2807 1052 2887 gentibus
1083 2812 1223 2866 inter
1257 2808 1389 2865 duas
1424 2808 1648 2864 vocales,

0 2925 1 2934 κ
24 2884 238 2941 literam
252 2886 322 2946 T.
341 2928 356 2949 ‚
378 2909 539 2965 quam
561 2889 650 2945 alii
668 2908 726 2946 ut
748 2891 821 2945 D.
847 2895 1194 2955 pronuntiare
1215 2893 1439 2957 malunt,
1463 2891 1635 2945 inter-

26 2985 231 3043 ponere
248 3007 273 3035 ,
306 2989 374 3029 eo
393 2968 598 3030 far-”cum
619 2989 679 3030 ut
704 2958 1191 3053 apudlornandem
1220 2977 1275 3031 in
1295 2967 1646 3108 Scanziaesde-.

967 3077 995 3112 a
1043 3078 1067 3133 3
1535 3070 1640 3128 erl-s
