1888 3428
238 153 362 208 522-
431 131 789 191 Excisum
811 153 848 189 A
887 151 922 188 E
944 151 978 187 x
1020 132 1341 188 ARCANA
1383 131 1755 191 HISTORIA

233 235 547 296 quanquam
566 214 823 293 dignitate
840 215 1076 292 multum
1095 208 1231 269 infra
1250 210 1403 288 positi
1410 215 1864 280 ,matrimonium=
1884 236 1885 239 ¹

234 293 559 357 collocanda.
606 294 753 354 Cum
794 291 1059 374 placuiffet
1079 297 1363 373 negotium
1383 335 1401 361 ,
1426 295 1775 369 jurejurando
1794 295 1888 362 se*¹

234 382 468 437 invicem
482 378 796 435 devinciunt
810 375 1132 435 sanffiffimo
1150 417 1168 443 ‚
1194 396 1463 433 conventa
1491 377 1540 433 se
1557 377 1621 434 ad
1639 379 1873 445 exitum„

237 461 610 540 perducturos.
656 481 779 516 nam
801 457 1113 535 diffidebant
1130 455 1380 514 nonnihil
1397 460 1685 515 alteralteri
1708 480 1722 514 ε
1755 464 1863 537 10--Ι

236 543 439 601 hannes
456 541 606 622 quod
626 542 828 601 videret
866 540 1176 598 affinitatem
1209 538 1462 617 speratam
1501 539 1590 598 sua
1625 537 1849 598 fortuna

236 623 336 682 effe
357 630 616 697 majorem
636 646 652 690 3
693 626 1003 681 Germanus
1020 664 1037 690 ‚
1075 621 1227 702 quod
1248 643 1362 678 non
1383 620 1604 679 nesciret
1624 644 1754 701 quas
1768 622 1852 678 ob

161 716 167 718 ’
236 705 412 764 causas
429 727 692 788 generum
710 706 967 764 hactenus
987 726 1101 762 non
1124 708 1403 762 inveniret.
1426 708 1601 762 Anxia
1621 703 1695 761 ob
1713 703 1850 761 hanc

237 810 354 846 rem
372 790 696 847 intellectam
711 787 955 868 Augusta
973 828 989 855 ‚
1009 787 1143 844 nihil
1158 806 1216 844 ut
1236 807 1352 843 eam
1374 786 1689 845 disturbaret
1710 790 1849 843 omi-

237 870 301 928 fit
334 874 658 927 intentatum
684 911 699 938 2
728 885 879 927 nunt
903 869 1044 927 hunc
1065 910 1080 937 ‚
1122 889 1264 925 nunc
1284 871 1509 926 alterum
1536 868 1860 949 aggrediens-

240 957 397 1010 omni
430 971 555 1008 arte.
599 953 711 1010 Vbi
744 949 1089 1010 dissuadendo
1122 951 1261 1029 apud
1294 972 1548 1008 neutrum
1588 947 1815 1030 profecit
1835 990 1855 1018 ‚

238 1035 413 1114 palam
446 1034 676 1090 Iohanni
697 1037 922 1091 exitium
957 1037 1167 1090 minari.
1208 1034 1287 1088 Ea
1319 1030 1424 1091 fuit
1451 1032 1600 1090 causa
1639 1054 1732 1089 cur
1762 1038 1858 1089 Io'-

239 1116 442 1177 hannes
461 1119 515 1172 in
548 1117 752 1171 Italiam
771 1113 1009 1172 remiss'us
1045 1112 1327 1171 a-Belisarii
1346 1115 1733 1172 consuetudine
1755 1114 1858 1171 ab-

239 1197 457 1254 stineret
478 1238 494 1263 ‚
513 1195 720 1253 infidias
738 1200 1035 1254 Antoninae
1057 1214 1306 1252 metuens
1326 1236 1341 1260 ‚
1370 1197 1545 1254 donec
1565 1218 1623 1252 ea
1642 1200 1853 1276 Byzan—

239 1283 377 1337 tium
398 1275 640 1358 profeffita
660 1276 751 1334 est.
796 1282 995 1357 quippe
1031 1276 1097 1334 ab
1130 1276 1377 1358 Augusta
1393 1281 1687 1335 Antoninae
1706 1278 1861 1335 dele-

153 1399 155 1412 .
238 1379 420 1442 gatam
442 1381 630 1418 necem
650 1360 902 1418 Iohannis
920 1359 1059 1417 haud
1081 1380 1214 1417 vana
1242 1359 1510 1417 videbitur
1528 1356 1749 1437 suspicio
1768 1401 1785 1426 ,
1818 1357 1863 1423 fi,

238 1448 363 1522 quis
394 1444 541 1499 norit
579 1464 760 1499 mores
799 1445 1095 1500 Antoninae
1114 1449 1168 1499 ὃ(
1190 1447 1446 1500 uxorium
1475 1440 1703 1498 Belisarii
1739 1443 1860 1499 ani-

241 1544 417 1583 mum.
458 1525 579 1583 Nec
609 1527 809 1583 mirum
829 1568 844 1590 ‚
881 1523 918 1581 fi
950 1543 1058 1581 tam
1073 1524 1213 1601 justa
1240 1522 1482 1581 formido
1503 1523 1860 1592 animum10÷

239 1606 434 1669 hannis
469 1606 814 1664 vehementer
851 1609 1227 1664 commoverit.
1267 1607 1416 1663 Hinc
1449 1610 1658 1663 ruinam
1695 1608 1860 1675 traxit,

238 1710 322 1756 tes
343 1692 593 1747 Romana
610 1729 627 1754 ‚
672 1708 864 1745 nutans
878 1695 987 1762 jam
1007 1708 1127 1744 ante
1146 1691 1439 1767 leviterque
1469 1685 1620 1745 fulta.
1661 1686 1859 1747 Belisa-

241 1774 352 1828 rius
373 1769 516 1827 bello
532 1774 587 1827 in
607 1770 861 1827 Gotthos
880 1811 894 1837 ,
936 1788 996 1827 ut
1015 1771 1157 1835 dixi,
1195 1767 1528 1848 improspero
1548 1810 1565 1836 ,
1604 1765 1701 1827 nec
1733 1768 1856 1847 spe-

239 1874 359 1911 rans
378 1854 1010 1932 meliora‚1mperat0rem
1033 1851 1307 1912 orabat‚ut
1323 1849 1414 1908 fibi
1434 1850 1497 1907 ab
1516 1853 1662 1907 Italia
1684 1849 1856 1909 disce-

242 1935 367 1992 dere
385 1938 587 1992 liceret.
629 1956 743 2012 quo
764 1938 1053 2010 impetrato
1072 1936 1224 1992 laetus
1244 1975 1260 1999 ‚
1305 1954 1514 1989 moram
1539 1931 1858 2012 interposuit

249 2019 451 2075 nullam
481 2021 778 2094 quominus
809 2017 976 2072 valere
992 2014 1205 2090 juberet
1242 2018 1400 2072 Italos
1425 2017 1856 2094 Romanumque

243 2103 538 2157 exercitum
557 2138 574 2164 ‚
607 2100 722 2154 loca
739 2099 986 2175 pleraque
1005 2102 1058 2152 in
1074 2095 1309 2153 hostium
1332 2118 1491 2153 manu
1512 2100 1856 2175 relinquens,

241 2180 510 2239 Perusiam
528 2200 656 2236 vero
674 2180 823 2235 arc‘Jco
846 2177 1066 2256 pressam
1087 2177 1327 2237 obsidio:
1365 2200 1480 2257 quae
1499 2180 1592 2236 illo
1622 2186 1733 2256 jam
1753 2182 1854 2235 iter

242 2260 471 2322 faciente
492 2264 542 2320 vi
567 2279 717 2339 capta
752 2282 917 2317 omne
939 2265 1061 2317 mali
1079 2282 1250 2340 genus
1270 2279 1486 2339 experta
1504 2260 1577 2317 est
1594 2302 1610 2328 ,
1642 2281 1705 2318 ut
1719 2261 1857 2319 dixi-

241 2365 365 2401 mus
384 2343 529 2400 alibi.
575 2346 796 2401 Interim
832 2349 886 2399 δε
915 2343 1272 2401 domesticum
1306 2342 1728 2400 incommodum
1748 2346 1853 2399 sse-
1882 2407 1883 2410 Ἴ

241 2425 413 2485 lisario
432 2422 678 2483 obvenit.
720 2422 966 2503 Augusta
990 2424 1218 2483 Belisarii
1250 2423 1415 2482 filiam
1432 2426 1631 2503 illigare
1652 2428 1856 2501 nuptiis

243 2509 432 2568 volens
452 2510 666 2584 nepotis
682 2504 759 2563 sui
776 2508 802 2563 ἐ
817 2504 925 2562 filia
943 2505 1198 2564 Anastafii
1220 2546 1237 2571 ,
1276 2506 1471 2563 crebris
1484 2507 1649 2563 literis
1663 2503 1856 2585 paren-¹

242 2610 322 2647 tes
340 2587 685 2647 adolescentis
701 2587 1058 2662 obtundebat.
1101 2591 1196 2668 qui
1215 2586 1528 2645 affinitatem
1546 2609 1660 2656 eam
1683 2606 1742 2645 ut
1759 2587 1854 2645 de-

164 2674 165 2677 '
241 2675 521 2738 clinarent‚
539 2674 776 2749 primum
794 2673 1006 2749 nuptias
1024 2674 1079 2728 in
1098 2672 1251 2727 suum
1270 2670 1499 2727 reditum
1517 2669 1852 2731 distulerunt,

242 2753 435 2811 deinde
459 2794 476 2820 ‚
511 2771 795 2810 revocante
826 2773 919 2809 eos
937 2755 1255 2831 Byzantium
1275 2751 1518 2831 Augusta
1538 2793 1554 2821 ‚
1589 2767 1856 2831 negarunt

244 2856 325 2892 res
345 2838 451 2905 pati
472 2854 530 2893 ut
548 2856 608 2891 ex
631 2836 923 2891 Italiatunc
964 2833 1308 2892 discederent.
1326 2908 1328 2910 ³
1351 2832 1597 2913 Augusta
1626 2835 1679 2891 id
1699 2835 1855 2900 unice

239 2915 456 2977 studens
473 2958 493 2989 ‚
525 2934 785 2998 nepotem
806 2933 867 2977 ut
888 2913 1043 2976 suum
1065 2919 1368 2998 ingentium
1403 2914 1871 2991 Belisariidivitiaff

1739 3013 1862 3054 rum
