1888 3428
255 150 699 208 Go-rTHrcffi
745 144 1158 201 HISTORIAE
1208 147 1423 203 LIB.I.
1526 166 1639 208 201

25 229 98 291 sae
131 247 302 289 turres
319 274 337 300 ,
363 233 551 288 arietes
587 235 642 286 &
675 226 926 285 scalarum
956 223 1109 304 quod
1143 222 1280 282 satis.
1322 227 1645 309 Eodemque

33 333 283 394 tempore
300 316 395 372 alia
413 310 762 370 Gotthorum
793 310 1138 387 oppugnatio
1155 310 1211 364 in
1231 325 1445 386 portam
1464 315 1648 369 Aure-

34 398 230 454 lianam
249 394 570 476 caeptabatur
585 393 731 450 hunc
751 393 807 448 in
826 391 1076 447 modum.
1119 389 1212 446 Est
1227 395 1371 448 extra
1387 412 1504 449 eam
1527 415 1648 470 por-

34 497 145 534 tam
182 478 405 535 Adriani
435 480 530 556 qui
563 476 829 534 Romanis
855 475 1180 550 imperitavit
1199 492 1648 543 monumentum,

33 558 63 616 a
83 558 355 617 moenibus
375 558 598 617 abfitum
616 556 802 635 lapidis
810 557 958 632 jactu
978 596 994 622 ‚
1015 554 1386 633 digniffimum
1407 554 1648 634 speciata

33 661 194 720 opus.
242 644 478 712 Factum,
499 643 644 697 enim
681 638 708 694 ἐ
738 641 905 695 Pariis
934 636 1009 694 est
1045 636 1174 694 saxis
1200 641 1272 695 ita
1297 641 1436 695 inter
1452 637 1502 695 se
1523 659 1650 696 coa-

32 727 211 803 ptati3‚
236 732 314 792 ut,
336 725 485 783 nullo
503 724 747 802 quamvis
768 721 1002 801 coagulo
1019 762 1035 788 ‚
1054 722 1200 777 velut
1219 739 1468 778 concreta
1486 743 1650 800 appa-

32 825 198 863 reant.
244 825 474 886 quatuor
499 804 735 861 ambitus
753 804 914 861 latera
942 804 1164 882 aequalia
1181 807 1317 861 inter
1333 801 1383 860 se
1417 826 1431 860 :
1469 804 1651 861 altitu-

34 887 107 944 do
142 888 510 946 muros-urbis
525 884 748 966 superat.
797 889 929 944 Hoc
951 907 1089 965 opus
1110 891 1337 960 majores
1356 886 1650 944 Romano-

31 970 156 1027 rum
192 970 406 1028 decreto
443 969 662 1049 publico
700 967 727 1026 ἐ
760 968 1036 1026 moenibus
1070 968 1271 1046 duplici
1303 967 1651 1026 brachiorum
1736 976 1741 979 *

31 1052 278 1130 projectu
302 1056 461 1113 ,velut
494 1071 697 1131 partem
732 1055 997 1110 moenium
1041 1049 1296 1107 fecerant.
1361 1056 1523 1109 Putet
1553 1053 1650 1130 qui

32 1138 246 1192 eminus
262 1155 458 1201 cernat,
479 1157 729 1215 magnam
748 1134 847 1192 effe
870 1137 1058 1191 turrim
1080 1153 1247 1212 portae
1261 1135 1496 1192 tutandae
1516 1154 1653 1213 prae-

32 1233 260 1285 tentam.
301 1220 450 1274 Huic
480 1216 782 1275 firmiffimae
815 1219 1112 1281 munitioni
1148 1215 1427 1273 custodem
1454 1214 1653 1272 Belisa-

33 1301 144 1355 rius
173 1298 387 1356 dederat
424 1299 851 1357 Constantinum
887 1321 900 1354 ε
938 1298 1222 1376 eidemque
1256 1304 1310 1354 &
1332 1301 1652 1377 contiguam

34 1380 303 1438 moenium
325 1401 531 1460 partem
549 1383 835 1439 curandam
854 1378 1193 1438 commiserat
1209 1421 1224 1446 ,
1254 1402 1373 1458 quae
1392 1383 1542 1437 tenui
1556 1380 1652 1438 ad-

35 1463 264 1522 modum
302 1463 541 1541 praefidio
575 1464 912 1521 servabatur:
943 1484 1067 1518 nam
1092 1463 1243 1541 quod
1275 1461 1348 1518 ob
1368 1460 1652 1540 praefluen-

34 1561 146 1602 tem
165 1567 383 1604 amnem
402 1547 455 1603 id
472 1548 610 1604 latus
634 1545 782 1602 urbis
799 1547 863 1602 ad
882 1549 988 1601 vim
1011 1547 1233 1601 minime
1253 1562 1459 1622 pateret
1476 1585 1494 1612 ,
1523 1545 1649 1604 ideo

33 1630 462 1708 oppugnationis
491 1628 616 1685 inde
632 1627 844 1686 securus
869 1647 1067 1704 paucos
1088 1628 1283 1682 milites
1309 1625 1584 1683 Belisarius
1601 1628 1653 1684 ei

32 1711 157 1765 loco
194 1709 507 1767 attribuerat
520 1752 541 1783 ³
576 1714 774 1789 quippe
810 1730 925 1765 non
968 1708 1202 1764 multum
1232 1705 1434 1764 habens
1466 1712 1651 1786 copia-

33 1811 180 1858 rum,
197 1813 432 1876 quorum
453 1813 567 1871 pars
589 1784 822 1849 maxim'a
840 1792 971 1847 locis
992 1793 1163 1870 magis
1182 1789 1473 1847 neceffariis
1492 1789 1651 1849 absu-

35 1872 296 1931 mebatur.
337 1877 485 1932 Nam
522 1878 655 1932 ultra
687 1877 932 1951 quinque
958 1873 1119 1928 millia
1151 1871 1518 1930 nonhabebat
1536 1878 1650 1929 Im-

33 1959 290 2033 peratoris
310 1955 596 2024 exercitu5,
619 1978 732 2036 quo
759 1975 1008 2033 tempore
1027 1973 1190 2033 caepta
1206 1953 1418 2012 obsidio
1440 1954 1531 2012 est.
1568 1958 1649 2011 At

37 2037 429 2099 Constantinus
475 2039 753 2111 (audierat
801 2042 946 2094 enim
995 2055 1139 2093 trans
1186 2036 1436 2093 Tiberim
1469 2035 1649 2095 hostes

34 2118 310 2178 transitum
332 2123 553 2197 moliri)
590 2139 838 2178 metuens
856 2121 930 2177 illi
954 2122 1218 2176 moenium
1241 2123 1378 2198 parti
1396 2118 1502 2199 ipse
1521 2139 1648 2197 cum

32 2205 214 2281 paucis
244 2202 481 2263 celeriter
520 2202 769 2260 subvenit
801 2225 813 2259 :
851 2201 1072 2260 suorum
1109 2201 1354 2280 pluribus
1387 2219 1556 2280 portae
1591 2207 1647 2264 ὃς

32 2290 380 2357 monumenti
400 2285 552 2366 quod
571 2283 935 2364 descripsimus
956 2285 1203 2341 mandata
1224 2282 1483 2346 custodia.
1527 2284 1648 2340 Nec

32 2387 196 2424 mora.
236 2368 443 2438 Gotthi
462 2364 674 2448 portam
696 2370 970 2425 Aureliam
988 2411 1001 2432 ‚
1027 2365 1292 2445 simulque
1312 2388 1650 2423 monumen-
1733 2415 1746 2421 -

32 2464 151 2525 tum
171 2450 396 2532 Adriani
415 2451 805 2532 aggrediuntur
821 2490 838 2517 ‚
858 2451 1026 2507 nullas
1039 2449 1261 2528 quidem
1280 2447 1551 2506 machinas
1567 2446 1648 2505 se-

19 2550 160 2588 vcum
176 2530 435 2591 habentes
458 2576 473 2602 ,
502 2533 589 2591 sed
608 2531 861 2591 scalarum
881 2535 989 2590 vim
1020 2530 1140 2589 satis
1172 2553 1425 2611 magnam
1454 2573 1470 2600 ‚
1506 2533 1649 2587 telo-

33 2632 283 2692 rumque.
325 2616 621 2696 Sperabant
653 2619 796 2673 enim
814 2627 1024 2673 'metum
1042 2614 1090 2674 se
1111 2613 1358 2671 hostibus
1381 2631 1441 2670 ut
1467 2616 1650 2692 paucis

33 2691 518 2771 facileginje'c‘turos
539 2742 556 2768 ,
588 2719 646 2756 ac
679 2697 749 2755 fic
767 2698 872 2754 loci
890 2694 1326 2776 compotesfore.
1375 2694 1531 2755 Ibant
1551 2716 1648 2752 au-

35 2792 150 2833 tem
179 2778 291 2835 vela
322 2778 417 2838 fibi
444 2781 833 2861 praetendentes
852 2781 948 2837 illis
967 2778 1152 2837 fimilia
1169 2777 1483 2859 quae'Persae
1500 2781 1646 2835 Der-

34 2877 120 2915 res
139 2879 351 2920 vocant.
392 2869 570 2944 Prope
589 2865 909 2921 advenerant
927 2860 1222 2942 improvifi,
1241 2860 1393 2940 quod
1409 2882 1503 2919 eos
1518 2879 1645 2938 por-

33 2941 173 3025 ticus
203 2939 550 3031 absconderet
581 2969 698 3028 quae
734 2944 797 3004 ad.
833 2947 973 3006 Petri
996 2944 1272 3105 Ytsmsplum
1292 2937 1646 3081 du'Cit⁴s2‡i‚¹}{ig
