1931 3428
34 199 35 202 η
290 130 660 216 .Ι,Ῑ“ΒΕ’Κ
743 153 1220 224 Qv1NTvs.·
1488 157 1615 230 869-

0 235 162 296 hodie
191 236 364 298 Rivus
399 240 725 316 appellatur,
771 258 870 296 nec
887 238 1056 316 longe
1085 238 1240 296 distat
1281 236 1347 298 ab
1367 236 1602 300 Astensis

0 323 227 384 civitatis
244 318 451 379 moenib
459 340 536 379 us,

463 457 525 525 C
627 483 675 527 A
776 483 831 525 P.
968 459 1101 524 VI.

145 600 396 678 Qomodo
435 591 675 678 Constans
703 598 927 678 Augustus
960 602 1010 658 in
1036 580 1237 657 ltaliain
1271 598 1465 658 veniens

512 695 837 744 Beneventum
883 682 1073 758 obfiedzt.

167 825 216 877 Is
239 819 432 880 diebus
457 819 847 880 Constantinus
876 819 1157 902 Augustus
1187 861 1211 897 ²<
1249 822 1342 901 qui
1365 824 1418 876 ὃς
1440 819 1603 877 Con-

169 901 310 960 stans
338 900 413 962 est
431 904 723 982 appellatus
741 945 759 972 ,
793 904 996 962 Italiam
1025 905 1090 962 de
1107 902 1602 984 Langobardorum

0 1006 166 1044 manu
198 1006 382 1043 eruere
416 988 637 1062 cupiens
654 1025 672 1052 ‚
724 985 1220 1066 Constantinopoli,
1242 982 1472 1066 egressus
1507 1002 1603 1062 per

0 1068 245 1137 littoralia
277 1071 380 1124 iter
412 1064 618 1124 habens
637 1108 654 1139 ‚
685 1067 934 1125 Athenas
954 1072 1101 1127 venit
1116 1108 1136 1134 ‚
1183 1069 1420 1148 indeque
1454 1087 1603 1124 mare

0 1145 336 1229 transgressus
351 1190 370 1218 ,
387 1150 696 1207 Tarentum
717 1153 990 1228 applicuit.
1036 1153 1154 1218 Qui
1171 1168 1352 1208 tamen
1373 1153 1516 1230 prius
1538 1145 1605 1205 ad

0 1231 294 1292 solitarium
313 1232 586 1310 quendam
622 1273 641 1300 ,
678 1237 772 1311 qui
805 1232 1100 1313 prophetiae
1130 1232 1385 1311 spiritum
1406 1231 1607 1289 habere

0 1313 278 1374 dicebatur
299 1356 314 1379 ‚
329 1312 476 1370 abiit
492 1354 509 1381 ,
528 1312 757 1372 studiose
776 1314 842 1371 ab
861 1337 927 1373 eo
946 1312 1204 1373 sciscitans
1224 1358 1240 1383 ,
1264 1335 1448 1374 utrum
1465 1334 1605 1395 gen-

0 1414 109 1458 tem
127 1393 619 1475 Langobardorum
635 1436 652 1462 ‚
685 1398 804 1475 quac
824 1390 879 1453 in
893 1401 1035 1455 Italia
1051 1397 1342 1466 habitabat,
1359 1397 1606 1478 superare

0 1485 54 1540 &
73 1476 324 1537 obtinere
341 1475 526 1558 posset.
572 1483 627 1536 A
658 1500 771 1558 quo
792 1501 916 1537 cum
949 1479 1128 1538 servus
1157 1483 1267 1538 Dei
1288 1481 1516 1561 spatium
1539 1503 1606 1538 u-

0 1564 121 1624 nius
143 1560 321 1624 noaestis
335 1558 629 1639 expetisset,
647 1580 706 1623 ut
726 1581 824 1641 pro
842 1561 949 1620 hoc
966 1561 1078 1641 ipso
1098 1563 1390 1621 dominum
1404 1561 1606 1642 suppli-2·

0 1661 141 1705 caret
158 1684 174 1710 ‚
201 1640 349 1707 facto
366 1663 523 1704 mane
541 1645 616 1700 ita
633 1641 808 1701 eidem
826 1643 1084 1723 Augusto.
1105 1643 1376 1724 respondit
1398 1667 1413 1702 τ
1448 1647 1608 1702 Gens

0 1723 492 1806 Langobardorum
524 1722 752 1804 superari
775 1727 945 1784 modo
978 1726 1048 1784 ab
1065 1729 1247 1807 aliquo
1269 1749 1385 1784 non
1405 1727 1606 1807 potest,

0 1812 127 1889 'quia
156 1810 342 1888 regina
357 1805 627 1886 quaedam,
653 1828 716 1865 ex
737 1809 834 1869 alia
852 1812 1129 1888 provincia
1154 1814 1377 1868 veniens
1394 1851 1411 1878 ‚
1430 1809 1610 1867 basili-

0 1903 119 1953 cam
149 1889 293 1951 beati
326 1890 580 1947 Iohannis
613 1888 851 1970 baptistae
881 1894 937 1948 in
953 1891 1442 1971 Langobardorum
1477 1890 1607 1950 fini-

0 1970 102 2036 bus
135 1970 472 2041 construxit,
513 1978 569 2029 &
599 1990 822 2053 propter
850 1971 955 2032 hoc
984 1972 1091 2053 ipse
1127 1973 1317 2032 beatus
1336 1973 1608 2032 Iohannes

38 2075 100 2112 ro
116 2051 608 2133 Langobardorum
624 2074 787 2133 gente
807 2059 1068 2113 continue
1086 2055 1387 2114 intercedit.
1407 2060 1610 2116 Veniet

0 2077 185 2200 {utem
205 2152 444 2214 tempus,
476 2137 697 2214 quando
716 2135 889 2216 ipsum
912 2138 1191 2196 oraculum
1205 2137 1493 2197 habebitur
1510 2139 1608 2198 de·-

0 2216 203 2299 spetfftui
218 2257 237 2285 ,
254 2222 309 2274 δε
324 2235 455 2274 tunc
468 2238 602 2297 gens
615 2217 719 2297 ipsa
737 2219 949 2296 peribit.
995 2220 1174 2287 Quod
1193 2242 1295 2278 nos
1310 2224 1383 2278 ita
1402 2219 1611 2281 factum

0 2298 104 2368 effe
122 2299 473 2379 probavimus
490 2339 509 2367 ‚
541 2305 670 2379 quia
687 2319 809 2358 ante
834 2301 1325 2383 Langobardorum
1344 2306 1574 2383 perditio
1590 2337 1610 2348 -

0 2400 133 2446 mem
149 2423 168 2452 ,
188 2381 417 2439 eandem
436 2381 579 2439 beati
594 2382 847 2442 Iohannis
866 2385 1133 2442 bafilicam
1151 2427 1169 2454 ,
1212 2407 1330 2465 quae
1348 2390 1531 2464 utique
1549 2390 1609 2443 in

26 2486 131 2528 oco
149 2468 244 2544 qui
265 2463 507 2522 Modicia
526 2464 720 2523 dicitur
739 2465 813 2524 est
834 2467 1145 2535 constituta,
1166 2472 1258 2546 per
1279 2469 1406 2524 viles
1424 2466 1611 2546 perso-

6 2567 102 2612 nas
133 2547 368 2604 ordinari
392 2545 770 2625 conspeximus
788 2591 804 2616 ,
850 2553 924 2607 ita
944 2569 1003 2608 ut
1034 2551 1269 2631 indignis
1288 2556 1342 2605 δε
1360 2550 1612 2608 adulteris

6 2649 238 2708 nonpro
260 2632 380 2687 vitae
399 2633 596 2687 merito
616 2669 634 2695 ,
665 2630 752 2688 sed
771 2636 1118 2710 praemiorum
1151 2634 1369 2694 datione
1386 2672 1410 2701 ,‚
1440 2631 1613 2696 isdem

28 2731 160 2780 ocus
172 2710 805 2794 venerabilislargircturr
1538 2711 1540 2715 ’

811 2964 900 3027 {ii
943 2986 973 3052 Ξ
1395 2959 1446 3014 C
1488 2978 1521 3013 A
1562 2960 1618 3015 1³3
