1888 3428
223 190 344 253 254
542 169 933 229 Pnocopn
975 163 1522 227 CAESAREENsrs

161 309 174 315 γ.
224 263 396 315 citur:
438 250 726 332 visusque&
758 249 994 308 barbaris
1029 254 1179 321 <nam
1217 270 1388 330 prope
1410 250 1602 308 maenia
1620 247 1854 310 cecide?

223 357 305 398 rat
323 344 347 410 )
380 334 558 397 subito
576 329 767 392 eorum
788 330 998 391 incursu
1017 328 1358 390 interficitur.
1412 335 1571 414 Fugit
1591 326 1826 410 primum

223 443 286 478 ea
308 434 390 478 r'es
420 421 738 479 Romanos,
779 437 909 473 mox
941 413 1035 471 ubi
1068 413 1493 494 cognoscincaepit
1513 458 1528 479 ,
1549 436 1837 496 „magnum-

224 500 486 561 omnibus
503 501 749 559 dolorem
769 539 784 560 ‚
806 496 1066 555 Mundilae
1086 494 1373 577 praesertim
1394 538 1411 565 ‚
1420 499 1694 554 excitavit.
1726 499 1828 565 Hi,

224 603 287 644 ut
319 584 638 643 Mediolano
659 583 1154 659 appropinquatum
1183 577 1258 635 est
1278 619 1294 646 ‚
1326 585 1381 637 δε
1401 600 1518 636 eam
1554 577 1743 636 urbem
1772 586 1829 637 &

223 667 503 747 Liguriam
521 684 744 723 omnem
764 661 870 719 sine
887 660 1143 741 sanguine
1158 664 1213 719 in
1232 658 1396 718 fidem
1409 663 1696 739 accipiunt.
1714 682 1835 740 quo
1855 678 1858 681 ·

223 751 426 829 νίῑὶςίε
445 765 728 826 comperto
750 785 766 806 ,
799 747 1094 801 exercitum
1124 764 1383 822 properus
1402 764 1469 799 eo
1487 746 1652 800 mittit
1676 787 1690 808 ,
1720 745 1831 800 vdu-

225 841 453 910 cernque
486 834 706 904 Vrajam
739 823 836 883 suo
868 823 1027 883 fratre
1044 829 1315 905 genitum.
1358 826 1535 882 Etiam
1568 824 1830 882 Theude-
1881 845 1884 847 ’

223 913 412 972 bertus
433 955 449 981 ‚
492 914 725 970 Francos
744 929 811 966 eo
830 926 1078 988 tempore
1109 928 1300 987 regens
1323 951 1338 972 ‚
1374 910 1551 964 oranti
1570 907 1830 964 auxilium

225 994 454 1075 praebuit
474 994 538 1052 ad
557 994 744 1050 decem
766 991 928 1048 millia
949 1031 965 1055 ,
999 1010 1114 1047 non
1149 990 1191 1047 ἐ
1208 992 1419 1047 Francis
1437 1008 1618 1046 tamen
1638 1030 1654 1056 ,
1693 987 1780 1047 sed
1801 987 1831 1045 ὲ

222 1075 738 1156 Burgundionibus.
797 1072 885 1128 Ne
917 1075 1262 1151 Imperatoris
1291 1074 1522 1129 amicitia
1552 1073 1834 1131 laederetur
1885 1083 1888 1085 ’

222 1161 279 1218 id
297 1165 352 1217 in
372 1158 598 1239 speciem
620 1172 892 1234 repertum
911 1153 984 1211 est
1004 1193 1021 1219 ,
1058 1171 1119 1210 ut
1137 1155 1557 1233 Burgundiones
1579 1156 1725 1212 velut
1744 1151 1858 1211 sua·

223 1240 415 1322 sponte
433 1280 447 1302 ‚
482 1260 597 1297 non
619 1234 987 1294 Theudeberti
1015 1234 1154 1312 jussu
1187 1233 1486 1312 impulsuve
1506 1277 1523 1303 ‚
1554 1256 1670 1291 eam
1692 1238 1834 1292 mili-

222 1329 356 1382 tiam
376 1319 714 1400 capefferent.
755 1318 860 1374 His
882 1317 1346 1397 permixtiGotthi
1365 1319 1522 1375 citius
1535 1338 1700 1396 quarn
1717 1318 1839 1374 Ro·
1876 1383 1880 1385 Α

224 1409 371 1465 mani
389 1402 822 1483 exspe&averant
843 1419 1011 1480 prope
1030 1400 1411 1459 Mediolanum
1430 1402 1656 1458 veniunt
1674 1441 1692 1468 ,
1727 1420 1834 1477 po-

223 1486 438 1567 fitisque
456 1484 634 1545 castris
652 1482 840 1543 urbem
860 1481 1253 1551 circumfident.
1298 1480 1546 1540 Praeclusa
1561 1503 1835 1540 commea-

225 1587 385 1628 tuum
404 1570 721 1627 adveffione
741 1607 758 1634 ‚
791 1565 941 1627 brevi
960 1585 1140 1622 rerum
1161 1569 1342 1645 inopia
1357 1568 1586 1622 tentavit
1604 1609 1618 1631 ,
1652 1586 1751 1621 nec
1769 1563 1852 1622 adr

224 1650 525 1710 custodiam
562 1653 817 1707 maenium
855 1648 1007 1703 miles
1041 1648 1238 1704 aderat.
1299 1650 1500 1726 quippe
1533 1647 1834 1715 MundilaS,

225 1751 497 1812 occupato
538 1730 799 1810 quicquid
833 1733 1107 1786 munitum
1141 1732 1195 1785 in
1216 1749 1281 1785 eo
1305 1731 1480 1786 tractu
1514 1748 1661 1796 erat,
1706 1748 1840 1806 puta

225 1819 508 1897 Bergomo
524 1856 540 1882 ‚
561 1815 750 1870 Como
762 1851 781 1878 ,
800 1813 1039 1869 Novaria
1064 1851 1081 1878 ‚
1113 1813 1199 1869 vix
1220 1829 1490 1868 trecentos
1508 1809 1684 1869 secum
1705 1812 1836 1875 Me-

227 1900 431 1958 diolani
466 1900 756 1955 retinuerat
794 1915 809 1949 2
851 1893 993 1950 unde
1022 1890 1142 1971 ipfis
1171 1893 1454 1972 oppidanis
1479 1894 1836 1968 injunc‘tane—

227 1979 433 2040 ceffitas
463 1977 670 2038 vicibus
706 1976 909 2057 vigilias
941 1974 1196 2055 agitandi.
1238 1977 1371 2033 Haec
1389 1976 1518 2033 dum
1540 1997 1633 2054 per
1660 1979 1841 2056 Ligu--

180 2085 186 2089 *
229 2068 364 2122 riam
395 2078 660 2144 aguntur,
697 2078 822 2115 cum
855 2055 1059 2135 hyemis
1089 2059 1238 2114 exitu
1268 2055 1408 2115 finiit
1439 2079 1610 2115 annus
1644 2061 1834 2115 tertius

228 2147 358 2205 belli
374 2145 533 2220 hujus
566 2139 718 2220 quod
751 2138 1155 2198 describendum
1176 2138 1358 2197 sumsit
1388 2144 1712 2219 Procopius.
1753 2144 1835 2197 At
1880 2147 1888 2151 ’

229 2229 327 2286 ubi
354 2226 560 2287 solstitii
579 2221 741 2280 aestivi
761 2239 978 2299 tempus
1012 2218 1212 2290 adfuit,
1247 2225 1303 2279 in
1335 2227 1569 2304 Vitigim
1602 2243 1661 2279 ac
1680 2222 1835 2280 Got-

228 2310 355 2369 thos
389 2307 665 2366 Belifarius
685 2345 702 2372 ,
747 2308 925 2384 paucis
942 2306 1135 2362 Romae
1154 2304 1217 2362 ad
1238 2306 1460 2363 tutelam
1491 2307 1687 2362 relictis
1706 2346 1722 2373 ‚
1765 2326 1835 2361 o-
1875 2327 1882 2338 ¹

212 2411 417 2451 emnem
437 2393 598 2447 alium
616 2389 907 2445 exercitum
927 2389 1092 2465 rapit:
1138 2393 1191 2444 &
1207 2427 1222 2453 ‚
1241 2387 1512 2466 praemiffis
1531 2391 1624 2467 qui
1643 2387 1840 2449 Tuder

234 2473 591 2552 Clusiumque
623 2468 798 2527 castris
824 2468 1089 2526 ambirent
1107 2510 1125 2537 ,
1157 2467 1463 2527 secuturum
1486 2469 1534 2527 se
1552 2469 1835 2548 perficien-

232 2558 306 2615 do
337 2553 548 2614 obsidio
568 2553 858 2632 promittit.
898 2550 987 2610 sed
1005 2548 1282 2630 utriusque
1299 2552 1487 2631 oppidi
1505 2551 1836 2609 habitatores

232 2640 470 2698 adventu
487 2635 725 2692 hostium
746 2636 972 2714 cognito
994 2675 1011 2702 ,
1034 2634 1442 2713 periculumque
1462 2638 1734 2700 exterriti,
1755 2635 1835 2692 le-

234 2720 373 2803 gatis
391 2718 456 2777 ad
471 2714 783 2774 Belisarium
816 2714 982 2773 miffis
1000 2756 1019 2785 ,
1055 2737 1391 2784 convenere,
1425 2735 1486 2774 ut
1517 2713 1640 2775 salvi
1670 2716 1837 2773 rebus

232 2803 384 2863 sal'vis
400 2804 457 2859 in
473 2798 639 2858 fidem
655 2801 1016 2877 reciperentur
1034 2823 1046 2856 :
1068 2798 1337 2879 verbaque
1354 2797 1507 2856 faetis
1527 2800 1835 2878 implenteS,
1880 2815 1885 2838 ³

232 2880 328 2965 'ipsi
352 2928 368 2951 ‚
391 2882 547 2940 fimul
564 2903 631 2940 eo
651 2898 964 2960 pervenerat
981 2921 999 2947 ,
1038 2879 1204 2959 semet
1222 2882 1499 2954 tradidere.
1532 2884 1617 2939 ille
1635 2901 1666 2948 ‚⁷
1681 2881 1835 2937 Get-⁴
1858 2911 1860 2914 >

231 2968 346 3040 this
360 2965 619 3029 omnibus
649 2962 774 3026 inde
791 2966 849 3027 in
873 2964 1103 3027 Siciliam
1137 2964 1538 3046 Neapolimque
1566 2961 1860 3024 transmOw

341 3077 343 3079 ¹
388 3072 400 3078 ·’
1733 3062 1837 3117 tiS,
