1888 3428
187 161 625 220 GoT’rx-ncffi
666 160 1063 218 HISTORIAE
1103 161 1382 217 L113.111.
1506 175 1620 237 405

13 241 267 314 ‚custodiae
281 246 383 302 acri
402 264 525 300 cura
549 242 794 301 incubuit
811 282 828 309 ‚
847 240 1190 298 Germanum
1209 242 1430 321 ejusque
1446 245 1634 320 copias

13 326 342 404 exspeffans.
388 327 522 384 Haec
542 325 670 386 dum
688 325 788 381 illis
810 326 864 379 in
885 322 1120 401 partibus
1138 340 1374 403 aguntur
1392 365 1409 391 ‚
1437 323 1629 404 hyems

12 407 163 467 desiit
187 447 206 474 ,
242 406 520 487 finemque
553 408 750 485 accepit
781 425 960 463 annus,
984 406 1451 483 decimusquintus
1504 404 1632 463 belli

11 488 172 565 hujus
188 490 340 569 quod
355 492 628 567 Procopio
647 486 975 545 describitur.
1000 490 1155 544 Dum
1175 486 1486 544 Germanus
1505 488 1627 542 Sar-

11 571 142 630 dicae
162 612 178 634 ‚
213 592 330 650 quae
348 574 534 652 Illyrici
548 569 673 628 urbs
689 567 764 626 est
782 609 801 636 ,
833 573 982 650 cogit
1001 570 1320 648 ordinatque
1338 571 1633 626 exercitum

10 657 66 711 &
87 652 303 711 summo
325 653 499 713 studio
527 653 720 709 cumsta
750 651 815 708 ad
852 651 1055 708 bellum
1089 670 1270 730 parat,
1309 651 1629 717 Sclavorum

12 753 216 813 quanta
233 756 347 793 non
367 755 491 794 ante
510 754 697 791 manus
732 733 1014 790 Romanas
1048 735 1105 790 in
1144 751 1307 792 terras
1341 731 1390 791 se
1424 733 1628 795 intulit,

9 817 446 898 Danubiumque
480 813 790 895 transgressa
808 815 873 871 ad
910 812 1076 873 Naiso
1110 818 1285 873 vicina
1318 815 1633 893 penetravit.

11 904 222 956 Paucos
238 899 436 957 horum
453 898 482 955 ἒι
499 898 674 956 castris
707 900 925 976 longius
955 919 1012 955 ac
1048 895 1350 978 singillatim
1370 896 1635 959 oberran-

12 998 94 1038 tes
111 983 351 1039 Romani
368 979 396 1038 a
412 979 461 1038 se
479 997 666 1060 captos
704 977 1020 1059 vinctosque
1037 981 1377 1059 interrogant
1392 1021 1409 1047 ‚
1437 976 1547 1056 qua
1568 977 1637 1035 de

13 1061 362 1140 causaquove
379 1062 599 1121 consilio
619 1080 799 1120 tantus
815 1064 1131 1121 Sclavorum
1153 1066 1411 1120 exercitus
1424 1058 1633 1121 flumen

13 1143 316 1204 transiiffet.
356 1148 596 1221 illiajunt
615 1144 968 1211 destinatum,
1006 1143 1438 1203 Thessalonicam
1464 1148 1519 1201 δε
1548 1139 1634 1200 vi&

13 1230 158 1284 cinas
176 1228 334 1285 urbes
352 1225 635 1285 obsidione
656 1248 857 1305 capere.
907 1229 1051 1294 Quae
1087 1225 1243 1285 simul
1265 1226 1434 1284 audiit
1454 1232 1638 1303 Impe-

13 1327 163 1366 rator
184 1350 200 1375 ‚
235 1310 349 1366 non
366 1311 554 1367 leviter
568 1314 849 1365 exterritus
870 1349 884 1370 ,
921 1309 1206 1366 Germano
1248 1308 1425 1366 statim
1458 1305 1640 1365 scribit

14 1388 372 1469 supersederet
398 1395 453 1448 in
483 1393 689 1448 Italiam
710 1394 922 1454 itineri,
956 1390 1341 1449 Theffalonicae
1373 1407 1554 1448 autem
1576 1393 1666 1445 ac'

13 1472 406 1549 finitimis-locis
424 1472 732 1531 subveniret
750 1515 767 1542 ,
807 1474 1236 1555 Sclavorumque
1271 1471 1635 1531 incursionem

14 1559 173 1614 omni
193 1560 245 1614 vi
262 1558 558 1636 repelleret.
606 1557 918 1614 Germanus
949 1557 1014 1614 ad
1048 1555 1385 1636 exsequenda
1418 1551 1547 1629 juffa
1585 1551 1636 1612 se

15 1639 252 1719 parabat.
272 1644 348 1695 At
369 1640 689 1699 Sclavi‚cum
711 1660 772 1694 ex
792 1642 1014 1715 captivis
1035 1657 1182 1695 certo
1202 1635 1496 1696 didiciffent
1515 1638 1640 1692 Sar-

14 1722 143 1780 dicae
162 1718 260 1778 esse
301 1720 642 1777 Germanum
661 1761 678 1788 ‚
714 1741 994 1796 expavere.
1036 1739 1184 1777 tanta
1217 1717 1361 1777 fama
1398 1720 1638 1776 Germa-

4 1809 150 1861 ‘num
169 1823 254 1860 eas
271 1800 436 1882 usque
451 1820 640 1881 gentes
660 1799 1146 1881 celebraverat,qua
1164 1802 1231 1860 de
1250 1799 1417 1868 causa,
1436 1801 1636 1858 dicam.

18 1887 168 1943 Cum
189 1888 424 1964 primum
440 1888 800 1963 principatum
843 1885 1065 1963 adeptus
1096 1901 1206 1942 erat
1241 1903 1459 1963 patruus
1494 1883 1643 1939 Ger-

16 1971 161 2025 mani
190 1965 539 2033 Iustinianu5‚
579 1970 741 2025 Antae
775 1970 970 2025 Sclavis
1011 1952 1341 2025 conter⁸mini
1371 1961 1636 2023 Danubio

17 2047 316 2134 t‘ransfniffo
336 2053 395 2109 in
413 2052 690 2108 Romanas
721 2051 974 2129 regiones
1006 2071 1208 2131 magno
1234 2051 1449 2130 agmine
1468 2049 1643 2103 irrue-

19 2132 158 2190 rant.
199 2134 543 2191 Germanum
564 2137 863 2210 Imperator
883 2141 995 2188 non
1017 2136 1190 2190 multo
1204 2153 1326 2190 ante
1347 2152 1438 2210 per
1455 2129 1640 2186 Thra-

18 2218 151 2273 ciam
170 2215 364 2273 ducem
383 2211 603 2271 fecerat.
638 2211 783 2293 isque
802 2211 1087 2272 commisso
1100 2235 1224 2273 cum
1242 2212 1489 2272 hostibus
1508 2222 1665 2290 prae-‘

17 2299 94 2355 lio
117 2300 312 2356 virtute
329 2295 605 2374 superior,
635 2295 902 2354 occiderat
935 2317 1083 2374 paene
1116 2317 1309 2354 ornnes
1330 2335 1346 2361 ‚
1385 2296 1640 2353 inclitum

19 2379 144 2444 inde
162 2400 366 2452 nomen
396 2378 537 2458 apud
556 2396 746 2458 gentes
764 2381 925 2435 etiam
944 2380 1067 2436 alias
1083 2419 1098 2446 ,
1139 2377 1225 2436 sed
1246 2381 1475 2435 maxime
1495 2374 1641 2456 apud

19 2464 195 2544 gentis
217 2463 354 2520 illius
374 2458 632 2519 barbaros
654 2460 997 2519 consecutus.
1041 2460 1348 2519 Perturbati
1366 2481 1500 2541 ergo
1518 2501 1536 2528 ‚
1571 2461 1647 2514 ita

11 2562 84 2601 ‘ut
117 2544 289 2601 dicere
323 2564 580 2621 caeperam
613 2583 629 2604 ‚
666 2540 913 2610 barbari,
944 2563 1043 2600 nec
1077 2542 1309 2600 dubium
1342 2541 1603 2599 habentes
1618 2582 1636 2604 ,

22 2628 156 2704 quin
181 2647 304 2684 cum
324 2628 532 2705 magnis
550 2628 721 2704 copiis
741 2628 945 2683 veniret
977 2624 1085 2683 dux
1122 2625 1187 2682 ab
1224 2631 1554 2703 Imperatore
1581 2625 1643 2679 in

22 2709 266 2765 Totilam
292 2704 646 2787 Gotthosque
668 2705 870 2775 miffu3‚
889 2706 1012 2764 avia
1028 2705 1461 2766 Thessalonicam
1480 2707 1647 2784 perti-

24 2808 186 2847 nente
206 2791 575 2858 declinarunt,
606 2810 749 2846 acne
768 2793 824 2847 in
856 2809 1006 2868 aequa
1035 2790 1258 2867 quidem
1294 2787 1404 2847 ausi
1424 2786 1645 2846 descen-

25 2870 147 2929 dere
170 2912 187 2939 ,
202 2877 387 2929 omnia
416 2872 603 2950 Illyrici
617 2876 748 2951 juga
767 2869 1202 2951 perambulantes
1222 2912 1239 2938 ,
1274 2871 1492 2933 tandem
1510 2867 1647 2923 Dal-

26 2954 248 3012 matiam
263 2955 576 3017 adveniunt.
619 2951 816 3034 quibus
833 2951 1018 3034 spretis
1037 2954 1349 3012 Germanus
1364 2951 1522 3011 edicit
1543 2949 1652 3086 nii-

916 3037 967 3093 C
988 3055 1015 3090 c
1063 3056 1086 3111 3
1597 3026 1659 3084 iti
