1888 3428
247 177 367 241 412
593 163 982 220 PRocoPu
1023 158 1556 218 CAESAREENSIS
1636 201 1638 204 ψ

241 265 351 324 que
384 241 782 312 Thermodon,
822 241 887 300 ad
915 262 1080 320 quem
1115 245 1465 300 Amazonum
1497 237 1648 300 fuiffe
1682 240 1843 301 castra

245 342 638 384 memorantur.
691 324 778 383 sed
803 326 867 381 de
886 323 1265 381 Amazonibus
1288 322 1406 402 post
1442 325 1721 402 aliquanto
1742 322 1882 382 dis-
1878 346 1881 347 ⁷

241 406 463 465 {errandi
483 412 580 464 erit
613 408 784 464 locus.
827 408 1188 482 Trapezuntis
1221 404 1356 463 ditio
1387 407 1732 483 protenditur
1765 410 1848 464 vi·-

244 511 371 547 cum
407 488 571 568 usque
598 487 927 545 Susurmona
947 494 999 545 &
1019 509 1144 545 eum
1166 488 1397 544 tractum
1428 491 1514 545 cui
1533 490 1718 548 Rizaeo
1740 510 1848 545 no-
1884 531 1888 557 3

242 593 408 636 men,
437 574 530 650 qui
559 574 905 650 Trapezunte
942 570 1088 628 abest
1127 569 1280 626 bidui
1312 572 1498 627 itinere
1534 570 1729 627 littoris
1762 575 1848 628 via

242 657 488 712 Lazicam
520 655 740 730 petenti.
787 654 937 710 Cum
972 654 1330 729 Trapezuntis
1353 656 1560 708 mentio
1581 653 1849 717 inciderit,

242 757 359 793 non
378 735 681 792 omittenda
698 755 778 791 res
807 735 968 814 digna
987 734 1339 791 admiratione
1362 773 1378 801 ,
1407 737 1540 800 mel,
1575 734 1727 790 dulce
1746 754 1849 793 cae-

242 821 372 876 teris
402 838 691 883 terrarum,
724 819 861 873 intra
877 820 1277 896 Trapezuntios
1300 814 1435 872 fines
1456 836 1695 872 amarum
1716 814 1815 873 effe
1830 857 1849 883 ,

244 902 530 958 communi
563 887 848 956 hominum
886 900 950 957 de
981 920 1047 957 eo
1069 897 1400 977 persuasione
1421 919 1533 954 non
1552 897 1674 955 alibi
1700 894 1846 955 falsa.

246 984 573 1040 dexteriores
590 982 669 1038 his
688 980 949 1039 omnibus
966 985 1099 1039 locis
1113 983 1360 1038 Tzanicae
1383 980 1432 1037 se
1450 1001 1667 1037 montes
1683 981 1851 1037 attol-

244 1066 399 1122 lunt:
438 1064 577 1121 ultra
607 1084 747 1140 quos
779 1066 1029 1121 Armenii
1060 1061 1182 1121 sunt
1212 1064 1286 1120 ini
1305 1091 1327 1125 ‚¹
1356 1067 1450 1142 qui
1478 1065 1743 1121 Romanis
1765 1084 1850 1120 re-

244 1162 471 1226 guntur.
513 1143 725 1201 Defiuit
741 1144 806 1201 ab
827 1145 908 1202 his
925 1148 1175 1202 Tzanicis
1195 1146 1478 1201 montibus
1495 1147 1635 1202 Boas
1656 1149 1850 1213 amniS‚

245 1231 340 1307 qui
372 1230 537 1283 multa
569 1225 814 1283 filvestria
861 1230 978 1283 loca
1008 1217 1273 1306 perlapsus
1312 1227 1585 1320 obitisque
1617 1228 1847 1284 coilibus

245 1311 465 1375 multiS,
500 1312 746 1386 proxime
766 1307 830 1364 ad
845 1312 1070 1366 Lazicos
1089 1307 1224 1367 fines
1243 1309 1478 1375 accedit,
1501 1311 1718 1387 exitque
1737 1304 1852 1365 Eu-

242 1394 439 1450 xinum
457 1392 513 1446 in
538 1410 773 1468 pontum
793 1430 811 1456 ,
850 1412 963 1448 non
982 1396 1091 1465 jam
1110 1395 1281 1459 Βοειε,
1313 1389 1399 1448 sed
1419 1412 1485 1446 eo
1509 1391 1808 1448 vocabulo
1795 1413 1854 1448 in

243 1473 389 1532 aliud
426 1490 766 1530 commutato
799 1494 863 1530 ex
894 1472 1302 1568 superveniente
1335 1472 1507 1530 causa.
1561 1471 1853 1554 Acampfin
1884 1505 1885 1508 =

243 1547 511 1634 indigenae
532 1574 760 1621 vocant,
796 1555 949 1634 quod
979 1560 1109 1613 mari
1129 1557 1397 1613 admixtus
1418 1555 1768 1633 praetervehi,
1803 1555 1853 1614 se
1884 1576 1888 1603 ὲ

243 1659 363 1696 non
385 1636 538 1694 linat.
590 1639 778 1694 Tanto
814 1642 1015 1717 quippe
1049 1642 1256 1716 impetu
1292 1658 1520 1718 praeceps
1550 1638 1851 1707 evolvitur,

243 1722 455 1799 ingenti
487 1717 708 1812 strepitu
744 1717 943 1776 fluetus
975 1721 1350 1787 diverberanS,
1387 1739 1446 1776 ut
1480 1722 1643 1776 etiam
1665 1722 1720 1776 in
1740 1720 1850 1777 alto
1885 1745 1887 1747 ¹

249 1801 440 1881 procul
458 1802 679 1859 navium
705 1800 915 1858 cursum
938 1802 1214 1880 impediat.
1247 1800 1370 1859 ideo
1392 1803 1485 1880 qui
1504 1807 1745 1858 Pontum
1765 1824 1854 1859 na-

246 1888 464 1963 vigant,
510 1881 615 1940 five
647 1885 894 1941 Lazicam
930 1881 1143 1952 versUS,
1175 1882 1332 1941 five
1312 1905 1340 1940 a
1369 1885 1591 1948 Lazica,
1620 1902 1851 1964 caeptum
1884 1929 1888 1931 -

245 1971 348 2023 iter
366 1962 608 2043 persequi
628 1963 767 2023 τεᾶἒι
796 1985 1074 2042 nequeunt
1092 1965 1166 2023 ob
1186 1966 1498 2022 violentiam
1518 1969 1690 2023 amnis
1704 1965 1854 2023 insu-
1879 2009 1881 2012 ι

247 2046 573 2127 perabiiem‚
607 2044 694 2104 sed
712 2045 1018 2127 long1ffime
1040 2046 1089 2105 se
1111 2048 1177 2104 ab
1196 2068 1290 2104 ora
1320 2065 1635 2107 amoventes
1654 2053 1711 2107 in
1741 2070 1855 2106 me-

248 2130 401 2188 dinm
435 2149 576 2184 mare
597 2169 613 2196 ‚
656 2132 730 2185 ita
766 2129 988 2187 demum
1020 2129 1283 2187 undarum
1316 2131 1652 2208 rapiditatem
1686 2131 1877 2189 decli-ff

251 2228 400 2270 nant.
443 2213 571 2267 130ae
590 2213 761 2267 amnis
793 2229 982 2269 natura
1002 2230 1062 2270 ut
1078 2212 1184 2270 dixi
1202 2210 1252 2269 se
1269 2210 1449 2270 habet.
1493 2214 1737 2270 Rizaeum
1757 2234 1853 2270 ex-

250 2297 457 2371 cipiunt
476 2312 691 2349 montes
709 2315 873 2389 quam
893 2293 967 2351 s
918 2316 969 2352 ui
980 2315 1115 2371 Juris
1128 2294 1375 2351 homines
1398 2293 1666 2352 habitant
1655 2336 1672 2364 ,
1702 2298 1857 2353 Lazis

247 2377 597 2454 Romanique
632 2379 843 2453 imperii
877 2377 1090 2456 populis
1123 2377 1406 2452 interjeffi.
1447 2375 1540 2435 Est
1571 2378 1719 2434 vicus
1746 2377 1856 2434 ibi-

247 2457 410 2524 dem,
444 2457 671 2515 Athenae
689 2458 893 2519 diotus,
934 2479 1048 2515 non
1067 2459 1214 2538 quod
1234 2460 1301 2515 ab
1323 2461 1504 2518 Attica
1535 2480 1604 2516 eo
1634 2458 1855 2516 deducti

249 2542 433 2597 coloni
459 2535 696 2606 fuerint,
733 2558 792 2597 ut
809 2541 1028 2619 quidam
1050 2562 1144 2619 per
1174 2561 1410 2598 errorem
1433 2540 1732 2603 credidere,
1765 2539 1852 2599 sed

249 2621 401 2701 quod
421 2617 639 2677 vetustis
659 2623 998 2716 temporibus
1029 2625 1407 2700 imperitaverit
1425 2623 1530 2679 illic
1552 2626 1744 2680 mulier
1766 2626 1853 2680 A·

252 2704 413 2760 thena
433 2705 676 2770 nomine,
696 2709 846 2779 cujus
866 2709 953 2761 δι’
941 2726 994 2761 in
1015 2704 1158 2761 hunc
1176 2704 1317 2761 diem
1333 2702 1666 2781 sepulchrum
1686 2726 1855 2762 mon-

244 2786 459 2842 ‘stratur-
502 2783 645 2839 Hah}
636 2802 833 2841 tantur
854 2790 906 2841 ὃς
926 2785 1215 2850 Archabis,
1244 2793 1296 2845 δε
1318 2786 1551 2863 Apsarus
1573 2805 1725 2843 vetus
1744 2800 1865 2866 op-'

253 2866 478 2947 pidum
459 2887 484 2921 a
498 2866 681 2923 Rizaeo
702 2866 890 2923 tridui
878 2871 1067 2925 itinere
1086 2866 1336 2925 dissitum.
1382 2871 1681 2945 Antiquior
1699 2872 1746 2925 ei
1765 2890 1853 2946 ap-

252 2949 472 3028 pellatio
493 2945 752 3029 Apsyrtos
771 2946 905 3015 fuit,
930 2949 1088 3008 abibi
1107 2947 1372 3009 interfeffi
1394 2954 1639 3010 nomine
1676 2953 1851 3009 Nam-

1748 3035 1855 3112 que
