1888 3428
119 207 121 210 ⁸
239 139 693 196 GoTTHmAE
734 130 1123 192 HISTORIAE
1163 138 1309 195 [ΑΒ.
1330 135 1450 199 ΙΙΙ.
1539 150 1653 221 367

20 290 23 292 ,
39 239 140 281 vos
157 218 332 286 censui
352 262 368 288 ,
389 217 425 276 fi
445 216 586 276 forte
602 215 803 298 poffem
821 215 1005 274 demta
1022 217 1176 275 vobis
1195 241 1353 298 prava
1364 223 1657 296 judicatio-

38 325 108 362 ne
127 307 340 361 animos
370 302 436 360 ad
473 304 695 359 meliora
722 297 996 358 traducere
1017 340 1036 367 ‚
1069 322 1136 356 ne
1174 304 1259 358 vel
1285 305 1342 358 in
1362 325 1448 361 me
1466 326 1657 365 contra

37 408 204 465 quam
224 386 377 443 decet
395 386 587 463 ingrati
609 425 626 451 ‚
649 384 733 440 vel
748 384 908 438 etiam
927 382 982 437 in
998 383 1184 440 Deum
1204 387 1355 462 impii
1374 406 1563 445 contra
1579 387 1660 448 fas
1714 441 1721 444 r

31 469 411 533 inveniamini.
447 464 638 522 Rebus
669 464 915 522 humanis
949 467 1107 522 multi
1141 465 1497 546 agnascuntur
1514 472 1659 529 casus

35 549 332 628 improvisi.
377 568 538 627 quare
573 550 667 624 qui
700 545 871 603 homo
907 565 1063 604 natus
1097 545 1233 605 ferre
1261 571 1377 627 quae
1410 553 1660 611 accidunt

36 631 202 694 nescit
217 674 234 700 ‚
255 635 489 710 primum
508 628 819 708 insipientiae
839 629 1052 707 culpam
1070 628 1288 688 sustinet
1307 672 1324 698 ,
1359 631 1551 691 deinde
1572 638 1660 692 ni-

35 714 150 771 hilo
190 719 362 794 magis
395 712 588 791 effugit
618 711 917 786 injunciam
956 711 984 768 ὲ
1016 709 1236 770 fortuna
1268 714 1657 775 necessitatem.

35 801 151 853 Iam
175 818 296 876 quae
331 798 445 852 acia
472 793 592 851 sunt
608 793 864 850 haCienus
888 795 945 849 in
967 798 1289 852 memoriam
1318 797 1475 854 vobis
1497 819 1660 856 revo-

38 900 154 937 care
179 883 360 956 cupi0‚
382 898 493 933 non
513 894 726 932 tantum
749 894 808 933 ut
829 897 914 932 me
934 876 999 933 de
1025 881 1191 956 culpis
1212 900 1439 959 purgem
1456 921 1474 948 ‚
1494 879 1578 938 sed
1600 902 1659 941 ut

35 960 315 1018 ostendam
334 975 475 1038 qu'os
496 957 770 1035 eaejussius
790 956 1046 1037 spefftant.
1090 963 1290 1040 Vitigis
1306 1003 1324 1029 ,
1343 980 1402 1020 ut
1419 967 1660 1041 primum

35 1045 267 1120 imperio
303 1040 581 1098 Gotthicae
617 1043 796 1119 gentis
830 1041 1082 1099 admotus
1120 1042 1196 1101 est
1229 1045 1358 1101 Fani
1380 1066 1438 1101 ac
1455 1046 1658 1105 Pisauri

5 1166 7 1174 «
37 1129 425 1182 maritimarum
450 1121 669 1179 urbium
690 1126 892 1179 moenia
910 1125 1186 1200 disjecerat
1207 1166 1224 1192 ,
1254 1129 1454 1184 intafia
1471 1130 1657 1187 Roma

35 1204 367 1285 urbibusque
387 1207 518 1262 aliis.
565 1206 667 1262 Sed
688 1226 755 1261 ex
774 1207 925 1262 Fano
946 1205 1275 1287 Pisauroque
1297 1207 1427 1266 nihil
1449 1211 1656 1270 Gotthi

34 1287 308 1346 senserunt
329 1289 472 1348 mali,
486 1309 548 1343 ex
566 1289 763 1343 Romae
783 1291 948 1344 muris
967 1288 1185 1368 aliisque
1205 1309 1455 1368 praeterea
1472 1299 1658 1351 muni-

36 1375 235 1428 mentis
254 1392 337 1428 res
353 1372 524 1449 Vitigi
543 1375 596 1426 &
615 1369 846 1427 Gotthis
858 1391 991 1449 quas
1008 1373 1174 1429 nostis
1194 1393 1512 1451 provenere.
1557 1376 1657 1434 Ob
1687 1381 1691 1384 ’

35 1451 147 1512 haec
178 1475 285 1534 ego
302 1494 318 1522 ‚
353 1474 476 1510 cum
499 1454 738 1530 primum
757 1450 928 1508 vestro
956 1474 1180 1511 munere
1200 1475 1432 1534 regnum
1456 1463 1660 1538 accepi„

35 1536 234 1594 rectius
254 1536 385 1594 duxi
404 1557 464 1592 ea
481 1537 665 1612 potius
684 1534 831 1612 sequi
854 1555 975 1612 quae
992 1536 1154 1593 rebus
1172 1537 1397 1617 probata
1416 1537 1654 1611 fuerant,

35 1640 202 1698 quam
220 1640 282 1675 ex
301 1620 364 1674 iis
385 1636 502 1696 quae
523 1636 720 1672 nocere
750 1614 962 1693 poffent
977 1617 1152 1675 subire
1170 1621 1486 1698 periculum.
1535 1626 1655 1682 Na·-

33 1718 155 1793 {ura
186 1704 389 1779 quippe
420 1701 679 1776 exiguum
714 1698 788 1754 est
817 1700 970 1777 quod
1001 1698 1195 1757 distant
1228 1701 1501 1760 homines·
1545 1707 1654 1764 atfi

35 1779 156 1839 usus
172 1779 378 1839 acceffit
398 1821 416 1848 ,
449 1779 516 1835 ab
545 1800 612 1835 eo
641 1782 737 1859 qui
756 1780 1033 1838 institutus
1049 1782 1124 1839 est
1141 1824 1158 1850 ‚
1186 1785 1315 1840 alios
1334 1784 1656 1847 documenti

38 1883 282 1944 expertes
314 1864 550 1919 multum
586 1863 874 1920 antecellit.
918 1867 1245 1923 Bonevento
1264 1869 1448 1946 itaque
1467 1874 1650 1946 potiti,

34 1945 309 2024 prostratis
327 1950 440 2021 ejus
457 1944 643 2022 oppidi
667 1945 940 2004 moenibus
958 1987 976 2014 ,
1007 1965 1191 2005 caetera
1221 1944 1373 2006 facile
1391 1955 1656 2029 cepimus;

32 2030 243 2085 Eorum
284 2048 505 2106 quoque
542 2047 728 2084 muros
762 2027 1109 2103 disjiciendos
1142 2029 1446 2088 censuimus
1467 2074 1484 2101 ,
1515 2056 1581 2093 ne
1621 2039 1652 2094 e*

34 2115 253 2168 munitis
270 2108 484 2168 latebris
500 2106 679 2165 hostes
699 2109 967 2181 bellorum
983 2111 1121 2170 astus
1139 2113 1547 2179 meditarentur,
1563 2117 1651 2178 sed

34 2195 91 2250 in
110 2214 257 2272 aequa
277 2194 395 2250 loca
414 2196 742 2270 cogerentur
771 2214 988 2272 aequum
1018 2198 1075 2252 in
1104 2197 1342 2252 Martem
1362 2195 1653 2257 descende-

34 2295 107 2332 re.
155 2276 237 2333 Sic
264 2273 470 2332 factum
507 2292 566 2330 ut
601 2275 676 2330 illi
708 2274 958 2353 fugerent
976 2319 993 2345 ,
1030 2299 1136 2357 ego
1169 2277 1419 2351 juberem
1457 2283 1651 2342 nudari

34 2379 151 2435 quae
168 2362 222 2415 in
240 2357 474 2415 nostram
499 2353 818 2434 potestatem
840 2379 1096 2417 venerant
1114 2361 1333 2440 oppida.
1373 2365 1493 2421 Vos
1513 2385 1652 2422 con-

33 2438 205 2497 filium
227 2459 285 2498 ut
302 2438 593 2520 providum
613 2439 894 2509 admirati,
925 2441 1222 2500 ministerio
1245 2443 1456 2524 insuper
1475 2444 1652 2505 adfui-

36 2521 163 2588 stis,
180 2527 267 2580 ita
283 2542 342 2579 ut
361 2522 593 2580 vestrum
616 2562 633 2589 ‚
664 2521 898 2580 vestrum
932 2524 986 2582 id
1007 2524 1068 2582 fit
1088 2547 1226 2606 opus
1264 2548 1277 2582 :
1311 2525 1573 2606 siquidem
1593 2536 1650 2588 ὃς

33 2608 126 2683 qui
145 2606 323 2663 laudat
338 2602 628 2663 facientem
648 2646 661 2667 ‚
697 2601 1018 2665 facientibus
1041 2607 1364 2666 accensetur.
1409 2613 1487 2667 At
1504 2633 1652 2670 nunc

33 2686 197 2766 longe
213 2690 325 2745 aliis
343 2686 461 2745 estis
483 2727 499 2753 ‚
529 2681 565 2741 ὃ
586 2688 874 2765 populares
895 2693 1000 2747 mei
1022 2731 1039 2757 ,
1064 2691 1348 2771 postquam
1367 2692 1653 2752 Belisarius

37 2768 189 2827 ausus
208 2773 476 2828 rationem
501 2766 803 2845 superantia
822 2812 839 2839 ‚
871 2775 926 2828 in
948 2795 1088 2852 quos
1108 2773 1294 2831 incidit
1309 2818 1324 2838 ‚
1356 2796 1547 2834 eorum
1567 2779 1650 2834 vi-

35 2849 154 2907 &tor
169 2849 341 2910 factus
360 2853 434 2910 est
453 2894 468 2915 ‚
503 2849 645 2908 unde
683 2872 780 2909 vos
809 2855 957 2911 illum
977 2874 1036 2912 ut
1054 2853 1255 2914 fortem
1275 2860 1450 2915 virum
1470 2859 1647 2915 admi-

33 2936 240 2994 ramini.
279 2938 499 2995 Facilius
534 2935 680 2990 enim
712 2939 1026 2996 temerarius
1059 2938 1257 3017 strenui
1287 2960 1492 2998 nomen
1510 2943 1649 2995 acci-

1514 3023 1650 3098 piat,
