1888 3428
197 200 606 260 H13TORIAE
643 192 1143 253 V'ANnAmcAE
1182 189 1390 249 L113.I.
1544 186 1618 270 1'3‘

14 283 271 365 Asparem
291 321 310 349 ,
343 279 451 338 aufi
485 294 689 337 tentare
720 272 847 332 belli
880 270 1160 330 fortunam
1180 313 1199 342 ‚
1230 276 1438 353 ingenti
1461 293 1621 332 com-

16 366 170 427 mifl'o
188 367 368 445 praelio
388 403 406 430 ‚
428 362 662 421 multum
677 353 923 415 hostibus
941 351 1225 413 inferiores
1244 397 1263 423 ‚
1295 353 1485 437 fugam
1502 375 1620 436 quo

15 448 241 530 quisque
261 462 511 526 poterant
532 456 792 522 ceperant.
828 443 884 496 δε
914 434 1087 518 Aspar
1106 438 1326 517 quidem
1348 437 1412 496 ad
1431 436 1520 495 sua
1537 457 1626 496 ne-

12 533 111 590 diit
135 555 150 588 2
187 526 499 586 Bonifacius
511 545 645 586 vero
664 521 726 580 ad
743 519 1035 580 Placidiam
1051 517 1354 599 profe6tuS‚
1372 521 1626 600 purgavit

13 611 64 672 se
84 610 327 671 adversus
345 607 693 687 suspicionem
724 622 785 662 ut
805 605 993 683 inique
1010 602 1069 661 in
1088 600 1139 661 se
1154 600 1470 682 susceptam.
1513 605 1624 659 At—

15 716 124 774 que
143 693 340 752 eumin
357 690 582 748 modum
600 686 831 745 ablatam
849 687 1119 743 Romanis
1138 682 1381 746 Africam
1397 703 1626 743 tenuere

16 775 243 837 Vandali
263 796 276 830 ε
296 780 350 832 &
369 792 507 850 quos
524 770 669 828 bello
688 785 939 849 ceperant
958 772 1015 825 in
1044 765 1358 827 servitutem
1377 767 1630 827 redaecos

15 861 72 917 in
91 859 309 918 vinculis
328 852 623 912 habebantt
644 873 784 932 quos
804 855 939 910 inter
960 856 1015 909 &
1034 851 1347 909 Marcianus
1364 847 1471 908 fuit
1491 893 1507 913 ,
1529 851 1627 928 qui

15 939 229 1020 postea,
259 958 430 1016 quum
451 933 799 993 Theodosius
833 937 942 991 vita
961 931 1290 992 conceffiffet
1308 974 1326 1002 ,
1359 932 1424 990 ad
1442 936 1629 1010 Impe-

12 1025 152 1081 rium
174 1017 436 1100 pervenit.
465 1035 597 1076 tunc
627 1038 759 1075 vero
788 1015 1183 1075 Gizerichusin
1202 1018 1346 1097 regia
1363 1013 1453 1072 sua
1470 1012 1630 1071 statui

15 1105 254 1184 captivos
269 1099 482 1178 jufferat
498 1145 513 1167 ,
535 1120 596 1159 ut
614 1120 795 1159 coram
813 1097 1061 1179 inspeo’cis
1080 1097 1301 1180 {iugulis
1326 1095 1630 1162 aestimaret,

16 1190 103 1245 cui
129 1183 354 1265 quisque
383 1183 614 1242 domino
647 1183 848 1265 dignus
880 1179 1006 1240 esset
1023 1181 1156 1240 dari.
1199 1179 1499 1260 Postquam
1517 1175 1632 1237 fre-

15 1285 242 1348 quentes
273 1265 495 1324 aderant
513 1269 647 1323 cirea
664 1266 946 1322 meridiem
969 1308 984 1330 ,
1014 1269 1068 1321 &
1103 1261 1258 1321 aestus
1275 1280 1386 1336 erat
1404 1307 1420 1329 ‚
1447 1262 1633 1325 evenit

18 1367 78 1408 ut
96 1352 434 1428 captivorum
452 1349 703 1406 nonnulli
729 1344 835 1404 sole
851 1342 1063 1425 fatigati
1081 1343 1418 1403 confiderent
1437 1386 1455 1414 ‚
1488 1364 1633 1425 quos

15 1436 157 1489 inter
176 1451 298 1488 cum
320 1427 573 1487 somnum
594 1444 805 1508 caperet
826 1429 1136 1485 Marcianus
1156 1470 1170 1492 ‚
1190 1430 1362 1507 aquila
1379 1430 1428 1485 ei
1448 1424 1636 1506 super-

19 1514 242 1574 volavit,
262 1530 421 1590 caput
440 1518 556 1588 ejus
575 1551 594 1575 ,
627 1529 691 1568 ut
721 1509 944 1589 quidem
963 1527 1204 1568 narratur
1219 1549 1237 1577 ‚
1268 1512 1361 1567 alis
1382 1506 1533 1589 paffis
1546 1526 1634 1567 te·-

15 1615 149 1676 gens
169 1633 184 1655 ,
209 1591 276 1650 fic
296 1609 356 1649 ut
376 1592 442 1649 ab
462 1615 523 1649 ea
547 1594 669 1648 coeli
686 1609 836 1669 parte
856 1612 1138 1669 nunquam
1156 1590 1420 1648 decedens
1436 1612 1634 1670 perpe-

15 1696 114 1735 tuo
133 1696 258 1733 eum
276 1672 655 1732 obumbraret.
695 1671 1020 1730 Gizerichus
1050 1671 1262 1729 deloco
1284 1669 1556 1752 superiore
1574 1673 1631 1732 id

14 1755 324 1839 despicien8‚
345 1772 406 1813 ut
426 1754 903 1835 valebatingenio,
927 1774 1042 1811 non
1060 1752 1168 1810 fine
1191 1753 1381 1812 divino
1402 1758 1632 1814 numine

15 1840 70 1898 id
86 1842 199 1920 geri
216 1839 527 1915 conjecitalns
545 1879 562 1905 ,
590 1836 654 1894 ad
673 1835 722 1894 se
741 1839 967 1916 propius
987 1835 1276 1894 admotum
1298 1880 1314 1904 ‚
1345 1842 1467 1915 quis
1484 1836 1633 1910 esset,

16 1925 325 2002 interrogat.
376 1920 466 1979 Ille
495 1920 546 1978 se
579 1917 796 1999 Asparis
824 1917 1142 1977 familiarem
1158 1919 1287 1977 dicit
1307 1960 1323 1986 ‚
1354 1926 1411 1976 &
1430 1938 1491 1978 ut
1509 1923 1631 1979 Ro-

18 2007 163 2062 mani
201 2004 254 2061 id
291 2024 492 2062 munus
535 2003 806 2083 appellant
827 2043 842 2065 ,
873 2001 1255 2062 domesticum.
1305 2002 1632 2062 Gizerichus

16 2085 122 2144 hoc
154 2106 280 2146 rcum
311 2083 533 2144 audiffet
564 2082 797 2164 expenso
833 2090 889 2143 &
925 2087 1112 2164 aquilae
1145 2083 1298 2166 gestu
1330 2091 1384 2143 δε
1412 2084 1505 2143 As
1493 2090 1633 2166 paris

18 2189 212 2249 magna
238 2170 483 2248 Byzantii
504 2170 748 2248 potentia
766 2210 784 2237 ,
816 2188 932 2226 non
947 2167 1203 2225 dubitans
1221 2169 1356 2248 quin
1373 2169 1431 2226 in
1450 2171 1631 2228 virum

18 2272 278 2330 magnum
295 2249 543 2309 evasurus
558 2247 681 2309 esset
693 2250 1003 2308 Marcianus
1026 2290 1041 2313 ‚
1060 2253 1379 2331 neutiquam
1395 2273 1522 2309 eum
1542 2255 1633 2309 in-

19 2331 390 2392 terficiendum
409 2336 614 2412 putavit
643 2354 657 2390 2
687 2337 888 2414 quippe
920 2332 957 2391 fi
987 2337 1154 2409 isjam
1174 2331 1405 2391 interfici
1433 2331 1626 2413 posset,

21 2412 350 2495 consequens
368 2415 466 2474 efl'e
488 2433 547 2474 ut
561 2419 719 2474 inane
734 2419 1025 2496 augurium
1046 2413 1211 2474 fuerit
1231 2457 1249 2484 ,
1279 2438 1459 2494 neque
1481 2419 1632 2474 enim

19 2499 193 2556 alitem
211 2500 355 2559 velut
374 2502 600 2580 principi
619 2498 868 2556 umbram
885 2497 1247 2557 exhibiturum
1277 2495 1427 2556 fuiffe
1445 2498 1633 2557 homi-

23 2582 79 2637 ni
96 2601 223 2637 mox
240 2583 481 2661 perituro
512 2606 528 2639 ε
565 2600 685 2641 tum
707 2593 836 2643 vero
855 2581 1063 2641 causam
1083 2585 1285 2643 nullam
1306 2579 1406 2638 esse
1435 2603 1528 2641 cur
1543 2586 1633 2641 in-

25 2659 367 2721 terficeretur.
399 2665 551 2745 quod
575 2664 612 2723 fi
630 2665 956 2725 destinatum
970 2670 1018 2724 ei
1038 2662 1154 2723 fato
1172 2664 1299 2723 esset
1312 2669 1632 2743 Imperium,

27 2763 96 2800 ne
112 2741 252 2823 posse
268 2745 485 2824 quidem
503 2747 695 2815 occidi,
718 2771 842 2808 cum
860 2751 989 2808 Deo
1011 2748 1224 2807 decreta
1240 2770 1407 2806 nemo
1425 2767 1633 2806 morta-

29 2825 96 2882 lis
122 2827 495 2887 immutaverit.
551 2834 736 2909 Qre
763 2832 819 2891 id
850 2835 1035 2912 potius
1066 2833 1249 2894 duxit,
1275 2832 1629 2908 jurejurando

28 2925 155 2963 eum
173 2906 519 2992 obstringere,
536 2911 611 2971 sui
624 2918 758 2991 juris
778 2914 951 2974 factus
966 2913 1002 2973 fi
1023 2913 1148 2975 effet
1165 2957 1182 2984 ‚
1200 2912 1251 2972 se
1273 2934 1460 2972 contra
1479 2918 1631 2968 Van-

28 2986 178 3076 dalos
209 3011 350 3062 arma
379 3015 494 3074 non
522 2998 841 3076 sumturum·
875 2996 944 3062 fic
973 2997 1133 3084 eyafit
1150 2999 1497 3136 Marcianus:12
1499 2994 1632 3138 k(xpi,

1537 3095 1634 3137 eo-
