1888 3428
233 126 352 201 '498
576 122 979 179 Pnocopn
1020 113 1568 178 C‘AESAREENsts
1871 178 1873 181 ,

175 221 178 229 ’
227 201 574 263 cumdarent.
614 224 732 281 quo
754 206 811 259 in
831 202 957 258 loco
996 198 1192 255 Gallos
1224 198 1460 255 Camillo
1481 198 1690 255 victore
1732 197 1866 278 pross

236 283 477 344 cubuiffe
519 303 674 344 vetus
709 284 851 341 fama
887 279 980 339 est.
1036 282 1212 339 Famae
1248 277 1520 337 consentit
1566 301 1773 337 nomen
1807 285 1868 339 in

234 367 380 426 hunc
398 368 546 432 diem
563 388 809 434 manens,
827 363 1097 441 cladisque
1119 361 1404 420 barbaricae
1421 366 1743 420 memoriam
1763 360 1840 422 ser

237 472 370 510 vans
388 490 406 518 ‚
437 450 597 508 Busta
627 451 942 507 Gallorum.
983 446 1129 502 Nam
1165 443 1318 501 busta
1356 448 1585 523 antiquo
1621 443 1838 503 sermon

236 530 361 591 sunt
394 536 515 614 rogi
547 533 778 612 reliquiae
805 555 819 587 :
857 535 912 586 &
950 546 1166 607 apparet
1196 523 1384 606 paffim
1417 524 1738 584 extuberans
1767 522 1888 603 hu?¹

237 619 435 673 musin
456 632 804 673 mortuorum
836 629 1218 668 monumenta.
1261 611 1409 666 Hinc
1445 607 1638 667 Narses
1657 603 1888 667 amicos?

239 695 403 765 misit,
424 698 804 754 admonituros
823 695 1072 751 Totilam
1090 734 1106 755 ‚
1126 712 1311 772 pacem
1330 712 1495 770 quam
1515 689 1727 749 hostilia
1746 694 1878 749 mal-

239 779 317 836 let
337 820 351 846 ‚
377 777 609 859 expenso
630 798 818 858 paucas
834 776 930 834 sub
949 776 1119 834 dueta
1138 773 1299 854 ipsius
1318 770 1417 830 esse
1438 777 1622 852 copias
1639 815 1656 842 ‚
1690 795 1888 849 recens..-

242 883 302 918 ac
321 859 650 920 tumultuose
671 860 969 918 contractas
988 900 1005 926 ,
1041 865 1096 915 δε
1130 877 1318 914 contra
1335 858 1505 913 totius
1522 859 1737 934 Imperii
1751 859 1888 914 Ro-·;

242 947 392 1003 mani
410 948 518 1002 vim
539 960 805 1001 certamen
819 941 961 999 haud
980 942 1072 998 diu
1090 940 1436 997 extractum&
1481 939 1705 997 Addidit
1721 960 1880 996 man-

247 1026 368 1083 data
384 1070 397 1090 ,
436 1044 495 1082 ut
514 1025 548 1082 fi
571 1027 806 1082 omnino
843 1024 1117 1081 ardentem
1135 1026 1189 1078 in
1210 1021 1416 1079 bellum
1438 1019 1681 1079 viderent
1700 1023 1888 1079 Toti-

243 1107 353 1164 lam
390 1148 407 1174 ,
458 1106 602 1164 nulla
636 1104 1138 1183 interpositamora
1176 1101 1455 1183 poscerent
1492 1104 1558 1160 ab
1601 1125 1669 1160 eo
1715 1106 1879 1181 praelii

243 1188 406 1258 diem.
451 1192 639 1266 Legati
676 1187 741 1244 ad
758 1188 1007 1243 Totilarn
1045 1183 1252 1242 admiffi
1285 1188 1455 1262 prima
1495 1186 1743 1244 mandata
1779 1208 1876 1244 ex-

247 1272 446 1349 plicant
463 1311 480 1338 ,
511 1270 636 1327 cum
659 1271 746 1327 ille
764 1265 1023 1326 ferociam
1045 1265 1324 1324 ostentans
1355 1264 1662 1324 bellandum
1685 1272 1875 1325 omni-

247 1372 325 1409 no
344 1350 666 1432 significaret
684 1396 698 1415 ,
731 1350 907 1409 statim
925 1350 1083 1430 legati
1102 1391 1120 1418 ,
1139 1352 1193 1407 in
1212 1348 1366 1428 quod
1380 1366 1596 1429 tempus
1616 1391 1633 1418 ‚
1664 1353 1744 1407 vir
1762 1354 1880 1408 ani-

247 1432 402 1491 mose
419 1476 435 1503 ‚
473 1437 710 1514 praelium
732 1434 1015 1493 condicis?
1052 1433 1139 1489 ille
1161 1473 1176 1498 ,
1197 1431 1316 1511 post
1335 1433 1466 1490 οᾶο
1483 1474 1500 1500 ,
1535 1435 1714 1512 inquit
1730 1473 1745 1500 ,
1768 1433 1881 1492 dies

247 1537 579 1597 pugnemus.
626 1515 844 1575 Reverfi
872 1517 935 1574 ad
967 1513 1245 1574 Narsetem
1268 1515 1428 1594 legati
1449 1515 1627 1574 audita
1641 1535 1883 1575 conven-

248 1619 414 1678 taque
434 1603 761 1657 renuntiant.
808 1605 884 1656 At
918 1600 1003 1656 ille
1030 1594 1277 1655 fraudem
1299 1600 1501 1656 Totilae
1537 1595 1842 1678 suspec‘ftans
1861 1639 1880 1668 ,

251 1680 468 1760 parabat
485 1680 533 1738 se
567 1702 626 1738 ut
660 1681 876 1761 postero
906 1681 1287 1746 dimicaturus,
1319 1701 1498 1759 neque
1531 1702 1655 1737 eum
1689 1678 1883 1739 fefellit

253 1762 345 1821 sua
364 1765 707 1840 conjectura:
741 1762 981 1843 sequenti
1018 1765 1162 1819 enim
1198 1760 1316 1819 luce
1352 1761 1495 1820 adest
1531 1766 1787 1821 nuntium
1809 1785 1881 1821 o·-

253 1865 442 1904 mnem
459 1848 789 1925 praeveniens
807 1867 932 1902 cum
953 1864 1077 1901 toto
1098 1847 1333 1902 exercitu
1353 1846 1570 1901 Totilas
1593 1887 1610 1914 ,
1650 1866 1749 1902 nec
1761 1851 1875 1921 jam

254 1930 482 2007 longius
520 1932 659 1986 inter
679 1927 727 1985 se
747 1926 965 1983 aberant
998 1928 1238 1983 Romani
1271 1931 1323 1982 &
1351 1925 1585 1991 Gotthi‚
1620 1949 1782 2008 quam
1813 1927 1881 1987 ad

255 2011 398 2069 duos
418 2007 615 2090 sagittae
635 2031 698 2066 ex
721 2012 1049 2085 arcujaffms.
1094 2010 1220 2066 Erat
1254 2010 1327 2065 ibi
1365 2009 1519 2066 collis
1538 2013 1744 2067 nonita
1763 2031 1881 2068 ma·-

255 2113 399 2173 gnus
418 2131 433 2152 ‚
468 2113 632 2170 quem
652 2096 926 2170 praeripere
947 2094 1057 2148 aliis
1088 2093 1171 2148 alii
1193 2090 1540 2148 vehementer
1570 2091 1881 2171 cupiebant,

257 2173 421 2231 rebus
440 2194 565 2231 eum
583 2173 686 2231 suis
702 2175 965 2231 idoneum
987 2177 1111 2238 rati,
1143 2193 1261 2231 tum
1282 2174 1480 2232 utinde
1500 2215 1517 2242 ,
1535 2192 1792 2254 tanquam
1814 2197 1879 2233 ex

256 2258 388 2313 loco
408 2256 656 2322 editiore,
677 2259 781 2313 tela
802 2261 855 2313 in
875 2254 1407 2331 hostem'injicerent‚
1428 2275 1543 2313 tum
1564 2259 1888 2336 quodjuxta·

259 2337 550 2418 surgebant
584 2341 688 2405 illi,
730 2340 794 2396 de
813 2338 1013 2416 quibus
1033 2339 1202 2396 modo
1220 2336 1462 2395 dicebam
1483 2380 1500 2407 ‚
1521 2342 1752 2397 tumuli:
1782 2339 1881 2406 hac

257 2440 445 2478 autem
467 2442 529 2477 ex
550 2439 695 2497 parte
715 2419 742 2476 ὲ
762 2440 916 2499 tergo
937 2421 1223 2478 Romanos
1242 2423 1632 2478 circumve-nire
1647 2443 1760 2479 non
1783 2422 1880 2480 da·-

256 2503 452 2569 batur‚
491 2501 586 2558 nifi
622 2523 715 2580 per
756 2501 997 2560 semitam
1033 2524 1195 2561 unam
1230 2524 1458 2580 eamque
1489 2505 1612 2560 colli
1649 2505 1879 2583 propin-

246 2598 448 2664 quam.
491 2605 657 2663 quam
676 2586 758 2642 vel
779 2589 1042 2665 praecipue
1076 2583 1151 2641 ob
1173 2582 1378 2641 causam
1401 2626 1418 2653 ‚
1449 2586 1644 2643 collem
1665 2605 1878 2644 anteca-

258 2687 387 2746 pere
406 2670 588 2746 magni
607 2684 715 2724 erat
733 2665 1000 2745 utrisque:
1032 2667 1264 2725 Gotthis
1282 2708 1298 2734 ‚
1320 2684 1380 2723 ut
1397 2665 1607 2724 hostem
1627 2671 1772 2725 velut
1791 2672 1878 2725 in-

260 2749 458 2828 dagine
480 2750 717 2806 cinctum
737 2753 950 2828 ancipiti
965 2753 1320 2807 contentione
1335 2748 1683 2807 distraherent
1699 2790 1717 2819 ‚
1752 2750 1878 2809 Ro*

255 2833 434 2889 manis
453 2851 581 2887 vero
602 2870 620 2895 ‚
654 2850 797 2888 utne
828 2831 883 2888 id
917 2835 1038 2890 mali
1057 2850 1382 2912 paterentur.
1427 2832 1530 2889 Sed
1565 2835 1712 2911 prior
1739 2834 1878 2891 Nar·

252 2914 335 2974 ses
353 2913 419 2974 de
439 2911 677 2992 peditatu
693 2911 790 2973 suo
819 2913 1049 2973 dilectos
1078 2916 1468 2996 quinquaginta
1486 2917 1650 2973 noste
1670 2917 1877 2972 intem-

1723 2995 1874 3077 pesta
