1888 3428
261 194 381 251 402
614 179 1005 232 PRocopn
1051 173 1600 231 CAESAREENSIS

260 255 558 312 habuerant
575 255 773 312 obvios
784 256 1030 315 occidere
1045 275 1159 310 non
1176 253 1358 333 gladio
1378 293 1393 315 2
1424 275 1540 311 non
1555 250 1700 311 hasta
1723 295 1740 323 ,
1756 275 1874 314 non

260 338 374 394 ullo
391 336 624 415 denique
643 337 768 394 belli
788 337 956 395 modo
978 358 991 391 ε
1020 336 1106 393 sed
1125 337 1272 415 palos
1292 332 1519 392 firmiter
1532 334 1649 393 solo
1667 334 1870 416 defige-

258 439 316 476 re
336 459 351 480 2
387 424 441 475 δε
458 440 582 476 cum
598 420 697 475 ‘eos
712 416 944 476 fecissent
963 439 1126 496 quam
1146 416 1473 474 acutissimos
1493 458 1510 485 ‚
1543 420 1600 474 in
1620 439 1714 475 eos
1733 418 1876 475 mul-

256 502 376 557 tavi
396 521 597 579 ponere
633 500 850 559 miseros
871 542 886 567 ,
925 505 979 556 δε
1000 497 1270 578 cuspidem
1304 502 1361 556 in
1393 498 1660 578 posticum
1682 520 1876 558 cavum

257 583 496 661 eousque
513 581 746 663 defigere
768 602 828 639 ut
851 585 907 638 in
927 579 1121 639 viscera
1137 584 1326 638 intima
1345 598 1645 660 penetraret
1665 623 1683 650 ‚
1703 578 1879 643 domec

257 664 453 722 dolore
471 661 878 722 conficerentur.
929 666 1075 743 Saepe
1111 670 1166 720 &
1198 661 1372 720 crassis
1404 661 1623 721 sudibus
1639 682 1879 743 quatuor

260 745 291 802 ὲ
308 765 445 803 terra
463 744 794 804 exstantibus
814 747 1155 826 alligaverant
1190 745 1349 825 pedes
1386 744 1681 824 manusque
1714 748 1879 826 capti-

228 836 229 844 ’
256 847 452 885 vorum
468 870 484 896 ,
505 849 646 908 quos
667 869 684 896 ‚
702 829 894 886 deinde
912 826 1141 884 fustibus
1156 831 1326 905 capita
1345 826 1767 897 contundentem,
1787 849 1878 884 ca-

258 930 393 966 num
413 951 430 976 ,
466 911 796 990 anguiuffive
816 928 906 967 aut
922 907 1154 966 ferarum
1175 909 1333 967 instar
1352 952 1367 973 ,
1403 913 1572 988 perire
1586 911 1879 988 cogebant.

256 995 418 1049 Alios
435 1013 559 1049 curn
578 991 759 1048 bubus
777 1014 834 1049 ac
852 990 1137 1069 pecoribus
1153 1032 1169 1059 ‚
1202 1014 1319 1071 quae
1348 993 1578 1049 domum
1615 990 1880 1049 abducere

256 1069 308 1130 se
330 1071 472 1149 poffe
492 1094 606 1130 non
625 1072 901 1150 sperabant
916 1115 931 1141 ‚
964 1077 1018 1129 in
1057 1079 1270 1152 tuguria
1306 1074 1537 1130 inclusos
1569 1077 1880 1131 immaniter

253 1155 503 1213 ‘ufferant
549 1157 714 1211 Tales
751 1158 918 1212 Sclavi
952 1173 1154 1212 mortes
1188 1156 1341 1218 victis
1373 1159 1756 1236 irrogaverant.
1803 1160 1882 1213 At

258 1257 404 1294 nunc
424 1243 476 1293 &
496 1235 551 1293 hi
570 1279 585 1301 ,
617 1244 671 1293 &
691 1242 783 1313 qui
801 1238 1012 1293 alterius
1034 1233 1182 1293 erant
1203 1239 1433 1315 agminis
1449 1277 1466 1303 ‚
1500 1235 1644 1315 quasi
1662 1235 1878 1318 sangui-

257 1320 342 1375 nis
373 1319 523 1374 satias
558 1316 769 1396 cepisset
787 1359 804 1385 ,
837 1339 978 1397 quos
1012 1335 1314 1394 repererant
1329 1358 1346 1385 ‚
1381 1321 1540 1375 vivos
1567 1314 1876 1376 seruabant:

256 1403 331 1457 ita
353 1419 412 1457 ut
425 1405 762 1478 captivorum
795 1402 957 1459 millia
988 1401 1138 1480 plura
1175 1421 1338 1479 quam
1376 1419 1436 1457 ut
1461 1421 1728 1458 ¹uumerus
1759 1402 1886 1460 iniri

257 1483 433 1562 poss'et
449 1524 465 1550 ‚
499 1481 677 1539 secum
694 1484 1015 1562 abriperent.
1065 1482 1192 1540 Post
1211 1482 1320 1539 haec
1357 1482 1558 1540 Gotthi
1588 1483 1882 1564 Rhegino-

258 1586 382 1621 rum
405 1567 747 1621 munimenta
779 1563 994 1623 affiliere
1015 1607 1031 1631 ,
1069 1586 1187 1642 quae
1207 1563 1273 1620 ab
1293 1562 1509 1621 obseffis
1531 1561 1742 1623 defensa
1758 1562 1881 1623 sunt

258 1644 477 1703 fortiter
496 1688 514 1713 ‚
532 1647 815 1725 conspicua
831 1648 1077 1725 quotidie
1093 1646 1474 1704 Thorimuthis
1492 1650 1706 1705 virtute.
1752 1648 1882 1703 To·-

262 1730 411 1795 tila3‚
446 1749 570 1785 cum
591 1726 809 1803 obseffis
825 1731 963 1785 arcta
998 1727 1105 1793 effe
1127 1732 1376 1786 alimenta
1394 1727 1565 1786 noffet
1585 1768 1602 1794 ‚
1637 1747 1784 1807 parte
1802 1726 1881 1786 ibi

264 1814 529 1868 exercitus
546 1811 724 1868 reli&a
739 1851 755 1877 ‚
779 1811 844 1867 ad
858 1809 1218 1888 prohibendas
1234 1812 1571 1867 invectiones
1591 1852 1605 1877 ‚
1626 1830 1686 1867 ut
1703 1809 1881 1869 inedia

264 1893 684 1972 cogerenturilli
706 1899 759 1949 δε
780 1890 828 1948 se
848 1898 901 1948 ὃ(
922 1892 1187 1970 oppidum
1225 1891 1457 1949 Gotthis
1488 1891 1680 1950 dedere
1699 1933 1715 1960 ‚
1750 1913 1877 1950 cum

265 1978 478 2051 reliquo
502 1977 706 2041 militis,
724 1976 944 2050 trajectu
962 1977 1014 2030 in
1033 1975 1261 2031 Siciliam
1282 1965 1457 2038 fafiox,
1481 1973 1732 2031 Meffanae
1753 1995 1880 2032 mu·-

265 2077 359 2113 ros
391 2057 654 2113 adoritur.
697 2054 940 2113 Praefidio
986 2073 1206 2132 praeerat
1237 2057 1632 2113 Domentiolus
1651 2100 1665 2121 ‚
1698 2053 1880 2113 sorore

267 2142 486 2218 genitus
501 2141 659 2194 Buzae
673 2178 688 2203 ‚
719 2141 810 2216 qui
832 2158 937 2216 prae
958 2136 1219 2194 maenibus
1233 2159 1475 2218 pugnam
1492 2136 1641 2194 ausus
1658 2179 1674 2206 ‚
1692 2136 1880 2196 disces-

265 2221 330 2276 -s1t
347 2240 459 2276 non
474 2217 716 2276 inferior.
759 2220 859 2275 Sed
880 2224 934 2276 in
955 2217 1229 2296 posterum
1262 2220 1469 2297 oppido
1501 2217 1550 2276 se
1573 2223 1880 2287 continenS,

220 2302 225 2306 “
262 2303 430 2380 idque
451 2305 609 2358 tutari
628 2300 744 2357 satis
764 2300 967 2358 habens
984 2342 1000 2369 ,
1034 2304 1255 2380 quievit.
1306 2301 1509 2359 Gotthi
1530 2341 1546 2366 ,
1581 2304 1798 2359 nemine
1827 2299 1880 2360 se

264 2383 574 2458 >objefflinte
595 2425 610 2450 ‚
647 2383 873 2440 Siciliam
891 2405 1060 2460 prope
1086 2403 1311 2440 omnem
1329 2382 1647 2461 pervastant.
1694 2388 1769 2441 At
1784 2386 1880 2464 qui

260 2465 468 2544 Rhegii
488 2464 871 2522 obsidebantur
886 2466 1125 2522 Romani
1160 2466 1258 2540 (iis
1289 2461 1547 2542 praefuiffe
1575 2463 1888 2535 Thorimu.

270 2547 422 2604 them
440 2547 548 2603 dixi
569 2554 622 2603 &
642 2548 953 2604 Himerium
974 2554 995 2619 )
1030 2569 1152 2605 cum
1184 2545 1462 2603 neceffaria
1477 2549 1663 2604 omnia
1679 2545 1879 2604 defice-‘-

244 2626 249 2629 ’
272 2648 393 2685 rent
411 2627 458 2685 se
481 2650 602 2686 cum
622 2629 828 2707 oppido
848 2628 1091 2688 hostibus
1108 2670 1126 2696 ‚
1144 2629 1310 2706 pactis
1326 2631 1474 2686 initis
1487 2669 1506 2697 ‚
1524 2628 1878 2687 tradiderunt.

269 2709 409 2766 Haec
429 2706 520 2766 ubi
539 2710 705 2768 audiit
722 2716 1020 2788 Imperator
1034 2751 1051 2775 ‚
1069 2709 1213 2769 claffe
1230 2711 1505 2784 contraeca
1517 2709 1876 2795 impofitaque

273 2813 473 2870 magna
490 2792 800 2849 cohortium
818 2796 887 2861 vi,
904 2794 1181 2850 Liberium
1199 2793 1392 2851 ducem
1408 2794 1613 2852 ἀὶἃιιηι
1630 2796 1875 2872 navigare

267 2873 426 2949 jubet
441 2871 547 2932 sine
567 2896 718 2931 mora
737 2915 752 2939 ‚
774 2876 1113 2954 Siciliamque
1132 2874 1331 2933 servare
1350 2878 1610 2934 Romano
1627 2878 1872 2953 imperio.

278 2956 381 3015 Sed
398 2962 511 3035 ejus
525 2956 967 3036 imperiiLiberio
987 2959 1222 3019 mandati
1238 2956 1388 3022 brevi
1405 2957 1755 3025 Iustinianum
1773 2976 1870 3035 pae-

302 3056 305 3058 ·
1707 3055 1868 3100 niten-
