1888 3428
246 149 366 220 416
563 139 952 203 PRocoPrI
995 132 1538 192 CAESARE·ENsrs

243 244 368 282 rum
387 218 546 280 castra
561 237 723 289 nemo
743 235 933 275 eorum
953 216 1183 273 redierit.
1223 216 1379 273 Turn
1391 216 1619 273 feminas
1636 255 1654 284 ,
1683 236 1841 275 acco-
1864 217 1868 218 ⁷

245 307 419 363 larum
440 321 611 368 metu,
626 319 913 378 rerumque
932 296 1161 376 egestate
1181 298 1389 353 εοεᾶεις
1403 338 1420 365 ,
1438 318 1551 354 non
1569 295 1657 355 sua
1676 297 1843 378 spon-

244 405 336 455 te,
367 380 588 459 induisse
623 383 795 441 viriles
829 382 1039 436 animos
1057 420 1074 446 ,
1105 376 1364 457 armisque
1392 376 1578 440 sumtis
1608 401 1726 459 quae
1744 382 1845 437 viri
1884 443 1885 446 Ἴ

244 473 303 527 in
324 466 609 536 castrisillis
625 465 977 541 reliquerant,
1009 457 1218 519 edidisse
1239 462 1494 538 praeclarae
1514 463 1727 518 virtutis
1758 460 1845 518 fa-
1883 480 1888 486 ⁴

247 556 429 609 cinora
446 590 461 615 ,
502 544 817 604 necessitatis
836 540 1063 621 impulsu
1084 582 1100 607 ,
1134 542 1310 599 donec
1327 549 1379 599 δε
1410 542 1501 599 has
1520 542 1725 600 bellum
1744 542 1846 599 ab-
1870 558 1888 603 ἢ

243 630 449 691 sumfit.
490 632 622 688 Haec
641 626 708 684 sic
740 624 966 684 evenisse
985 668 998 689 ‚
1039 644 1273 703 cumque
1304 627 1427 681 viris
1449 627 1758 681 Amazonas
1787 627 1845 681 in

247 714 389 773 bella
408 710 549 769 ivisse
577 729 634 767 ut
656 708 863 766 credam
882 747 897 769 ‚
931 700 1285 763 faciunt'meis
1315 704 1546 783 spectata
1577 708 1845 785 tempori-

245 796 370 855 bus.
415 799 616 874 quippe
635 790 872 847 instituta
890 789 954 846 ad
976 786 1215 866 posteros
1245 786 1527 845 transmiffa
1542 829 1559 855 ,
1592 810 1709 867 quae
1729 809 1845 845 ma-

239 885 428 957 jorum
448 874 645 933 fuerint
663 876 878 951 ingenia
895 870 1170 927 testantur.
1216 867 1363 926 Cum
1383 873 1529 927 enim
1548 871 1741 941 Hunni
1756 867 1847 927 sae-
1886 866 1888 869 ¹

245 983 315 1041 pe
349 960 584 1016 Romani
614 958 743 1028 juris
776 973 938 1009 terras
969 951 1274 1009 infestarent
1300 994 1316 1020 ‚
1350 950 1573 1009 occursu
1606 950 1846 1008 hostium

247 1043 410 1098 multi
440 1039 705 1097 cecidere:
751 1031 979 1113 digresso
1007 1033 1197 1090 deinde
1230 1033 1582 1090 barbarorum
1613 1036 1847 1090 exercitu

247 1126 486 1182 Romani
518 1114 926 1177 interfefiorum
960 1112 1248 1171 scrutantes
1280 1136 1542 1194 corpora,
1576 1118 1629 1171 in
1659 1117 1760 1171 illis
1790 1119 1846 1170 &

247 1208 497 1263 mulieres
531 1204 805 1257 invenere.
848 1215 1097 1254 caeterum
1131 1195 1361 1259 solarum
1393 1194 1716 1253 feminarum
1750 1216 1847 1274 ag-

248 1308 374 1345 men
393 1324 409 1350 ,
445 1283 594 1364 quod
608 1277 824 1337 seorsim
843 1277 1103 1335 habitaret
1121 1317 1138 1342 ,
1174 1299 1351 1356 neque
1369 1279 1426 1333 in
1448 1276 1582 1334 Afiae
1600 1298 1775 1355 neque
1791 1281 1849 1333 in
1877 1286 1880 1289 “

174 1371 190 1385 ”
244 1369 477 1446 Europae
511 1361 825 1444 regionibus
858 1357 1204 1439 conspestum
1224 1359 1297 1416 est
1331 1358 1608 1417 hactenus.
1649 1360 1849 1438 Neque

249 1450 279 1507 ὲ
300 1446 576 1509 virilisexu
605 1443 917 1503 destitutum
938 1462 1177 1521 unquam
1205 1438 1355 1519 fuiffe
1385 1441 1685 1500 Caucasum
1705 1438 1849 1498 fama
1886 1513 1888 1515 ,

249 1533 605 1611 percepimus.
662 1528 793 1584 Haec
826 1525 891 1581 de
925 1522 1303 1581 Amazonibus
1345 1524 1487 1581 dista
1530 1521 1875 1582 suffecerint.'

248 1613 377 1672 Post
396 1610 630 1689 Apiilios
659 1615 711 1666 &
729 1610 896 1664 lunati
917 1605 1057 1662 sinus
1076 1626 1246 1662 cornu
1265 1608 1488 1664 alterum
1504 1647 1522 1675 ,
1557 1627 1707 1663 oram
1728 1626 1849 1661 ma-
1876 1664 1883 1666 s

247 1699 479 1754 ritimam
515 1689 714 1770 Abasgi
732 1706 918 1744 tenent
939 1728 955 1753 ‚
985 1687 1049 1744 a‘d
1077 1686 1374 1744 Caucasum
1397 1687 1561 1767 usque
1596 1705 1848 1745 montem

248 1778 496 1859 projeffi.
537 1775 615 1829 Hi
631 1777 901 1829 Lazorum
919 1771 973 1824 in
993 1771 1201 1826 ditione
1220 1769 1285 1825 ab
1304 1771 1529 1847 antiquo
1546 1766 1696 1826 fuere
1715 1810 1732 1836 ‚
1762 1772 1849 1825 in-

250 1878 397 1918 terea
416 1858 554 1914 duos
569 1854 775 1930 semper
793 1850 1050 1907 habentes
1067 1850 1141 1907 sui
1159 1855 1367 1930 generis
1384 1854 1649 1930 principes
1666 1891 1684 1918 ‚
1703 1870 1848 1930 quo-,
1879 1863 1888 1920 ’Δ

251 1963 373 2004 rum
392 1942 522 1995 alter
539 1936 603 1993 ad
621 1931 888 1999 occasum,
907 1932 970 1989 ad
991 1951 1174 1988 ortum
1198 1935 1327 1989 alter
1342 1932 1518 1989 sedem
1538 1935 1849 2012 imperium-

252 2045 358 2104 que
375 2018 662 2078 habebant.
704 2017 947 2073 Nemora
971 2021 1023 2070 &
1044 2017 1194 2071 lucos
1224 2013 1590 2092 superstitione
1610 2016 1848 2071 venerari

250 2100 570 2180 arboresque
589 2099 809 2156 barbara
827 2095 1154 2175 simplicitate
1171 2098 1325 2152 Deos
1343 2096 1553 2154 credere
1573 2138 1590 2165 ‚
1623 2094 1850 2175 Abasgis

252 2188 316 2245 ad
337 2206 453 2242 mea
475 2181 661 2239 mansit
679 2199 945 2257 tempora.
990 2179 1261 2236 Caeterum
1281 2177 1551 2236 duriffima
1577 2200 1670 2257 per
1708 2183 1850 2258 prin-

251 2263 673 2347 cipumssuorum
709 2262 979 2318 avaritiam
1014 2260 1364 2338 patiebantur.
1408 2262 1551 2317 Nam
1572 2281 1761 2340 regum
1785 2280 1850 2315 u-

252 2370 441 2428 terque
463 2366 658 2424 pueros
687 2347 799 2420 ejus
822 2344 1026 2421 gentiS,
1067 2342 1265 2421 quibus
1295 2345 1402 2399 oris
1421 2340 1612 2419 species
1631 2339 1849 2420 corpus-

256 2428 671 2513 que‘pulchrurn
696 2466 709 2486 ‚
744 2424 995 2502 abreptos
1028 2424 1092 2480 ab
1112 2445 1205 2481 ore
1227 2444 1506 2502 parentum
1529 2464 1545 2492 ‚
1575 2421 1849 2482 castratos-

255 2507 364 2596 que
384 2531 582 2590 magno
601 2509 771 2587 pretio
794 2504 1129 2572 vendebant,
1156 2507 1430 2562 Romanas
1448 2526 1540 2583 per
1557 2523 1719 2562 terras
1737 2525 1849 2561 em-

256 2591 619 2676 pturientibus
657 2612 670 2644 :
712 2586 895 2645 adhoc
926 2593 979 2644 δε
1013 2606 1184 2666 patres
1204 2585 1626 2652 interficiebant,
1661 2607 1728 2644 ne
1759 2603 1851 2643 a'ut

255 2678 321 2751 ad
350 2695 538 2733 eorum
569 2669 776 2729 infidias
796 2710 812 2736 ,
855 2671 1102 2743 injuriam
1135 2668 1502 2727 ulciscentium
1525 2709 1541 2731 ,
1574 2667 1668 2749 ipsi
1697 2687 1850 2747 pate-

258 2776 379 2816 rent
398 2799 415 2825 ,
451 2773 540 2813 aut
561 2751 860 2832 suspectum
891 2752 1020 2829 quid
1052 2772 1110 2807 ac
1134 2749 1548 2809 formidolosum
1578 2750 1776 2808 circum
1795 2749 1849 2808 se

254 2844 633 2919 relinquerent.
695 2836 778 2891 Sic
810 2830 1046 2889 filiorum
1080 2830 1256 2890 forma
1291 2830 1489 2890 miseris
1522 2836 1685 2891 exitio
1719 2849 1850 2900 erat,

259 2944 375 2981 non
405 2921 478 2980 ob
513 2917 654 2978 aliud
688 2913 1038 2997 pereuntibus
1068 2937 1230 2996 quam
1263 2916 1414 2997 quod
1444 2913 1539 2977 suo
1571 2917 1713 2977 malo
1730 2913 1849 2992 spe-

1677 2993 1852 3056 ciosos
