1888 3428
1277 7 1279 9 ¹
1334 45 1358 89 A

247 191 364 272 '348
582 191 964 246 PRocoPu
1007 182 1545 243 CAESAREENsss

245 270 392 353 posse
410 267 717 338 insanabile.
755 270 825 325 Et
846 265 1223 346 navigantibus
1242 266 1461 345 quidem
1481 307 1498 333 ,
1534 263 1571 322 fi
1598 262 1842 344 aspiraret

245 360 475 420 ventus,
509 351 834 432 quintodie
865 351 1056 427 attingi
1089 366 1311 427 portum
1343 349 1662 406 Roman-um
1682 347 1844 427 posse,

244 459 372 495 cum
386 445 390 447 ’
405 436 469 494 ab
489 435 797 515 :Hydrunte
819 428 1054 511 pedestre
1076 434 1176 487 iter
1194 430 1305 487 dies
1324 428 1696 487 absumturum
1718 428 1846 487 esset

242 513 612 601 quadraginta.
657 515 1026 573 Talibuscum
1048 513 1309 570 mandatis
1341 510 1550 569 dimiffo
1571 512 1809 569 Iohanne
1827 551 1846 578 ‚

216 625 219 626 ⁷
243 606 360 661 vela
378 621 501 658 cum
517 602 750 657 exercitu
769 596 894 674 fecit
912 593 1187 652 Belisarius
1207 636 1222 661 ‚
1260 615 1320 650 ac
1344 594 1660 652 vehemente
1681 590 1846 652 vento

241 684 590 763 Hydruntem
612 676 948 759 perlatus·est.
985 676 1136 755 quod
1157 675 1250 733 ubi
1284 672 1481 732 sensere
1500 679 1592 756 qui
1614 676 1665 733 id
1685 679 1847 755 oppi-

242 768 375 824 dum
397 763 838 823 circumsederant
861 759 1081 825 Gotthi‚
1104 757 1389 816 obsidione
1408 758 1655 815 derelicta
1669 761 1849 827 Brun,-

243 847 453 906 dufium
473 846 674 903 abeunt
691 888 705 909 ‚
741 843 893 901 bidui
911 843 1099 899 itinere
1114 842 1402 919 Hydrunte
1423 839 1653 898 absitum
1672 844 1725 896 in
1743 837 1850 918 ipsa

241 933 514 989 maritima
546 949 638 985 ora
658 925 763 982 fine
784 924 1045 983 maenibus
1062 925 1245 981 locum
1266 965 1283 991 ,
1319 920 1848 1002 cumquerexistima-

240 1030 363 1071 rent
392 1009 699 1069 Belisarium
729 1009 855 1064 illuc
874 1009 1003 1063 mari
1023 1007 1370 1082 trajesturum
1389 1046 1404 1072 ‚
1438 1007 1634 1063 Totilae
1656 1005 1849 1062 cuneta

238 1091 555 1175 significant.
601 1096 649 1152 Is
686 1091 833 1147 velut
851 1086 1163 1147 occursurus
1200 1106 1451 1166 paratum
1476 1105 1625 1145 tenet
1647 1090 1850 1144 exerci-

240 1195 360 1233 tum
382 1218 397 1242 ,
429 1197 486 1232 ac
506 1172 734 1231 Gotthis
755 1173 924 1248 quiin
944 1169 1189 1227 Calabria
1209 1188 1357 1226 erant
1374 1172 1602 1248 imperat
1623 1211 1640 1237 ‚
1672 1189 1848 1248 quan-

240 1276 360 1322 tum
383 1255 588 1335 poffent
607 1295 621 1319 ,
644 1252 921 1328 transitum
941 1254 1054 1308 illac
1073 1268 1132 1307 ut
1151 1250 1520 1308 intercludant.
1562 1255 1639 1309 Vt
1656 1248 1850 1309 Belisa-

238 1344 349 1395 rius
383 1335 664 1415 prosperos
696 1336 881 1391 nacocus
908 1353 1103 1391 ventos
1122 1333 1412 1410 Hydrunte
1443 1332 1573 1390 abiit
1595 1373 1608 1397 ,
1644 1331 1848 1405 Gotthi

239 1418 443 1478 remissa
470 1440 595 1476 cura
627 1418 962 1497 negligenter
994 1414 1113 1472 satis
1144 1418 1200 1471 in
1220 1414 1469 1472 Calabria
1489 1415 1719 1495 agebant
1743 1457 1761 1483 ‚
1792 1421 1848 1472 δε

239 1506 486 1582 quietum
505 1501 555 1558 se
585 1519 775 1558 tenens
794 1498 1013 1555 Totilas
1038 1498 1092 1555 id
1111 1496 1390 1554 laborabat
1416 1519 1586 1556 unum
1605 1539 1622 1566 ,
1658 1516 1718 1575 ut
1742 1493 1846 1553 ob-

237 1585 397 1663 septis
415 1585 655 1640 Romam
676 1582 957 1638 itiner-ibus
981 1621 996 1646 ,
1035 1579 1234 1658 nequid
1255 1597 1660 1638 commeatuum
1679 1577 1848 1637 infer-

236 1685 385 1724 retur
406 1708 422 1733 ,
451 1664 735 1744 impediret
755 1705 771 1732 ‚
807 1684 970 1742 quam
1003 1663 1066 1719 ad
1088 1684 1200 1718 rem
1219 1664 1275 1718 in
1294 1661 1481 1719 Tiberi
1500 1663 1652 1741 quod
1672 1663 1845 1719 dicam

239 1748 584 1807 moliebatur.
628 1747 753 1801 loco
775 1763 987 1823 reperto
1007 1785 1021 1810 ,
1056 1743 1146 1801 ubi
1168 1747 1398 1800 maxime
1416 1748 1470 1799 in
1488 1742 1845 1822 angustumssse

241 1834 392 1909 cogit
410 1831 580 1888 amnis
600 1868 617 1895 ,
648 1831 689 1882 is
706 1827 770 1883 ab
792 1825 922 1883 urbe
941 1825 1100 1882 stadia
1118 1824 1295 1882 aberat
1313 1830 1605 1906 nonaginta
1621 1865 1636 1890 ,
1667 1825 1844 1881 trabes

237 1918 310 1971 ita
345 1916 589 1992 ingentes
622 1928 679 1965 ut
714 1909 741 1965 a
771 1912 883 1987 ripa
915 1910 1073 1964 altera
1106 1907 1169 1963 ad
1201 1910 1414 1969 alteram
1455 1912 1841 1987 pertingerent,

237 1999 421 2075 pontis
439 1997 495 2049 in
516 1991 742 2048 modum
765 1993 1050 2067 componit
1071 2030 1088 2055 ‚
1103 1987 1388 2068 positisque
1409 1994 1463 2046 in
1484 2008 1708 2067 utraque
1727 2009 1842 2046 cre-

239 2077 422 2158 pidine
449 2077 639 2154 ligneis
671 2071 907 2129 turribus
927 2113 941 2133 ,
987 2071 1223 2150 praesidio
1249 2086 1343 2128 “eas
1375 2074 1573 2128 acrium
1606 2070 1839 2129 militum
1878 2137 1881 2140 .

239 2159 418 2217 firmat
438 2198 452 2219 ‚
473 2179 538 2213 ne
559 2153 756 2233 scaphis
771 2152 944 2212 aliisve-
962 2152 1228 2232 navigii-sa
1250 2171 1411 2231 portu
1432 2158 1486 2210 in
1508 2153 1699 2211 urbem
1719 2173 1841 2232 per-

242 2245 392 2298 vium
416 2237 538 2295 esset
559 2236 782 2294 flumen.
826 2241 1031 2292 Interea
1049 2239 1104 2292 in
1124 2257 1247 2293 eum
1269 2255 1490 2313 pontum
1513 2237 1717 2315 appulit
1739 2239 1840 2292 Be*

235 2322 432 2382 lisarius
453 2362 469 2388 ,
499 2320 574 2377 ibi
606 2318 861 2375 Iohannis
881 2316 1274 2395 exspectaturus
1294 2322 1604 2375 exercitum.
1651 2323 1727 2376 At
1745 2325 1841 2376 Io·-

235 2406 439 2480 hannes
470 2402 692 2478 trajefto
728 2400 896 2457 Adria
932 2401 1233 2457 Calabriam
1271 2403 1516 2480 attigerat
1542 2440 1559 2466 ‚
1609 2400 1839 2471 Gotthis

237 2491 517 2567 ignoratus
547 2487 640 2563 qui
662 2481 723 2539 ad
757 2481 1408 2540 Brundusiumhaerebant
1428 2522 1445 2548 ‚
1479 2482 1839 2561 comprehen-

232 2570 406 2648 fisque
424 2564 849 2644 exploratoribus
870 2562 934 2620 ab
954 2561 1104 2642 hoste
1125 2563 1284 2620 missis
1309 2564 1524 2621 duobus
1544 2606 1561 2632 ,
1592 2565 1736 2622 alteri
1753 2569 1833 2624 vi-

238 2672 345 2709 tam
363 2649 564 2721 ademit
578 2671 594 2704 :a
622 2648 750 2703 alter
769 2667 943 2726 genua
963 2653 1074 2722 ejus
1095 2646 1379 2704 advolutus
1397 2665 1633 2703 mortem
1649 2647 1838 2726 depre-
1863 2663 1865 2666 ’

237 2732 452 2791 cabatur
471 2772 486 2798 ‚
520 2728 785 2809 spondens
807 2729 1089 2806 perutilem
1111 2726 1159 2784 se
1188 2726 1279 2805 ipsi
1299 2728 1665 2807 Romanoque
1684 2750 1836 2786 exer-

237 2819 364 2872 citui
385 2811 521 2868 fore.
565 2818 931 2889 Interrogante
953 2809 1222 2875 Iohanne,
1264 2810 1411 2888 quod
1434 2810 1680 2870 conceffae
1712 2813 1837 2870 vitae-
1869 2822 1872 2828 '

233 2897 511 2974 praemium
549 2892 641 2949 sibi
677 2891 1044 2969 Romanisque
1064 2888 1289 2949 adferret
1309 2933 1324 2958 ‚
1360 2892 1491 2948 dixit
1513 2891 1862 2950 effetum-um

235 2978 305 3060 ᾖξε-ἒ
329 2997 386 3036 ut
405 2974 654 3033 Gotthos
675 2976 826 3053 plane
846 2978 1090 3031 incautos
1111 2971 1538 3052 supervaderent.
1583 2973 1833 3034 Affirmaa
1872 3044 1877 3051 k

1688 3073 1760 3112 Vit
1783 3075 1832 3113 ei
