1888 3428
31 203 43 208 i
403 164 1250 218 PROLEGOMENA.
1581 183 1649 242 25

44 237 469 323 pronuntiabant
484 280 500 307 ‚
523 238 805 295 contracto
824 259 887 296 ex
905 240 1211 299 Wandalis
1230 241 1396 300 vocab
1406 243 1509 302 ulo.
1530 265 1660 306 nam

44 322 195 404 quod
218 323 303 380 alii
327 323 609 382 Wandalen
625 357 648 382 »,
674 320 731 378 id
749 322 833 379 alii
853 319 987 378 elifis
1006 322 1168 379 literis
1188 323 1497 382 durioribus
1518 339 1656 387 VVa-

42 410 118 466 len
138 405 325 467 dicunt
355 428 372 470 ς
412 405 466 467 id
488 420 668 461 autem
691 402 765 463 est
789 406 984 483 vagari.
1029 406 1241 462 Datum
1275 423 1453 463 autern
1486 410 1538 466 id
1558 412 1659 468 illis

41 493 115 545 cis
147 486 405 547 Rhenum
452 484 637 566 positis
688 489 883 556 (more
910 491 1024 562 jam
1052 487 1314 545 Romano
1347 491 1586 567 loquor)
1627 491 1658 551 εἴ

39 568 464 628 Transrhenanis
482 584 603 624 ante
637 565 858 625 Caesaris
896 569 1172 626 metatoris
1208 588 1489 649 tempora,
1529 593 1656 631 cum

37 642 252 719 scilicet,
268 667 327 709 ut
344 648 450 730 ipse
468 652 538 706 ait
556 647 727 706 Caesar
746 690 764 718 ‚
782 650 856 707 illi
875 649 956 707 his
977 652 1119 708 ultro
1140 651 1280 710 bella
1297 646 1575 721 inferrent,
1596 677 1655 712 ac

34 751 260 811 propter
277 731 566 789 hominum
586 731 995 791 multitudinem
1013 737 1231 814 agrique
1245 737 1487 812 inopiam
1509 753 1655 795 trans

32 814 293 873 Rhenum
331 814 574 872 colonias
619 816 914 877 mitterent.
971 837 1135 895 quem
1178 814 1391 874 secutus
1425 819 1655 876 Tacitus

27 899 195 957 etiarn
235 896 427 957 Gallos
458 899 530 953 ait
549 898 606 953 in
625 897 1337 976 Germaniamtransgreffos
1355 921 1372 966 3
1411 921 1653 979 quantu-2

31 979 147 1037 lum
184 982 331 1037 enim
365 1000 581 1040 amnem
615 977 914 1046 obstitisse?
969 984 1180 1038 Similes
1199 985 1389 1040 accolae
1423 985 1479 1040 in
1500 983 1651 1042 causa

28 1058 181 1119 fuere
202 1083 296 1121 cur
330 1064 423 1142 qui
451 1060 638 1121 Albim
668 1053 911 1136 fundunt
943 1083 1194 1131 monteS‚
1242 1062 1334 1122 ubi
1370 1064 1649 1124 Vandalos

30 1163 198 1202 nemo
216 1145 347 1202 alius
362 1144 596 1212 locavit,
615 1143 907 1203 Vandalica
918 1150 1050 1227 juga
1065 1149 1219 1204 Dion
1242 1163 1420 1205 vocet.
1466 1169 1650 1227 neque

31 1225 339 1295 omiserim,
373 1226 527 1306 quod
554 1223 780 1284 affirmat
813 1231 1016 1306 Plinius
1038 1273 1052 1295 ‚
1092 1246 1301 1287 certum
1336 1251 1510 1310 genus
1545 1228 1648 1288 effe

34 1307 444 1380 Germanorum
464 1309 733 1366 Vindelos
768 1311 1170 1394 autyandaIOS,
1208 1311 1274 1369 de
1310 1333 1377 1369 eo
1398 1311 1647 1370 dubitare

29 1391 288 1448 Taciturn
307 1432 325 1459 ,
371 1393 651 1471 magisque
673 1395 736 1448 iis
756 1392 989 1467 accidere
1026 1397 1121 1472 qui
1141 1394 1454 1451 Germanos
1470 1398 1525 1451 in
1544 1399 1645 1454 tria

27 1470 325 1548 dispescunt
345 1493 541 1552 genera
555 1514 574 1540 2
592 1477 910 1553 Ingaevones
928 1515 945 1542 ,
970 1474 1643 1547 Hermione5,1staevones‚

25 1551 174 1613 idest
211 1593 227 1619 ‚
273 1572 333 1609 ut
370 1552 552 1611 obiter
584 1552 650 1608 de
684 1553 764 1609 his
787 1576 962 1611 meam
993 1556 1256 1632 explicem
1276 1556 1599 1618 sententiam
1622 1600 1642 1622 ‚⁴

22 1646 308 1694 In-vvoners
332 1674 348 1701 ‚
383 1646 793 1693 Herom-vvoners
815 1674 832 1700 ,
876 1636 1246 1714 VVest-vvoners
1264 1677 1282 1704 ‚
1327 1660 1451 1696 nam
1486 1639 1639 1701 fimili
1670 1648 1719 1689 κί’

24 1717 200 1777 modo·
230 1720 326 1795 qui
358 1735 506 1774 erant
540 1721 966 1794 Burg-vvoonders
1000 1760 1016 1786 ‚
1078 1742 1174 1777 eos
1215 1722 1639 1800 Burgundiones

21 1800 261 1857 Romani
281 1800 478 1857 dixere.
507 1811 811 1865 *In-vvoners
841 1798 963 1857 sunt
992 1803 1217 1859 interius
1249 1801 1552 1862 habitantes
1572 1807 1637 1864 ad

22 1901 164 1939 mare
200 1881 430 1948 scilicet3
456 1902 603 1938 Vnam
640 1882 706 1940 ab
744 1881 824 1940 his
860 1902 920 1940 ut
953 1882 1314 1942 vetustiffimis
1360 1904 1480 1944 orta
1510 1886 1635 1945 sunt

22 1961 140 2025 haec‘
165 1964 423 2036 vocabula
456 1986 473 2020 ε
513 1976 943 2029 Herum-vvoners
977 1970 1071 2045 qui
1107 1970 1310 2030 circum=
1343 1967 1588 2032 habitant
1616 1994 1631 2028 τ

24 2045 419 2120 West-vvooners
453 2041 554 2126 qui
579 2048 644 2113 ad
672 2047 1015 2114 occidentem
1034 2048 1086 2106 id
1116 2049 1190 2107 est
1219 2048 1478 2116 Rhenum
1499 2073 1632 2131 pro⁶

19 2130 175 2206 pius:
215 2130 411 2209 Neque
434 2150 562 2188 vero
594 2135 767 2205 major
800 2135 854 2187 in
874 2129 954 2187 his
987 2132 1267 2189 vocabulis
1292 2129 1432 2190 fasta
1451 2153 1633 2192 muta-

17 2211 97 2266 tio
120 2253 135 2275 ‚
173 2233 334 2292 quam
355 2233 478 2272 cum
496 2213 645 2268 latini
676 2211 997 2292 posteriores
1031 2215 1429 2292 ex-VVest-rez‘ch
1470 2217 1630 2274 Neu-
1670 2234 1700 2254 ‘³

15 2287 194 2350 striam
223 2291 394 2353 fecere
427 2316 445 2358 ς
485 2315 664 2373 neque
699 2297 870 2375 magis
905 2295 1150 2359 miranda
1179 2297 1253 2354 est
1285 2299 1630 2360 ianomanis

14 2370 329 2434 hominibus
362 2379 667 2456 ignorantia
699 2399 832 2437 verae
869 2381 1117 2436 notionis
1136 2381 1286 2437 vocis
1304 2380 1627 2440 Wandalo-

10 2474 135 2514 rum
153 2479 314 2536 quam
334 2457 639 2523 Marsorum
660 2499 677 2527 ‚
710 2481 876 2540 quam
895 2460 1082 2523 itidem
1103 2460 1376 2542 sanguinis
1410 2461 1511 2520 effe
1529 2486 1627 2543 ap,-

14 2539 360 2617 pellationiem
377 2543 596 2604 illorum
614 2544 831 2621 quidam
853 2583 871 2608 2
917 2564 1254 2604 memorante
1271 2548 1444 2625 magis
1458 2568 1626 2625 quam

15 2621 280 2697 probante
296 2625 493 2689 Tacito
506 2666 524 2693 ‚
543 2624 834 2694 credidere,
855 2647 979 2683 cum
996 2629 1070 2687 ita
1088 2645 1411 2687 vocarentur
1428 2649 1625 2692 omnes

14 2703 109 2779 qui
126 2702 242 2761 loca
271 2704 581 2768 habitabant
610 2706 857 2785 palustria
877 2749 894 2776 ‚
940 2726 999 2766 ut
1018 2730 1163 2767 nunc
1204 2730 1428 2790 quoque
1454 2709 1624 2768 Dith-

13 2782 165 2843 marli
185 2825 202 2852 ‚
244 2787 519 2853 Stormarfi
542 2830 564 2852 ,,
593 2793 801 2870 aliique.
844 2793 1027 2856 Liceat
1044 2798 1098 2855 ὃς
1118 2791 1224 2851 hoc
1242 2792 1435 2857 addere
1453 2832 1474 2858 „
1505 2811 1622 2854 non

5 2865 165 2943 quod
187 2867 250 2933 ad
277 2890 388 2928 rem
408 2871 717 2949 praesentem
741 2875 976 2935 multum
999 2878 1263 2953 pertineat
1288 2915 1307 2941 ,d
1347 2872 1437 2935 sed
1466 2872 1619 2951 quod

9 2947 188 3025 lucem
218 2947 358 3011 forte
393 2951 606 3015 adferre
641 2953 804 3035 poffit
840 2956 1214 3018 controversiae=
1251 2960 1392 3015 inter
1439 2956 1620 3012 Cran-

898 3038 935 3095 b
986 3056 1010 3116 5
1445 3038 1615 3095 tzium
