1931 3428
322 121 1258 200 LinERQv1N‘rv-S.
1503 109 1624 198 879

14 224 340 294 nuntiassent
360 264 375 290 ‚
405 241 538 278 mox
564 237 689 287 cum
709 214 864 274 omni
880 206 976 266 suo
995 209 1232 264 exercitu
1252 201 1315 264 ad
1330 203 1631 284 ¹proprium

20 310 255 378 reversus
275 306 349 366 est
367 324 616 385 regnum.
666 375 671 382 ι

506 453 558 510 C
641 472 680 509 A
715 528 718 530 q
763 468 819 507 Ρ.
928 409 985 501 -X
1009 438 1063 500 X
1082 443 1168 496 11.·.

480 590 554 639 De
574 575 889 655 VVarnefrido
898 570 1005 649 filio
1023 567 1164 646 Lupi.

18 723 396 859 ‘DF-‘nique
428 725 588 800 Lupo
607 719 712 776 hoc
732 712 900 773 modo
926 728 987 768 ut
1022 700 1369 788 praemifimus
1387 701 1644 758 interem-

180 831 279 890 pto
298 851 312 877 ‚
347 801 749 866 &Varnefridus
767 806 880 875 ejus
899 792 1037 850 filius
1058 790 1232 850 voluit
1252 790 1307 843 in
1339 787 1464 842 loco
1479 775 1647 862 'patris

36 896 176 975 apud
197 890 516 965 Forumjulii
537 884 783 941 obtinere
804 880 1081 937 ducatum.
1127 870 1227 928 Sed
1251 886 1501 925 metuens
1522 865 1650 921 Gri-

35 979 236 1036 moaidi
260 979 394 1052 regis
412 974 545 1027 vires
563 1012 575 1032 ,
611 963 752 1045 fugit
775 962 837 1020 ad
856 961 1168 1017 Sclavorum
1191 970 1412 1033 gentem
1432 952 1487 1006 in
1508 947 1648 1004 Care-

38 1081 274 1119 nuntum
297 1098 310 1122 ,
346 1051 496 1132 quod
523 1065 779 1126 corrupte
816 1044 1056 1100 vocitant
1090 1039 1481 1095 Carantanum.
1529 1032 1651 1097 Qui

39 1141 227 1222 postea
248 1160 370 1195 cum
393 1137 589 1192 Sclavis
627 1131 917 1187 adveniens
938 1164 954 1190 ‚
984 1117 1127 1202 quasi
1163 1117 1421 1175 ducatum
1456 1134 1649 1171 eorum

38 1223 243 1282 viribus
263 1220 658 1295 resumpturus,
682 1210 824 1292 apud
837 1209 1043 1265 Nemas
1062 1201 1286 1261 castrum
1310 1241 1325 1266 ‚
1360 1195 1514 1276 quod
1536 1215 1650 1251 non

2 1356 5 1359 .
39 1308 206 1385 longe
222 1305 248 1361 ὲ
265 1302 523 1375 Forojulii
542 1297 696 1356 distat
716 1336 732 1364 ,
763 1287 1089 1357 irruentibus
1109 1283 1261 1364 super
1277 1281 1326 1340 se
1345 1278 1652 1355 Forojulia-

43 1393 145 1455 niS,
165 1386 434 1445 extincfftus
452 1380 543 1439 est.
1015 1396 1018 1397 ⁷

476 1533 526 1590 C
609 1554 646 1589 A
724 1548 773 1585 P.
898 1524 1216 1583 XXIII.

0 1645 2 1733 i
125 1673 200 1727 De
219 1665 438 1726 VVec‘lari
454 1660 870 1738 forojulianorum
888 1653 1005 1709 duce
1023 1689 1040 1716 ,
1078 1649 1140 1712 ὠ
1159 1647 1214 1703 de
1230 1645 1326 1710 eius
1357 1639 1577 1702 νίἑῗονίιτε

48 1810 174 1934 D
189 1804 363 1862 Einde
383 1800 662 1857 ordinatus
690 1792 764 1851 est
784 1790 925 1871 apud
943 1786 1267 1859 Forumjulii
1283 1782 1390 1841 dux
1408 1775 1657 1837 wecta-

35 1956 37 1967 Α
191 1890 265 1950 ri,
315 1887 407 1964 qui
427 1880 531 1939 fuit
551 1877 816 1937 oriundus
837 1875 901 1931 de
934 1871 1264 1928 Vincentina
1292 1867 1538 1924 civitate,
1576 1860 1658 1916 vir

19 1971 316 2050 ‘benignus
337 1975 393 2025 δε
412 1964 679 2044 populum
704 1960 931 2016 suaviter
965 1972 1174 2033 regens·
1216 1950 1384 2005 Hunc
1401 1962 1526 2002 cum
1559 1961 1657 1996 au-

48 2051 200 2112 disset
219 2052 531 2108 Sclavorum
561 2065 694 2124 gens
723 2038 983 2098 Ticinum
1017 2030 1324 2113 profectum
1362 2026 1460 2085 effe
1481 2066 1499 2092 ,
1526 2042 1662 2079 con->-

49 2151 273 2218 gregata
290 2131 456 2188 valida
475 2124 820 2184 multitudine
836 2163 859 2187 ,
872 2122 1163 2177 voluerunt
1182 2113 1337 2193 super
1356 2107 1661 2182 Eorojulia-

50 2237 253 2278 norum
271 2212 499 2271 castrum
520 2214 733 2266 irruere.
768 2206 840 2261 Et
860 2205 1132 2257 venientes
1151 2195 1316 2254 castra
1334 2194 1521 2251 metati
1541 2187 1664 2245 sunt

21 2344 24 2346 ψ
53 2303 111 2360 in
131 2301 256 2356 loco
280 2300 371 2375 qui
403 2298 604 2351 Broxas
624 2291 817 2347 dicitur
835 2329 849 2353 ‚
880 2305 992 2341 non
1011 2284 1178 2360 longe
1197 2278 1223 2336 ὲ
1240 2275 1525 2353 Forojulii.
1572 2272 1664 2326 Se-

55 2383 297 2441 cundum
318 2379 552 2435 divinam
575 2391 756 2430 autem
775 2365 1177 2448 dispositionem
1198 2364 1458 2439 contigit,
1474 2371 1533 2412 ut
1552 2352 1663 2409 dux

57 2465 321 2525 Wec'mri
344 2460 598 2540 superiori
635 2452 845 2531 vespere
882 2449 907 2508 ὲ
941 2451 1143 2505 Ticino
1179 2456 1532 2502 reverteretur
1566 2455 1666 2490 ne-

54 2545 342 2607 scientibus
363 2543 580 2600 Sclavis.
626 2540 802 2612 Cujus
826 2535 1079 2589 Comites
1098 2550 1222 2586 cum
1242 2526 1304 2583 ad
1324 2523 1535 2604 propria
1568 2526 1666 2592 (ut

58 2628 241 2688 assolet
272 2625 387 2684 fieri
416 2631 439 2697 >
486 2618 796 2680 remeassent
816 2657 829 2682 ‚
859 2614 964 2695 ipse
983 2613 1088 2670 hoc
1110 2612 1365 2669 nuntium
1384 2605 1448 2664 de
1471 2599 1667 2659 Sclavis

57 2710 300 2776 audienS,
321 2730 445 2765 cum
466 2708 645 2784 paucis
666 2706 810 2760 viris,
828 2699 933 2756 hoc
952 2694 1027 2753 est
1045 2716 1166 2751 cum
1188 2690 1382 2772 viginti
1402 2689 1668 2766 quinque,

59 2811 249 2851 contra
289 2813 382 2849 eos
419 2783 719 2870 progressus
766 2781 858 2842 est.
922 2783 1108 2858 Qm
1143 2777 1311 2832 Scl²avi
1344 2817 1356 2836 ‚
1393 2789 1502 2826 tam
1540 2783 1673 2843 pau-

58 2879 135 2934 cis
153 2879 331 2933 venire
349 2870 739 2950 conspicientes
760 2909 776 2937 ‚
805 2861 1075 2921 irriserunt
1097 2900 1112 2925 ,
1149 2854 1385 2915 dicentes
1406 2895 1422 2921 ‚
1441 2849 1671 2907 Patriar*

64 2957 220 3038 §ham
253 2975 443 3019 contra
473 2952 523 3013 se
559 2972 684 3012 cum
720 2949 921 3011 clericis
954 2945 1256 3006 adventare.
1301 2938 1416 3007 Qui
1447 2950 1568 2989 cum
1605 2920 1671 2981 ad

1521 3028 1668 3089 pon-
