1888 3428
195 183 608 242 Hui-oium
648 177 1150 236 VANDALICAE
1190 180 1342 236 Lm.
1362 181 1409 238 1.
1543 197 1605 258 15

36 268 301 329 abitaculo
321 266 488 345 longe
505 260 625 320 satis
641 258 825 317 aberat
845 297 863 324 ‚
897 279 1014 337 quo
1036 262 1259 317 veniens
1276 263 1615 320 Valentinia-

41 373 102 411 us
133 349 377 427 stuprum
409 349 458 404 ei
490 348 544 405 vi
571 339 751 402 infert.
795 338 924 399 Post
944 359 1218 422 acceptam
1241 345 1491 419 injuriam
1510 345 1616 404 do—

60 454 154 494 um
172 434 269 492 viri
287 427 489 489 reversa
504 425 783 506 lachrymis
799 421 1166 505 omnibusque
1183 423 1345 506 lignis
1362 425 1619 486 dolorem

25 515 197 575 estatis
213 514 413 580 animi,
431 510 543 571 dira
562 525 801 590 precatur
820 506 1077 565 Maximo
1098 527 1161 565 ut
1179 509 1277 587 qui
1294 525 1449 567 tanto
1470 511 1618 569 malo

31 596 207 658 ausam
225 595 463 655 dediffet.
502 593 609 650 His
636 592 871 672 graviter
897 609 1218 649 commotus
1236 597 1291 648 &
1310 589 1418 672 ipse
1435 592 1494 649 in
1510 597 1621 650 Im-

41 682 260 741 cratoris
290 680 516 736 exitium
545 673 720 732 tendit
749 675 1016 732 animum.
1062 672 1167 734 Sed
1185 695 1313 732 cum
1330 692 1620 753 potentem

40 763 209 822 ideret
235 763 460 818 A'e'tium
479 797 499 825 ,
532 774 593 816 ut
624 760 720 838 qui
756 758 944 838 magni
972 758 1241 815 exercitus
1257 757 1369 816 dux
1387 760 1623 817 Attilam

44 865 176 923 uper
193 840 389 903 vicisset
405 882 424 908 ,
456 861 571 921 quo
600 856 850 920 tempore
867 838 1176 921 Maffagetae
1195 838 1513 922 Scythaeque
1530 841 1624 899 alii

20 948 57 984 n
74 928 352 985 Romanas
370 942 537 983 terras
558 926 859 1005 irruperant
877 962 896 989 ‚
931 926 1239 1004 praemetuit
1256 944 1325 980 ne
1346 921 1443 982 fibi
1455 922 1623 985 desti-

40 1011 137 1067 atis
170 1011 364 1089 ingens
394 1009 440 1065 is
475 1006 936 1086 impedimentum
954 1004 1186 1066 adferret
1222 1029 1237 1064 :
1269 1007 1452 1086 itaque
1470 1009 1629 1087 opti-

61 1112 155 1149 um
189 1088 338 1150 factu
364 1089 519 1149 duxit
539 1090 753 1148 amoliri
784 1090 1015 1148 A'e'tium
1037 1129 1057 1157 ‚
1089 1091 1359 1159 Romanae
1376 1092 1452 1149 rei
1469 1088 1623 1172 spem

26 1194 131 1232 unc
149 1177 464 1252 praecipuam
479 1213 498 1242 ‚
516 1189 811 1252 antequam
829 1171 1089 1233 destinata
1105 1190 1368 1252 coeptaret
1392 1195 1407 1232 ι
1428 1170 1626 1233 fretus:-

42 1276 108 1314 ue
124 1253 428 1336 spadonum
447 1256 576 1314 aulae
594 1258 651 1312 in
668 1254 716 1314 se
736 1255 1122 1315 benevolentia
1144 1296 1162 1318 ‚
1189 1277 1386 1316 eorum
1417 1255 1626 1316 artibus

42 1334 268 1395 ersuadit
296 1341 646 1417 Imperatori,
680 1340 958 1396 intentum
988 1337 1151 1396 rebus
1184 1341 1345 1416 novis
1371 1341 1624 1398 Aetium.

64 1439 123 1476 ec
138 1421 437 1499 quicquam
471 1421 645 1499 magis
660 1421 1108 1478 Valentinianum
1136 1423 1315 1479 movit
1331 1439 1396 1480 ut
1413 1424 1630 1480 crimini

45 1500 170 1559 dem
189 1500 409 1559 haberet
426 1541 444 1568 ‚
476 1522 644 1580 quam
662 1504 760 1559 viri
780 1505 1003 1561 virtutes
1017 1521 1179 1583 atque
1196 1508 1477 1562 autoritas.
1520 1508 1628 1562 ita-

45 1603 111 1640 ue
126 1580 356 1639 interfici
372 1603 499 1639 eum
515 1582 705 1655 jubet:
725 1605 839 1662 quo
854 1602 1102 1662 tempore
1113 1586 1393 1643 laudatum
1412 1587 1487 1644 est
1501 1588 1628 1644 Ro·—

64 1666 148 1721 ani
165 1661 437 1739 cujusdam
456 1663 687 1731 dictum,
701 1667 795 1743 qui
819 1665 1190 1740 percun&anti
1203 1672 1544 1746 Imperatori,
1557 1689 1628 1727 an

45 1766 121 1803 on
137 1746 280 1815 terite
297 1741 497 1802 fecisset
512 1787 528 1810 ‚
563 1745 716 1824 quod
750 1746 981 1804 A‘e'tium
1000 1746 1028 1804 ἐ
1046 1749 1157 1806 vita
1174 1748 1454 1808 amovisset
1484 1791 1502 1814 ,
1537 1773 1628 1809 re-

25 1827 303 1906 ponderat,
321 1827 536 1885 rectene
553 1827 607 1886 id
625 1825 832 1888 factum
850 1828 977 1888 esset
993 1851 1092 1888 nec
1110 1852 1197 1898 ne,
1217 1831 1316 1891 fibi
1333 1836 1590 1914 ignarum
1609 1857 1628 1892 ε

27 1909 61 1967 d
77 1927 282 1968 certum
298 1907 425 1979 fibi,
446 1915 841 1989 Imperatorem
862 1933 932 1970 eo
949 1909 1097 1971 fasto
1119 1955 1138 1984 ,
1165 1933 1392 1974 manum
1410 1915 1629 1976 sibimet

46 2009 247 2051 extram
279 1992 446 2050 altera
479 2014 647 2051 manu
680 1992 969 2055 abscidisse,
1016 2013 1160 2054 certe
1191 2016 1418 2057 mortuo
1453 2002 1624 2057 A'e'tio

64 2076 177 2132 ttila
194 2077 400 2133 nullum
412 2080 525 2152 jam
542 2074 749 2134 habens
766 2076 862 2137 fibi
877 2079 1250 2159 compositum
1270 2103 1452 2161 parem
1471 2124 1490 2151 ‚
1517 2085 1627 2140 im—

45 2177 149 2216 une
183 2157 459 2237 Europam
478 2156 712 2217 vastabat
730 2199 748 2228 ,
777 2166 835 2220 &
869 2179 1159 2244 utramque
1177 2167 1396 2243 Imperii
1412 2183 1626 2245 partem

29 2237 104 2297 1bi
135 2237 367 2298 habebat
396 2241 715 2322 veecigalem
731 2283 748 2312 ,
778 2264 907 2302 nam
927 2266 1106 2304 annua
1123 2250 1172 2304 ei
1190 2246 1258 2303 ab
1275 2251 1629 2327 Imperatori-

51 2341 110 2378 us
125 2320 326 2381 tributa
344 2323 724 2385 mittebantur.
765 2328 832 2387 Ei
846 2330 1160 2409 Aquileiam
1180 2347 1314 2388 tunc
1330 2329 1628 2402 obsidenti,

47 2400 199 2463 rbem
234 2426 489 2488 magnam
518 2429 578 2467 ac
604 2410 816 2490 populo
852 2411 1107 2472 refertam
1126 2454 1145 2482 ‚
1176 2416 1234 2471 in
1253 2416 1424 2473 altero
1443 2413 1626 2474 Adriae

25 2487 189 2546 ittore
202 2528 221 2557 ,
252 2493 387 2548 mire
406 2484 629 2550 fortuna
645 2491 696 2551 se
714 2492 997 2574 praebuiffe
1017 2495 1230 2555 dicitur.
1276 2498 1428 2556 Cum
1447 2518 1628 2579 neque

0 2608 1 2613 κ
47 2570 255 2656 {neque
274 2575 482 2634 ratione
511 2575 614 2634 alia
646 2575 797 2657 spem
832 2580 999 2639 ullam
1016 2580 1222 2639 videret
1242 2581 1513 2662 capiendae
1531 2586 1628 2639 ur-

11 2641 132 2712 b1⁵2
155 2657 228 2704 -in
255 2655 489 2738 longum
515 2676 737 2740 tempus
767 2660 1054 2722 obsidione
1073 2666 1343 2745 protra&a
1361 2707 1378 2735 ,
1411 2661 1628 2742 jufferat

0 2726 211 2785 ’(ῑῑΰᾶὃ
236 2734 304 2789 ad
333 2741 538 2801 abitum
572 2742 830 2823 postridie
865 2743 1083 2805 summo
1124 2770 1284 2807 mane
1313 2747 1629 2808 faciendum·

17 2827 199 2905 parata
210 2810 401 2877 habere
419 2829 735 2886 exercitum.
779 2828 893 2889 Vbi
911 2833 1152 2891 illuxerat
1170 2876 1187 2903 ‚
1204 2839 1429 2915 jamque
1448 2831 1626 2891 castris

1 2892 213 2952 'relictis
229 2898 329 2956 iter
344 2903 673 2986 incipiebant
688 2909 898 2972 barbari
918 2958 933 2981 ,
956 2914 1138 2974 subito
1157 2921 1366 2975 ciconia
1383 2959 1402 2987 ‚
1428 2938 1548 2996 quae
1567 2917 1626 2972 in

1 2987 163 3038 ⁴turre
188 2981 415 3062 quadam
445 3010 731 3061 murorum
773 2999 833 3063 in
875 2998 1087 3064 ambitu
1119 3001 1310 3067 nidum
1335 2995 1627 3082 pu110s<1¹¹²
