1888 3428
211 164 653 221 GOTTHICAE
695 159 1098 216 H1sToR1AE
1139 159 1408 216 L1B.IV.
1533 179 1643 237 423

34 244 163 305 dem
197 245 245 303 se
276 245 523 323 paludem
545 245 780 302 emittit:
815 235 920 318 ipsa
940 236 1145 294 rursum
1164 241 1311 318 palus
1330 243 1384 296 in
1403 244 1648 298 Pontum

30 328 347 396 Euxinum,
378 348 559 407 neque
592 316 846 384 ultimum
878 318 998 377 sane
1030 329 1208 399 neque
1242 322 1517 389 medium,
1558 320 1647 380 secl

27 407 199 469 ferme
218 409 326 490 qua
360 413 404 468 is
436 412 642 488 incipit.
679 410 808 466 laeva
827 419 1006 460 autem
1026 406 1192 459 Ponti
1222 400 1382 475 hujus
1405 401 1541 461 Afiae
1561 423 1642 462 at-

27 493 195 552 tribui
211 493 407 552 solent.
448 495 601 550 Tum
635 510 763 565 vero
782 488 983 543 Tanai's
1002 488 1171 542 amnis
1189 484 1391 564 Ripaeis
1415 481 1443 538 ὲ
1477 505 1644 542 mon-

24 574 175 634 tibus
193 574 423 634 nascitur
441 615 458 642 ‚
497 593 639 652 quos
666 575 721 628 in
739 567 958 646 Europa
979 566 1079 626 esse
1109 570 1273 625 etiam
1305 563 1500 625 vetusti
1518 564 1642 624 scri-

24 675 231 738 ptores.
250 657 617 716 consentiunt.
661 653 728 710 ab
762 650 945 709 iisdem
965 661 1159 709 'autem
1192 650 1395 730 Ripaeis
1430 652 1643 705 monti—

25 741 130 798 bus
165 744 377 821 ingenti
410 737 691 796 intervallo
734 735 994 792 Oceanus
1032 731 1259 791 diffidet.
1322 751 1440 811 quae
1477 734 1655 809 igitur·

24 844 173 902 pone
198 822 319 882 sunt
333 824 565 879 Tanaim
582 823 783 898 &juga
801 817 889 874 illa
906 856 921 882 ,
967 818 1103 893 quin
1121 816 1340 892 Europa
1360 812 1460 869 fint
1482 853 1498 879 ,
1525 810 1642 870 fieri

21 908 235 984 nequit.
270 902 423 984 quod
443 902 478 959 fi
498 905 803 981 interroges
831 920 946 978 quo
975 900 1341 976 locofssncipiat
1358 897 1643 953 Tanaisli-

21 1008 140 1044 mes
171 986 273 1044 effe
301 1005 599 1046 terrarum,
635 982 777 1041 haud
796 980 960 1040 facilis
991 979 1052 1038 fit
1078 977 1367 1059 responfio.
1411 981 1642 1057 Propius

20 1089 153 1129 vero
175 1068 210 1125 fi
230 1072 351 1148 quis
371 1070 544 1125 amnis
558 1085 722 1124 terras
740 1065 1073 1123 disterminat
1091 1104 1108 1131 ,
1153 1084 1278 1120 eum
1299 1059 1397 1118 effe
1412 1058 1639 1118 Phafim.

18 1153 166 1211 Nam
189 1172 252 1208 ex
271 1147 491 1208 adverso
511 1145 908 1207 Gaditanifreti
927 1144 976 1203 se
993 1145 1246 1203 attollens
1268 1185 1285 1212 ,
1309 1161 1470 1201 terras
1493 1142 1642 1199 velut

19 1254 206 1313 aequus
223 1232 380 1291 secat.
423 1236 479 1289 A
514 1229 658 1289 freto
683 1233 885 1311 quippe
902 1226 1081 1285 fusum
1106 1248 1249 1283 mare
1282 1245 1447 1283 terras
1466 1226 1642 1283 utrin-

19 1337 128 1396 que
145 1313 472 1374 submovet:
518 1331 571 1370 at
590 1312 764 1371 Phafis
787 1356 800 1376 ,
839 1310 933 1367 ubi
952 1313 1183 1367 maxime
1203 1307 1394 1366 definit
1413 1324 1638 1385 porum,

18 1401 78 1456 in
98 1399 342 1457 medium
361 1403 475 1474 ejus
495 1395 667 1454 finum
686 1396 824 1452 lunae
847 1396 899 1450 in
934 1413 1146 1450 morem
1168 1408 1450 1449 curvatum
1470 1387 1640 1444 semet

15 1481 270 1556 dejiciens
286 1522 303 1548 ‚
347 1481 632 1538 continuat
649 1495 921 1557 acceptam
939 1476 966 1532 ἆ
992 1477 1122 1532 mari
1145 1492 1405 1531 terrarum
1426 1468 1641 1528 divisio-

17 1585 169 1621 nem.
212 1565 348 1636 Haec
366 1562 489 1620 sunt
507 1584 627 1641 quae
648 1581 764 1639 pars
797 1578 1022 1637 utraque
1060 1559 1404 1613 munimenta
1437 1551 1639 1609 obten-

19 1647 99 1704 dit
116 1644 390 1705 sententiae
418 1645 538 1702 suae.
582 1645 705 1723 Ego
740 1662 869 1700 vero
901 1656 1147 1718 apertum
1168 1636 1360 1694 faciam
1381 1677 1398 1702 ‚
1431 1654 1545 1691 non
1572 1634 1640 1689 il-

14 1729 112 1788 lud
135 1728 305 1786 modo
333 1727 485 1805 quod
503 1728 649 1805 prius
669 1728 854 1789 retuli,
894 1722 982 1779 sed
1001 1727 1056 1777 δέ
1079 1718 1341 1800 posterius
1359 1717 1466 1774 hoc
1482 1716 1642 1795 placi-

14 1807 424 1871 tuminvaluiffe
442 1811 616 1889 longo
639 1826 887 1884 tempore
920 1813 970 1863 &
1001 1821 1245 1862 veterum
1278 1801 1634 1857 auotoritate:

18 1893 126 1952 hoc
144 1890 412 1975 praefatuS‚
435 1894 755 1970 plerumque
774 1888 1048 1948 homines,
1074 1884 1110 1942 si
1132 1906 1237 1964 qua
1257 1881 1398 1939 fama
1416 1881 1481 1938 ab
1499 1884 1639 1937 anti—

20 1998 135 2056 quo
160 1980 408 2035 veniente
427 1973 626 2031 imbuti
647 1971 767 2033 fint‚
786 1973 927 2028 nolle
948 1973 1081 2026 circa
1101 1971 1210 2025 veri
1229 1962 1640 2044 inquisitionem

16 2056 316 2140 defatigari,
336 2078 513 2137 neque
535 2054 846 2114 diffidentes
863 2053 929 2110 de
952 2073 1011 2109 ea
1029 2072 1083 2107 re
1102 2051 1450 2129 opinationes
1471 2066 1636 2102 novas

19 2139 284 2222 patienter
301 2145 587 2220 percipere.
610 2137 773 2194 Ade'o
797 2133 1000 2214 semper
1020 2134 1071 2191 id
1093 2132 1244 2212 quod
1264 2129 1524 2189 vetustius
1543 2127 1637 2194 est,

11 2225 233 2284 'videtur
252 2231 306 2281 &
326 2223 521 2280 rectius
542 2214 1001 2296 venerabiliusque
1022 2239 1034 2272 :
1055 2217 1107 2272 id
1130 2235 1258 2271 vero
1279 2212 1433 2292 quod
1451 2207 1638 2268 nobis-

17 2327 143 2364 cum
164 2311 408 2364 exoritur
437 2308 490 2377 in
527 2319 872 2360 contemtum
895 2296 1202 2366 ac'derisum
1221 2313 1386 2375 patet.
1439 2295 1637 2350 Enim-

15 2411 149 2449 vero
167 2388 283 2447 heic
303 2408 417 2445 non
437 2387 502 2444 de
517 2384 792 2443 mentibus
810 2384 1260 2460 incorporeis,aut
1274 2381 1335 2436 iis
1353 2398 1472 2456 quae
1485 2396 1636 2432 men-

19 2489 78 2529 te
109 2469 219 2529 sola
253 2468 826 2548 comprehenduntur,
860 2463 1079 2522 rebusve
1111 2466 1222 2520 aliis
1250 2461 1430 2538 suapte
1451 2476 1639 2515 natura

21 2551 369 2618 absconditiS,
387 2550 613 2631 quaestio
632 2547 726 2611 est,
746 2546 833 2606 sed
852 2548 915 2605 de
931 2545 1160 2611 terra‚de
1174 2565 1329 2601 amne
1342 2583 1358 2609 ,
1371 2561 1490 2621 quae
1510 2541 1636 2596 lon-

0 2657 91 2717 ga
109 2654 232 2695 aetas
252 2655 428 2714 neque
453 2638 741 2692 immutare
758 2672 775 2698 ‚
822 2650 998 2708 neque
1017 2628 1044 2685 ὲ
1069 2625 1361 2705 conspecstu
1381 2641 1647 2680 amoverev

15 2721 222 2799 potuit.
265 2715 464 2775 Praesto
485 2715 557 2773 est
575 2715 750 2773 sensus
773 2754 790 2781 ,
818 2714 1218 2789 oculorumque
1237 2708 1633 2767 testimonium,

22 2821 138 2881 quo
156 2799 193 2857 fi
210 2803 332 2880 quis
351 2817 532 2856 utatur
555 2801 666 2856 veri
685 2793 906 2876 cupiens
923 2835 940 2861 ‚
957 2793 1091 2852 nihil
1108 2790 1345 2849 obstabit
1360 2830 1377 2857 ‚
1394 2809 1506 2866 quo
1530 2789 1636 2842 mi-

18 2903 123 2940 nus
141 2882 195 2939 id
216 2886 454 2961 reperiat.
499 2875 964 2938 Halicarnaffenfis
991 2873 1317 2932 Herodotus
1343 2888 1531 2950 quarta
1550 2867 1638 2922 hi-

21 2964 305 3024 storiarum
326 2980 594 3023 memorat
612 3001 631 3030 ,
669 2980 896 3021 omnem
923 2959 1170 3014 tellurem
1194 2974 1356 3014 unam
1377 2949 1497 3018 effe,
1514 2966 1632 3027 quae

59 3060 62 3062 ’
923 3042 980 3097 D
1006 3039 1040 3098 d
1081 3058 1120 3113 4
1589 3031 1645 3084 iu
