1888 3428
202 185 647 248 (301⁰erAE
684 189 1093 251 His-roR1AE¹
1142 179 1414 250 Lim-³411.
1547 206 1662 270 357

50 266 315 330 Postridie
331 276 578 330 concitos
598 272 663 332 ad
679 270 730 333 se
748 268 1003 330 Gotthos
1016 269 1084 330 fic
1107 273 1319 332 Totilas
1350 273 1662 351 alloquitur.

12 377 17 382 ·
49 352 186 410 Non
201 375 347 412 nova
367 376 544 436 neque
562 357 841 434 incognita
859 352 1017 411 vobis
1042 371 1301 432 praecepta
1319 352 1536 411 daturus
1554 352 1661 412 huc

51 455 153 493 vos
174 475 190 501 ‚
217 441 574 506 commilite5‚
608 439 907 495 convocavi
940 433 1028 493 sed
1064 436 1250 493 eadem
1281 434 1520 491 dieturus
1539 456 1658 513 quae

49 515 182 594 saepe
203 518 424 576 antehac
444 561 461 588 ‚
495 520 549 578 δ’(
568 541 687 601 quae
720 517 906 576 secutis
929 521 1160 575 maxima
1185 515 1343 576 vobis
1369 517 1517 573 bona
1534 537 1664 573 eve-

50 619 199 655 nere.
247 602 437 670 Quare
471 624 538 660 ne
572 601 913 681 negligenter
938 599 1119 657 audite
1154 599 1262 658 haec
1282 601 1514 655 monita.
1550 595 1661 654 ser-

49 702 284 742 monum
319 688 466 740 enim
498 686 593 764 qui
620 684 683 741 ad
713 681 1026 740 felicitatem
1056 682 1261 740 ducunt
1278 680 1420 738 nulla
1447 677 1665 737 homini

51 760 152 819 effe
170 764 328 823 debet
350 764 496 822 satias
513 806 531 833 ‚
563 764 763 823 etiamfi
783 763 999 822 taediosa
1018 763 1079 828 fit,
1105 767 1356 845 repetitio
1377 792 1396 831 5
1438 762 1664 842 quando-

49 866 169 924 quae
189 868 284 904 eos
300 845 702 926 consequuntur
720 851 943 905 minime
964 845 1087 904 sunt
1104 846 1265 927 digna
1283 842 1521 903 recusari.
1553 846 1661 901 Di·-

51 948 118 984 co
146 932 439 1008 igiturffnos*
467 928 688 987 antehac
705 973 728 1000 ‚⁷
758 952 881 989 cum
903 930 1135 990 ducenta
1157 930 1480 986 haberemus
1514 929 1661 984 mili-2

49 1029 170 1067 tum
190 1015 577 1070 acerrimorum
593 1013 754 1071 millia
771 1054 786 1079 ‚
812 1015 1051 1094 pecuniae
1070 1056 1084 1077 ,
1116 1031 1389 1091 equorum
1410 1050 1427 1077 ‚
1447 1029 1662 1067 rerum-

48 1113 156 1170 que
174 1098 426 1153 omnium
446 1099 686 1175 copiam,
722 1093 910 1154 fenum
931 1093 1154 1153 consilio
1177 1095 1490 1158 valentium,
1506 1090 1662 1171 quod

47 1177 104 1231 in
124 1179 371 1254 periculis.
389 1178 472 1234 vel
491 1181 792 1236 maximum
812 1177 884 1236 est
905 1218 922 1245 ‚
949 1178 1164 1235 bonum
1181 1196 1504 1245 numerum,
1537 1172 1663 1230 ase*

48 1260 186 1335 pties
202 1262 342 1319 mille
361 1261 623 1318 Graeculis
647 1263 821 1318 victos
841 1302 857 1328 ,
889 1262 1229 1338 imperioque
1249 1266 1301 1317 &
1332 1257 1492 1314 rebus
1512 1277 1662 1312 ama-

47 1342 97 1397 ri.
124 1339 293 1399 solitis
321 1341 582 1400 omnibus
597 1343 888 1421 derepente
907 1358 1120 1400 exutOS.
1167 1342 1331 1398 Nunc
1351 1359 1479 1396 vero
1500 1337 1665 1394 nobis

48 1427 237 1499 paucis,
263 1425 575 1483 nostrorum
608 1423 976 1503 superstitibus
994 1464 1010 1491 ,
1059 1423 1218 1480 nudis
1253 1444 1311 1479 ac
1344 1419 1661 1477 miserabili-.-

50 1505 178 1573 buS,
198 1512 252 1563 &
278 1510 619 1587 agendorum
637 1510 920 1586 imperitis,
938 1509 1172 1584 contigit
1192 1505 1257 1563 de
1277 1500 1523 1560 hostibus
1542 1503 1663 1581 plus

49 1588 215 1646 vicies.
233 1592 379 1648 mille
397 1592 680 1670 deportare
704 1591 1014 1646 victoriam..
1048 1589 1183 1648 Haec
1213 1606 1542 1663 eorumquae
1561 1606 1661 1664 ge«

48 1667 125 1727 sta
144 1669 268 1728 sunt
282 1671 490 1730 summa
508 1670 596 1729 est.
618 1668 792 1728 causas
813 1692 907 1727 cur
925 1675 999 1727 ita
1017 1672 1295 1728 evenerint
1309 1666 1666 1745 vo-bi5,quan-

47 1756 215 1831 quain
238 1757 569 1834 nonignaris
587 1794 605 1822 ‚
637 1751 979 1831 eloquihaud
998 1751 1228 1830 pigebit.
1273 1747 1479 1823 Gotthi
1510 1766 1665 1805 antea

32 1839 136 1909 'jus
157 1835 434 1914 postremo
461 1837 588 1893 loco
614 1854 879 1914 ponentes
899 1876 916 1903 ‚
960 1838 1016 1890 in
1036 1836 1392 1913 populares&
1417 1829 1665 1888 subditos

51 1920 278 1995 plurima
295 1922 479 1999 inique
496 1917 745 1999 agebant.
791 1916 888 1974 Ob
907 1937 1024 1996 quae
1038 1913 1276 1972 infensus
1302 1918 1362 1971 iis
1380 1914 1537 1969 Deus
1554 1911 1666 1968 ho-

50 1997 211 2058 stium
232 2006 389 2059 armis
410 2002 625 2077 adjutor
646 2019 776 2058 tunc
794 1995 917 2056 fuit.
951 1998 1074 2055 ideo
1094 1997 1467 2062 multitudine,
1486 1996 1662 2052 virtu-

52 2099 135 2151 te,
159 2080 287 2141 belli
305 2097 490 2165 paratu
509 2082 662 2161 supra
681 2080 892 2139 hostem
913 2079 1071 2159 politi
1091 2121 1109 2147 ,
1141 2083 1193 2137 vi
1212 2078 1445 2159 quadam
1462 2080 1662 2134 latente

52 2165 323 2246 nobisque
355 2169 640 2247 incognita
657 2207 674 2233 ,
709 2161 846 2221 infra
880 2182 973 2220 eos
1004 2163 1196 2238 dejeffi
1229 2165 1428 2219 sumus.
1477 2162 1664 2226 Quare

50 2244 120 2304 fic
136 2247 327 2307 habet-e
346 2291 364 2317 ,
399 2255 458 2306 ea
476 2270 596 2328 quae
615 2250 776 2305 amari
796 2246 866 2302 ab
880 2244 1198 2302 hominibus
1226 2242 1396 2301 solent
1416 2283 1432 2310 2
1464 2245 1539 2298 ita
1557 2263 1664 2299 vo-·

20 2328 24 2329 ⁷
49 2327 134 2387 bis
151 2328 283 2391 salva
298 2328 418 2388 fore
445 2329 481 2388 fi
494 2327 711 2407 justiti-a:
730 2330 1080 2385 reverentiam
1098 2325 1441 2384 servaveritis.
1463 2322 1502 2379 sl
1521 2342 1663 2380 tran-

50 2409 160 2470 fitis
175 2416 231 2471 in
254 2434 434 2472 mores
451 2417 611 2481 alios,
631 2414 795 2469 etiam
808 2412 996 2467 Deum
1017 2410 1080 2468 ad
1102 2408 1278 2467 hostes
1297 2406 1660 2465 transiturum.

0 2537 9 2544 -
50 2495 249 2576 Neque
268 2500 415 2554 enim
434 2498 516 2554 ille
535 2513 627 2553 aut
647 2492 907 2551 omnibus
925 2494 1160 2549 omnino
1180 2489 1501 2548 hominibus
1517 2528 1535 2556 ‚
1571 2507 1665 2548 aut

16 2642 21 2651 ἡ
53 2581 148 2635 uni
176 2581 329 2637 alicui
356 2581 510 2658 genti
542 2577 740 2636 addicit
771 2573 821 2630 se
853 2572 1079 2632 socium.
1124 2573 1209 2631 sed
1233 2576 1296 2630 iis
1322 2567 1490 2630 adesse
1517 2588 1664 2626 amat

54 2659 253 2740 quibus
270 2682 486 2740 aequurn
501 2659 826 2737 bonumque
847 2655 995 2714 cordi
1014 2654 1104 2713 est.
1153 2655 1664 2732 Haecseorpertinent

41 2758 116 2800 -ut
137 2745 489 2800 memineritis
512 2747 568 2799 &
596 2745 737 2799 inter
769 2760 864 2796 vos
895 2744 948 2795 ὅ(
979 2742 1035 2795 in
1064 2736 1309 2801 subditos
1327 2735 1466 2812 justa
1484 2755 1663 2815 agere,

55 2823 110 2881 id
126 2842 307 2883 autem
325 2824 468 2883 idem
504 2821 580 2881 est
602 2846 659 2881 ac
679 2822 715 2880 si
748 2822 920 2879 dicam
940 2861 957 2888 ‚
992 2818 1259 2878 custodire
1278 2814 1665 2894 vobismetipsis

56 2903 266 2966 felicem
292 2906 510 2964 statum.
551 2908 688 2964 Haec
723 2902 951 2960 Gotthis
969 2905 1217 2960 elocutus
1252 2901 1466 2958 Totilas
1483 2939 1499 2965 ‚
1536 2916 1666 2954 mox

11 3059 14 3065 Ι
56 2987 349 3053 Romanos„
360 2988 629 3050 senatores
648 2984 783 3052 adse
804 3004 1026 3048 vocatos
1045 2985 1215 3044 multa
1234 2980 1453 3052 incusat,
1477 2997 1668 3116 eEPffi‘·

363 3095 366 3098 ⁴
487 3070 501 3075 ·
561 3071 568 3073 ⁴
683 3070 710 3072 ‘⁷
910 3071 954 3125 Z
1002 3087 1025 3143 3
1181 3066 1184 3068 ’
1554 3077 1672 3142 rans
