1888 3428
187 194 630 252 Go‘rTHICAE
669 193 1073 260 HrsToRIAE
1125 190 1397 250 L1ss.1v.
1522 206 1635 270 451

29 273 363 335 nihiltutum
396 275 496 333 effe
530 275 688 333 vobis
703 286 721 334 ‚'
752 272 954 332 etiamfi
991 277 1200 330 animos
1232 271 1553 330 fortiffimos
1573 274 1640 331 ad

31 377 305 415 certamen
341 358 609 415 adferatiS.
649 358 793 414 Nam
829 376 948 436 quae
979 377 1041 413 ex
1073 359 1324 414 locorum
1361 359 1638 413 intervallo

0 506 2 509 v
24 437 92 497 fit
110 462 290 519 pugna
308 484 323 505 ,
360 444 648 497 minimum
670 442 867 496 virtute
888 442 1091 518 regitur
1110 480 1126 506 ‚
1158 437 1394 494 fortunae
1414 436 1636 493 arbitrio

28 518 267 596 subjefin
300 525 616 600 plurimum.
669 524 747 578 At
782 520 875 578 ubi
910 519 1267 578 conseruntur
1301 539 1527 585 manuS,
1561 518 1636 575 ibi

28 624 263 684 magnus
278 609 489 662 animus
512 604 792 684 praepollet
811 644 827 669 ,
860 602 1114 683 additque
1136 602 1185 660 se
1202 601 1441 659 fortibus
1459 602 1639 658 visto-

27 690 124 743 ria.
170 689 323 743 Tum
346 708 473 744 vero
508 705 566 744 ut
594 683 949 764 prosperrime
984 704 1232 766 pugnent
1262 686 1519 741 maenium
1541 682 1640 739 de-

27 765 266 826 fensores
287 813 301 833 ‚
338 769 480 827 haud
499 789 759 847 magnum
787 766 863 825 est
895 790 1073 848 operae
1104 770 1363 847 pretium.
1395 787 1519 823 nam
1541 763 1640 822 de·-

27 850 241 930 pulsum
277 850 439 909 hodie
475 854 768 929 periculum
786 891 803 918 ,
831 872 938 908 cras
962 851 1096 909 redit
1123 872 1137 906 ι
1182 850 1335 929 quod
1355 848 1391 905 fi
1423 846 1639 927 sequius

27 955 112 991 res
126 935 273 991 cadat
294 974 310 1001 ‚
347 955 452 990 una
472 953 594 989 cum
626 932 747 1012 ipsis
779 932 1041 990 maenibus
1063 933 1400 1011 pereundum
1421 930 1516 987 est.
1558 934 1638 985 At

29 1037 195 1073 manu
230 1017 323 1095 qui
357 1014 567 1072 hostem
605 1019 863 1083 vicerint,
904 1019 1010 1074 tuti
1043 1020 1231 1074 vivunt
1260 1020 1315 1072 in
1342 1013 1640 1094 posterum.

27 1100 131 1156 His
153 1098 291 1153 bene
311 1101 563 1179 cogitatis
580 1119 764 1156 eamus
783 1102 836 1155 in
854 1098 1065 1156 hostem
1084 1100 1278 1155 alacres
1295 1142 1308 1162 ,
1340 1095 1535 1155 caeieste
1550 1115 1640 1151 au-

26 1182 215 1237 xilium
235 1181 621 1258 implorantes»,
653 1187 708 1238 δε
742 1204 805 1237 ex
838 1180 958 1258 ipfis
995 1180 1459 1259 rebUS.desperatis
1489 1177 1637 1256 spem

28 1266 420 1340 concipiamu5‚
439 1284 565 1319 cum
582 1265 896 1331 amet-Deus
917 1284 1012 1319 eos
1032 1267 1262 1319 maxime
1277 1262 1478 1319 servare
1492 1279 1639 1337 quos

26 1343 264 1401 humana
287 1343 527 1420 praefidia
558 1342 876 1402 destituunt.
919 1347 1052 1402 Haec
1076 1346 1170 1401 ubi
1200 1345 1444 1402 dixerant
1473 1343 1640 1399 Odo-

27 1426 232 1483 nachus
253 1432 305 1484 &
324 1426 470 1484 Baba
487 1466 505 1492 ,
545 1430 714 1506 portis
732 1431 925 1504 apertis
945 1448 1250 1492 currentem
1285 1427 1513 1484 eduxere
1534 1426 1640 1480 mi-

26 1509 178 1566 litem
196 1550 212 1576 ‚
248 1513 427 1587 paucis
459 1512 604 1569 intus
621 1508 818 1567 tenetis
836 1512 911 1567 ob
932 1532 1093 1589 quam
1113 1512 1354 1568 diffsturus
1378 1507 1492 1566 sum
1511 1526 1640 1562 cau-

24 1588 152 1648 sam.
199 1593 375 1649 Pridie
404 1595 579 1648 Lazus
611 1595 691 1650 vir
724 1592 926 1649 nobilis
946 1634 961 1659 ‚
1005 1592 1352 1668 Archaeopoli
1374 1589 1642 1653 habitanS,

27 1695 153 1730 cum
176 1673 490 1730 Mermeroe
509 1673 574 1731 de
602 1675 809 1754 oppido
831 1673 1114 1754 prodendo
1136 1692 1336 1753 egerat.
1371 1673 1455 1729 ille
1474 1691 1642 1729 unam

27 1754 94 1811 ab
119 1773 185 1811 eo
208 1776 427 1832 operam
446 1775 695 1834 exegerat
713 1801 728 1821 ,
769 1775 827 1814 ut
848 1778 973 1813 cum
1003 1775 1335 1835 repeteretur
1351 1769 1642 1834 oppugna-“-
1675 1803 1677 1805 ,

28 1841 142 1903 tic,
177 1835 394 1895 aedificia
413 1839 755 1906 incenderet,
784 1843 937 1918 queis
953 1836 1291 1896 frumentum
1310 1833 1516 1916 aliaque
1543 1855 1641 1891 nea·

31 1916 238 1976 ceffaria
258 1918 669 1979 asservabantur.
705 1923 758 1979 id
778 1940 958 1979 autem
977 1919 1254 2001 flagitabat
1276 1964 1291 1988 ‚
1332 1920 1397 1977 de
1418 1917 1640 1976 duobus

28 2004 256 2062 alterum
288 2002 629 2082 exspeotan5‚
675 2023 735 2060 ut
769 2022 861 2060 aut
895 2006 1135 2060 Romani
1166 2008 1221 2060 in
1254 1999 1638 2082 restinguendo

9 2088 156 2164 'igne
174 2085 394 2154 distriffl
429 2087 782 2166 impeditique
815 2094 1043 2153 vacuum
1078 2084 1172 2143 fibi
1203 2105 1419 2163 tempus
1452 2085 1641 2142 darent

29 2167 317 2232 invadendi
338 2190 523 2225 muros
540 2210 556 2236 ‚
579 2185 683 2225 ‘aut
699 2211 714 2236 ‚
736 2169 771 2225 fi
791 2169 1014 2225 tutanda
1032 2170 1096 2225 ad
1117 2171 1307 2226 maenia
1324 2168 1498 2225 eidem
1519 2185 1641 2223 ver-

27 2267 269 2307 terentur
287 2291 303 2317 ‚
336 2253 584 2308 arderent
599 2255 813 2308 interim
829 2253 1026 2308 domus
1047 2251 1368 2330 prohibente
1390 2251 1639 2327 nemine:

30 2331 229 2410 quibus
263 2333 459 2390 exustis
489 2374 505 2400 ‚
545 2331 753 2390 defefta
784 2335 1052 2390 alimentis
1077 2334 1299 2413 aliisque
1333 2334 1493 2391 rebus
1529 2335 1641 2388 Ar==

28 2415 310 2494 chaeopolis
330 2457 347 2481 ,
389 2415 660 2473 obsidium
680 2417 821 2473 haud
840 2417 932 2473 diu
965 2419 1254 2473 toleratura
1284 2415 1390 2472 sine
1421 2417 1639 2472 Roma-

29 2517 227 2552 norum
260 2498 448 2555 labore
491 2502 546 2555 in
576 2497 896 2577 potestatem
932 2519 1126 2555 eorum
1159 2503 1492 2578 perveniret.
1549 2497 1636 2552 Eo

31 2577 370 2638 Mermeroes
393 2581 616 2638 consilio
639 2622 654 2642 ‚
690 2582 842 2660 quod
870 2581 978 2638 dixi
1007 2585 1153 2638 Lazo
1189 2600 1538 2661 praeceperat:
1582 2585 1639 2634 δε

30 2662 235 2729 Lazu3‚
265 2664 418 2741 quod
443 2664 760 2742 petebatur,
791 2661 1060 2722 fafiturum
1081 2663 1130 2721 se
1150 2663 1483 2743 promiserat.
1524 2660 1637 2719 Vbi

32 2762 164 2820 ergo
183 2765 306 2801 cum
343 2750 573 2804 maxime
593 2750 1065 2826 oppugnationem
1099 2747 1233 2804 vidit
1261 2751 1316 2802 in
1339 2766 1493 2804 motu
1512 2741 1635 2807 effe,

32 2824 219 2901 ignem
235 2830 461 2885 latenter
476 2829 679 2886 aedibus
694 2830 796 2885 illis
814 2831 1016 2886 intulit.
1059 2831 1301 2888 Romani
1324 2829 1635 2907 surgentem

34 2903 307 2966 flammam
327 2929 385 2968 ut
405 2911 584 2969 videre
601 2954 619 2980 ,
658 2914 812 2990 pauci
833 2930 1115 2970 accurrunt
1136 2952 1150 2973 ‚
1185 2912 1470 2990 multoque
1489 2907 1636 2965 labo-

37 3008 92 3057 re
108 3030 128 3063 ,
148 3010 272 3079 ante
292 3013 492 3055 noxam
509 3016 728 3076 gravem
747 3035 765 3067 ,
802 2997 1123 3130 opprin}unt
1141 2995 1472 3053 incendium.
1509 2990 1636 3044 Ca}-

941 3077 980 3131 Ε
1061 3097 1089 3131 ἒ
1536 3070 1655 3127 teri,
