<?xml version="1.0" encoding="UTF-8"?>
<!DOCTYPE html PUBLIC "-//W3C//DTD XHTML 1.0 Transitional//EN"
    "http://www.w3.org/TR/xhtml1/DTD/xhtml1-transitional.dtd">
<html xmlns="http://www.w3.org/1999/xhtml" xml:lang="en" lang="en">
 <head>
  <title>
</title>
<meta http-equiv="Content-Type" content="text/html;charset=utf-8" />
  <meta name='ocr-system' content='tesseract 3.04.00' />
  <meta name='ocr-capabilities' content='ocr_page ocr_carea ocr_par ocr_line ocrx_word'/>
</head>
<body>
  <div class='ocr_page' id='page_1' title='image "./historiagotthoru00grot_0643.png"; bbox 0 0 1888 3428; ppageno 0'>
   <div class='ocr_carea' id='block_1_1' title="bbox 17 167 1638 3124">
    <p class='ocr_par' dir='ltr' id='par_1_1' title="bbox 17 167 1638 3124">
     <span class='ocr_line' id='line_1_1' title="bbox 39 167 1622 257; baseline 0.003 -28"><span class='ocrx_word' id='word_1_1' title='bbox 39 193 50 217; x_wconf 49' lang='lat' dir='ltr'>x</span> <span class='ocrx_word' id='word_1_2' title='bbox 188 170 619 230; x_wconf 73' lang='lat' dir='ltr'>GoTTHICAE</span> <span class='ocrx_word' id='word_1_3' title='bbox 660 167 1029 230; x_wconf 63' lang='lat' dir='ltr'>Hts’roiuffi</span> <span class='ocrx_word' id='word_1_4' title='bbox 1069 175 1215 231; x_wconf 77' lang='lat' dir='ltr'>LIB.</span> <span class='ocrx_word' id='word_1_5' title='bbox 1239 168 1346 233; x_wconf 86' lang='lat' dir='ltr'>IV.</span> <span class='ocrx_word' id='word_1_6' title='bbox 1493 191 1622 257; x_wconf 70' lang='lat'>474</span> 
     </span>
     <span class='ocr_line' id='line_1_2' title="bbox 17 251 1629 342; baseline 0.004 -30"><span class='ocrx_word' id='word_1_7' title='bbox 17 272 463 335; x_wconf 83' lang='lat' dir='ltr'>coagmentatum</span> <span class='ocrx_word' id='word_1_8' title='bbox 493 253 794 342; x_wconf 87' lang='lat' dir='ltr'>lapidibus,</span> <span class='ocrx_word' id='word_1_9' title='bbox 830 251 1175 332; x_wconf 68' lang='lat' dir='ltr'>&amp;insculptae</span> <span class='ocrx_word' id='word_1_10' title='bbox 1208 258 1369 316; x_wconf 85' lang='lat' dir='ltr'>literae</span> <span class='ocrx_word' id='word_1_11' title='bbox 1401 258 1629 319; x_wconf 50' lang='lat' dir='ltr'>manifes-</span> 
     </span>
     <span class='ocr_line' id='line_1_3' title="bbox 18 335 1628 415; baseline 0.003 -21"><span class='ocrx_word' id='word_1_12' title='bbox 18 335 103 393; x_wconf 87' lang='lat' dir='ltr'>sto</span> <span class='ocrx_word' id='word_1_13' title='bbox 134 338 371 406; x_wconf 85' lang='lat' dir='ltr'>indicant</span> <span class='ocrx_word' id='word_1_14' title='bbox 390 354 752 396; x_wconf 81' lang='lat' dir='ltr'>mercatorum</span> <span class='ocrx_word' id='word_1_15' title='bbox 778 336 1050 415; x_wconf 84' lang='lat' dir='ltr'>quendam</span> <span class='ocrx_word' id='word_1_16' title='bbox 1069 337 1202 392; x_wconf 90' lang='lat' dir='ltr'>olim</span> <span class='ocrx_word' id='word_1_17' title='bbox 1221 339 1275 394; x_wconf 91' lang='lat' dir='ltr'>id</span> <span class='ocrx_word' id='word_1_18' title='bbox 1292 360 1628 399; x_wconf 87' lang='lat' dir='ltr'>monumen-·-</span> 
     </span>
     <span class='ocr_line' id='line_1_4' title="bbox 22 403 1627 498; baseline 0.002 -22"><span class='ocrx_word' id='word_1_19' title='bbox 22 437 143 477; x_wconf 90' lang='lat' dir='ltr'>tum</span> <span class='ocrx_word' id='word_1_20' title='bbox 172 403 380 476; x_wconf 83' lang='lat' dir='ltr'>sacrafle</span> <span class='ocrx_word' id='word_1_21' title='bbox 410 421 528 475; x_wconf 90' lang='lat' dir='ltr'>Iovi</span> <span class='ocrx_word' id='word_1_22' title='bbox 562 418 679 476; x_wconf 89' lang='lat' dir='ltr'>Cas</span> <span class='ocrx_word' id='word_1_23' title='bbox 667 440 739 476; x_wconf 93' lang='lat'><em>0</em></span> <span class='ocrx_word' id='word_1_24' title='bbox 783 439 1017 495; x_wconf 88' lang='lat' dir='ltr'>namque</span> <span class='ocrx_word' id='word_1_25' title='bbox 1043 416 1149 475; x_wconf 86' lang='lat' dir='ltr'>hoc</span> <span class='ocrx_word' id='word_1_26' title='bbox 1170 426 1504 498; x_wconf 79' lang='lat' dir='ltr'>cognomine</span> <span class='ocrx_word' id='word_1_27' title='bbox 1535 430 1627 480; x_wconf 89' lang='lat' dir='ltr'>Io-</span> 
     </span>
     <span class='ocr_line' id='line_1_5' title="bbox 21 499 1626 569; baseline 0.002 -11"><span class='ocrx_word' id='word_1_28' title='bbox 21 522 147 559; x_wconf 89' lang='lat' dir='ltr'>vem</span> <span class='ocrx_word' id='word_1_29' title='bbox 197 504 435 559; x_wconf 87' lang='lat' dir='ltr'>venerari</span> <span class='ocrx_word' id='word_1_30' title='bbox 480 502 697 558; x_wconf 89' lang='lat' dir='ltr'>illorum</span> <span class='ocrx_word' id='word_1_31' title='bbox 749 502 999 560; x_wconf 88' lang='lat' dir='ltr'>locorum</span> <span class='ocrx_word' id='word_1_32' title='bbox 1047 499 1301 557; x_wconf 88' lang='lat' dir='ltr'>homines</span> <span class='ocrx_word' id='word_1_33' title='bbox 1349 501 1590 561; x_wconf 85' lang='lat' dir='ltr'>solebant</span> <span class='ocrx_word' id='word_1_34' title='bbox 1608 544 1626 569; x_wconf 87' lang='lat'>,</span> 
     </span>
     <span class='ocr_line' id='line_1_6' title="bbox 19 580 1630 663; baseline 0.001 -23"><span class='ocrx_word' id='word_1_35' title='bbox 19 581 302 662; x_wconf 86' lang='lat' dir='ltr'>ipsumque</span> <span class='ocrx_word' id='word_1_36' title='bbox 322 582 587 663; x_wconf 88' lang='lat' dir='ltr'>oppidum</span> <span class='ocrx_word' id='word_1_37' title='bbox 622 587 676 639; x_wconf 89' lang='lat' dir='ltr'>in</span> <span class='ocrx_word' id='word_1_38' title='bbox 697 603 809 661; x_wconf 92' lang='lat' dir='ltr'>quo</span> <span class='ocrx_word' id='word_1_39' title='bbox 831 580 929 638; x_wconf 87' lang='lat' dir='ltr'>stat</span> <span class='ocrx_word' id='word_1_40' title='bbox 960 603 1022 638; x_wconf 90' lang='lat' dir='ltr'>ea</span> <span class='ocrx_word' id='word_1_41' title='bbox 1054 586 1204 639; x_wconf 88' lang='lat' dir='ltr'>navis</span> <span class='ocrx_word' id='word_1_42' title='bbox 1238 603 1382 640; x_wconf 88' lang='lat' dir='ltr'>nunc</span> <span class='ocrx_word' id='word_1_43' title='bbox 1404 601 1630 663; x_wconf 83' lang='lat' dir='ltr'>quoque</span> 
     </span>
     <span class='ocr_line' id='line_1_7' title="bbox 19 663 1633 746; baseline 0.002 -26"><span class='ocrx_word' id='word_1_44' title='bbox 19 685 226 721; x_wconf 91' lang='lat' dir='ltr'>nomen</span> <span class='ocrx_word' id='word_1_45' title='bbox 244 663 406 721; x_wconf 88' lang='lat' dir='ltr'>habet</span> <span class='ocrx_word' id='word_1_46' title='bbox 434 664 678 744; x_wconf 86' lang='lat' dir='ltr'>Cafiope.</span> <span class='ocrx_word' id='word_1_47' title='bbox 720 665 1004 721; x_wconf 86' lang='lat' dir='ltr'>Eundem</span> <span class='ocrx_word' id='word_1_48' title='bbox 991 685 1047 720; x_wconf 85' lang='lat' dir='ltr'>in</span> <span class='ocrx_word' id='word_1_49' title='bbox 1074 664 1304 722; x_wconf 89' lang='lat' dir='ltr'>modum</span> <span class='ocrx_word' id='word_1_50' title='bbox 1337 668 1633 746; x_wconf 82' lang='lat' dir='ltr'>compluti-·—</span> 
     </span>
     <span class='ocr_line' id='line_1_8' title="bbox 21 744 1630 828; baseline 0.002 -25"><span class='ocrx_word' id='word_1_51' title='bbox 21 745 124 803; x_wconf 90' lang='lat' dir='ltr'>bus</span> <span class='ocrx_word' id='word_1_52' title='bbox 155 768 218 803; x_wconf 81' lang='lat' dir='ltr'>ex</span> <span class='ocrx_word' id='word_1_53' title='bbox 251 745 518 824; x_wconf 85' lang='lat' dir='ltr'>lapidibus</span> <span class='ocrx_word' id='word_1_54' title='bbox 551 750 698 803; x_wconf 85' lang='lat' dir='ltr'>navis</span> <span class='ocrx_word' id='word_1_55' title='bbox 731 748 814 803; x_wconf 87' lang='lat' dir='ltr'>illa</span> <span class='ocrx_word' id='word_1_56' title='bbox 843 748 1122 824; x_wconf 54' lang='lat' dir='ltr'>compasta</span> <span class='ocrx_word' id='word_1_57' title='bbox 1141 744 1248 814; x_wconf 85' lang='lat' dir='ltr'>est,</span> <span class='ocrx_word' id='word_1_58' title='bbox 1284 769 1447 825; x_wconf 88' lang='lat' dir='ltr'>quam</span> <span class='ocrx_word' id='word_1_59' title='bbox 1475 753 1630 828; x_wconf 79' lang='lat' dir='ltr'>Aga-</span> 
     </span>
     <span class='ocr_line' id='line_1_9' title="bbox 21 788 1630 889; baseline 0.001 -3"><span class='ocrx_word' id='word_1_60' title='bbox 21 850 287 886; x_wconf 83' lang='lat' dir='ltr'><strong>memnon</strong></span> <span class='ocrx_word' id='word_1_61' title='bbox 316 831 468 885; x_wconf 86' lang='lat' dir='ltr'>Atrei</span> <span class='ocrx_word' id='word_1_62' title='bbox 496 826 638 885; x_wconf 88' lang='lat' dir='ltr'>filius</span> <span class='ocrx_word' id='word_1_63' title='bbox 670 832 726 885; x_wconf 90' lang='lat' dir='ltr'>in</span> <span class='ocrx_word' id='word_1_64' title='bbox 761 827 976 886; x_wconf 82' lang='lat' dir='ltr'>Eubaeae</span> <span class='ocrx_word' id='word_1_65' title='bbox 997 788 1248 886; x_wconf 71' lang='lat' dir='ltr'>Geraesto²</span> <span class='ocrx_word' id='word_1_66' title='bbox 1274 831 1463 889; x_wconf 86' lang='lat' dir='ltr'>Dianae</span> <span class='ocrx_word' id='word_1_67' title='bbox 1483 833 1630 889; x_wconf 86' lang='lat' dir='ltr'>dica-</span> 
     </span>
     <span class='ocr_line' id='line_1_10' title="bbox 21 907 1630 991; baseline 0.001 -21"><span class='ocrx_word' id='word_1_68' title='bbox 21 915 135 975; x_wconf 83' lang='lat' dir='ltr'>vit,</span> <span class='ocrx_word' id='word_1_69' title='bbox 169 910 236 967; x_wconf 87' lang='lat' dir='ltr'>fic</span> <span class='ocrx_word' id='word_1_70' title='bbox 257 931 480 989; x_wconf 87' lang='lat' dir='ltr'>quoque</span> <span class='ocrx_word' id='word_1_71' title='bbox 496 912 544 966; x_wconf 90' lang='lat' dir='ltr'>ei</span> <span class='ocrx_word' id='word_1_72' title='bbox 563 908 659 967; x_wconf 88' lang='lat' dir='ltr'>de</span> <span class='ocrx_word' id='word_1_73' title='bbox 648 914 839 985; x_wconf 81' lang='lat' dir='ltr'>injuria</span> <span class='ocrx_word' id='word_1_74' title='bbox 855 907 1211 978; x_wconf 85' lang='lat' dir='ltr'>satisfaciens,</span> <span class='ocrx_word' id='word_1_75' title='bbox 1247 934 1359 991; x_wconf 87' lang='lat' dir='ltr'>quo</span> <span class='ocrx_word' id='word_1_76' title='bbox 1380 932 1630 991; x_wconf 84' lang='lat' dir='ltr'>tempore</span> 
     </span>
     <span class='ocr_line' id='line_1_11' title="bbox 22 991 1630 1094; baseline 0.001 -44"><span class='ocrx_word' id='word_1_77' title='bbox 22 992 142 1094; x_wconf 76' lang='lat' dir='ltr'>post</span> <span class='ocrx_word' id='word_1_78' title='bbox 178 994 462 1048; x_wconf 59' lang='lat' dir='ltr'>mactatam</span> <span class='ocrx_word' id='word_1_79' title='bbox 480 991 827 1070; x_wconf 85' lang='lat' dir='ltr'>Iphigeneam</span> <span class='ocrx_word' id='word_1_80' title='bbox 861 994 1148 1073; x_wconf 81' lang='lat' dir='ltr'>navigandi</span> <span class='ocrx_word' id='word_1_81' title='bbox 1167 995 1374 1052; x_wconf 83' lang='lat' dir='ltr'>Graecis</span> <span class='ocrx_word' id='word_1_82' title='bbox 1404 992 1630 1052; x_wconf 77' lang='lat' dir='ltr'>facultas</span> 
     </span>
     <span class='ocr_line' id='line_1_12' title="bbox 20 1071 1630 1155; baseline 0.001 -22"><span class='ocrx_word' id='word_1_83' title='bbox 20 1099 50 1133; x_wconf 86' lang='lat' dir='ltr'>a</span> <span class='ocrx_word' id='word_1_84' title='bbox 80 1078 256 1132; x_wconf 81' lang='lat' dir='ltr'>Diana</span> <span class='ocrx_word' id='word_1_85' title='bbox 287 1071 525 1131; x_wconf 77' lang='lat' dir='ltr'>concessa</span> <span class='ocrx_word' id='word_1_86' title='bbox 557 1074 789 1132; x_wconf 79' lang='lat' dir='ltr'>dicitur.</span> <span class='ocrx_word' id='word_1_87' title='bbox 808 1074 901 1154; x_wconf 89' lang='lat' dir='ltr'>idq</span> <span class='ocrx_word' id='word_1_88' title='bbox 906 1098 970 1132; x_wconf 89' lang='lat' dir='ltr'>ue</span> <span class='ocrx_word' id='word_1_89' title='bbox 1000 1074 1173 1155; x_wconf 88' lang='lat' dir='ltr'>ipsum</span> <span class='ocrx_word' id='word_1_90' title='bbox 1212 1076 1473 1134; x_wconf 84' lang='lat' dir='ltr'>testantur</span> <span class='ocrx_word' id='word_1_91' title='bbox 1506 1100 1630 1134; x_wconf 83' lang='lat' dir='ltr'>ver-</span> 
     </span>
     <span class='ocr_line' id='line_1_13' title="bbox 20 1099 1629 1226; baseline 0.001 -11"><span class='ocrx_word' id='word_1_92' title='bbox 20 1157 176 1215; x_wconf 88' lang='lat' dir='ltr'>suum</span> <span class='ocrx_word' id='word_1_93' title='bbox 210 1159 372 1214; x_wconf 83' lang='lat' dir='ltr'>literae</span> <span class='ocrx_word' id='word_1_94' title='bbox 407 1175 499 1212; x_wconf 86' lang='lat' dir='ltr'>aut</span> <span class='ocrx_word' id='word_1_95' title='bbox 529 1175 660 1214; x_wconf 88' lang='lat' dir='ltr'>tunc</span> <span class='ocrx_word' id='word_1_96' title='bbox 695 1154 785 1214; x_wconf 83' lang='lat' dir='ltr'>aut</span> <span class='ocrx_word' id='word_1_97' title='bbox 811 1099 972 1215; x_wconf 75' lang='lat' dir='ltr'>serqius</span> <span class='ocrx_word' id='word_1_98' title='bbox 1003 1156 1212 1226; x_wconf 61' lang='lat' dir='ltr'>incisae,</span> <span class='ocrx_word' id='word_1_99' title='bbox 1253 1157 1340 1216; x_wconf 89' lang='lat' dir='ltr'>sed</span> <span class='ocrx_word' id='word_1_100' title='bbox 1367 1158 1629 1216; x_wconf 78' lang='lat' dir='ltr'>vetustate</span> 
     </span>
     <span class='ocr_line' id='line_1_14' title="bbox 19 1237 1630 1359; baseline 0.002 -63"><span class='ocrx_word' id='word_1_101' title='bbox 19 1257 230 1319; x_wconf 87' lang='lat' dir='ltr'>partem</span> <span class='ocrx_word' id='word_1_102' title='bbox 261 1260 514 1318; x_wconf 82' lang='lat' dir='ltr'>magnam</span> <span class='ocrx_word' id='word_1_103' title='bbox 549 1241 820 1306; x_wconf 82' lang='lat' dir='ltr'>evanidae‚</span> <span class='ocrx_word' id='word_1_104' title='bbox 859 1237 952 1296; x_wconf 86' lang='lat' dir='ltr'>nifi</span> <span class='ocrx_word' id='word_1_105' title='bbox 971 1239 1168 1317; x_wconf 87' lang='lat' dir='ltr'>quod</span> <span class='ocrx_word' id='word_1_106' title='bbox 1155 1244 1230 1297; x_wconf 82' lang='lat' dir='ltr'>ini</span> <span class='ocrx_word' id='word_1_107' title='bbox 1237 1241 1399 1299; x_wconf 83' lang='lat' dir='ltr'>tium</span> <span class='ocrx_word' id='word_1_108' title='bbox 1411 1264 1512 1359; x_wconf 80' lang='lat' dir='ltr'>app</span> <span class='ocrx_word' id='word_1_109' title='bbox 1502 1258 1630 1299; x_wconf 80' lang='lat' dir='ltr'>aret</span> 
     </span>
     <span class='ocr_line' id='line_1_15' title="bbox 21 1320 1168 1421; baseline -0.002 -42"><span class='ocrx_word' id='word_1_110' title='bbox 21 1321 180 1402; x_wconf 90' lang='lat' dir='ltr'>quod</span> <span class='ocrx_word' id='word_1_111' title='bbox 193 1342 257 1378; x_wconf 80' lang='lat' dir='ltr'>ex</span> <span class='ocrx_word' id='word_1_112' title='bbox 276 1320 473 1377; x_wconf 77' lang='lat' dir='ltr'>Graeco</span> <span class='ocrx_word' id='word_1_113' title='bbox 494 1325 683 1377; x_wconf 83' lang='lat' dir='ltr'>Latine</span> <span class='ocrx_word' id='word_1_114' title='bbox 709 1321 777 1377; x_wconf 84' lang='lat' dir='ltr'>fic</span> <span class='ocrx_word' id='word_1_115' title='bbox 796 1322 944 1379; x_wconf 84' lang='lat' dir='ltr'>reddi</span> <span class='ocrx_word' id='word_1_116' title='bbox 962 1322 1168 1421; x_wconf 80' lang='lat' dir='ltr'>potest,</span> 
     </span>
     <span class='ocr_line' id='line_1_16' title="bbox 170 1402 1342 1503; baseline 0 -41"><span class='ocrx_word' id='word_1_117' title='bbox 170 1415 276 1463; x_wconf 79' lang='lat' dir='ltr'>Haec</span> <span class='ocrx_word' id='word_1_118' title='bbox 305 1402 373 1503; x_wconf 74' lang='lat' dir='ltr'>eft</span> <span class='ocrx_word' id='word_1_119' title='bbox 401 1408 539 1479; x_wconf 77' lang='lat' dir='ltr'>nigra</span> <span class='ocrx_word' id='word_1_120' title='bbox 557 1411 676 1461; x_wconf 70' lang='lat' dir='ltr'>ratis</span> <span class='ocrx_word' id='word_1_121' title='bbox 702 1406 881 1462; x_wconf 85' lang='lat' dir='ltr'>donum</span> <span class='ocrx_word' id='word_1_122' title='bbox 914 1411 1109 1483; x_wconf 61' lang='lat' dir='ltr'>majora</span> <span class='ocrx_word' id='word_1_123' title='bbox 1128 1408 1342 1474; x_wconf 54' lang='lat' dir='ltr'>Atridae,-</span> 
     </span>
     <span class='ocr_line' id='line_1_17' title="bbox 297 1481 1419 1563; baseline 0.002 -19"><span class='ocrx_word' id='word_1_124' title='bbox 297 1481 427 1544; x_wconf 68' lang='lat' dir='ltr'>Citm</span> <span class='ocrx_word' id='word_1_125' title='bbox 443 1488 607 1544; x_wconf 72' lang='lat' dir='ltr'>dedit</span> <span class='ocrx_word' id='word_1_126' title='bbox 591 1509 642 1544; x_wconf 83' lang='lat' dir='ltr'>m</span> <span class='ocrx_word' id='word_1_127' title='bbox 663 1503 837 1545; x_wconf 78' lang='lat' dir='ltr'>ventos</span> <span class='ocrx_word' id='word_1_128' title='bbox 855 1487 977 1558; x_wconf 82' lang='lat' dir='ltr'>class</span> <span class='ocrx_word' id='word_1_129' title='bbox 961 1509 999 1544; x_wconf 90' lang='lat' dir='ltr'>s</span> <span class='ocrx_word' id='word_1_130' title='bbox 1016 1488 1354 1563; x_wconf 74' lang='lat' dir='ltr'>Achivasinm.</span> <span class='ocrx_word' id='word_1_131' title='bbox 1416 1501 1419 1504; x_wconf 83' lang='lat'>&#39;</span> 
     </span>
     <span class='ocr_line' id='line_1_18' title="bbox 19 1552 1629 1628; baseline 0.002 -3"><span class='ocrx_word' id='word_1_132' title='bbox 19 1573 82 1625; x_wconf 91' lang='lat' dir='ltr'>In</span> <span class='ocrx_word' id='word_1_133' title='bbox 100 1564 282 1625; x_wconf 74' lang='lat' dir='ltr'>fronte</span> <span class='ocrx_word' id='word_1_134' title='bbox 304 1566 413 1625; x_wconf 86' lang='lat' dir='ltr'>est.</span> <span class='ocrx_word' id='word_1_135' title='bbox 446 1569 725 1626; x_wconf 85' lang='lat' dir='ltr'>Tenichus</span> <span class='ocrx_word' id='word_1_136' title='bbox 744 1566 870 1626; x_wconf 87' lang='lat' dir='ltr'>fecit</span> <span class='ocrx_word' id='word_1_137' title='bbox 885 1571 1073 1626; x_wconf 85' lang='lat' dir='ltr'>Dianae</span> <span class='ocrx_word' id='word_1_138' title='bbox 1101 1569 1360 1628; x_wconf 77' lang='lat' dir='ltr'>Bolofiae:</span> <span class='ocrx_word' id='word_1_139' title='bbox 1396 1569 1463 1626; x_wconf 86' lang='lat' dir='ltr'>fic</span> <span class='ocrx_word' id='word_1_140' title='bbox 1481 1552 1629 1628; x_wconf 85' lang='lat' dir='ltr'>enim</span> 
     </span>
     <span class='ocr_line' id='line_1_19' title="bbox 21 1649 1632 1732; baseline 0.001 -23"><span class='ocrx_word' id='word_1_141' title='bbox 21 1671 90 1709; x_wconf 87' lang='lat' dir='ltr'>ex</span> <span class='ocrx_word' id='word_1_142' title='bbox 109 1653 272 1707; x_wconf 87' lang='lat' dir='ltr'>veteri</span> <span class='ocrx_word' id='word_1_143' title='bbox 296 1649 561 1707; x_wconf 85' lang='lat' dir='ltr'>vocabulo</span> <span class='ocrx_word' id='word_1_144' title='bbox 596 1669 810 1729; x_wconf 84' lang='lat' dir='ltr'>partum</span> <span class='ocrx_word' id='word_1_145' title='bbox 850 1649 1182 1730; x_wconf 83' lang='lat' dir='ltr'>significante</span> <span class='ocrx_word' id='word_1_146' title='bbox 1213 1651 1487 1708; x_wconf 83' lang='lat' dir='ltr'>dicebatur</span> <span class='ocrx_word' id='word_1_147' title='bbox 1512 1675 1632 1732; x_wconf 82' lang='lat' dir='ltr'>quae</span> 
     </span>
     <span class='ocr_line' id='line_1_20' title="bbox 24 1731 1632 1813; baseline 0.002 -24"><span class='ocrx_word' id='word_1_148' title='bbox 24 1753 172 1789; x_wconf 89' lang='lat' dir='ltr'>nunc</span> <span class='ocrx_word' id='word_1_149' title='bbox 189 1731 410 1810; x_wconf 90' lang='lat' dir='ltr'>Ilithyia.</span> <span class='ocrx_word' id='word_1_150' title='bbox 435 1732 522 1788; x_wconf 81' lang='lat' dir='ltr'>sed</span> <span class='ocrx_word' id='word_1_151' title='bbox 540 1751 626 1789; x_wconf 91' lang='lat' dir='ltr'>me</span> <span class='ocrx_word' id='word_1_152' title='bbox 647 1733 786 1789; x_wconf 86' lang='lat' dir='ltr'>unde</span> <span class='ocrx_word' id='word_1_153' title='bbox 805 1731 1059 1813; x_wconf 76' lang='lat' dir='ltr'>digressus</span> <span class='ocrx_word' id='word_1_154' title='bbox 1075 1731 1304 1800; x_wconf 85' lang='lat' dir='ltr'>fueram,</span> <span class='ocrx_word' id='word_1_155' title='bbox 1321 1750 1536 1813; x_wconf 89' lang='lat' dir='ltr'>tempus</span> <span class='ocrx_word' id='word_1_156' title='bbox 1556 1734 1632 1792; x_wconf 86' lang='lat' dir='ltr'>est</span> 
     </span>
     <span class='ocr_line' id='line_1_21' title="bbox 22 1813 1631 1892; baseline 0.002 -21"><span class='ocrx_word' id='word_1_157' title='bbox 22 1813 212 1872; x_wconf 85' lang='lat' dir='ltr'>redire.</span> <span class='ocrx_word' id='word_1_158' title='bbox 253 1820 312 1870; x_wconf 89' lang='lat' dir='ltr'>In</span> <span class='ocrx_word' id='word_1_159' title='bbox 351 1815 648 1892; x_wconf 78' lang='lat' dir='ltr'>Corcyram</span> <span class='ocrx_word' id='word_1_160' title='bbox 686 1815 888 1872; x_wconf 86' lang='lat' dir='ltr'>Gotthi</span> <span class='ocrx_word' id='word_1_161' title='bbox 919 1813 1066 1872; x_wconf 85' lang='lat' dir='ltr'>claffe</span> <span class='ocrx_word' id='word_1_162' title='bbox 1096 1832 1157 1871; x_wconf 88' lang='lat' dir='ltr'>ut</span> <span class='ocrx_word' id='word_1_163' title='bbox 1174 1835 1465 1883; x_wconf 86' lang='lat' dir='ltr'>venerant,</span> <span class='ocrx_word' id='word_1_164' title='bbox 1509 1836 1631 1874; x_wconf 86' lang='lat' dir='ltr'>tum</span> 
     </span>
     <span class='ocr_line' id='line_1_22' title="bbox 23 1894 1630 1978; baseline 0.001 -25"><span class='ocrx_word' id='word_1_165' title='bbox 23 1896 188 1973; x_wconf 87' lang='lat' dir='ltr'>ipsam</span> <span class='ocrx_word' id='word_1_166' title='bbox 209 1894 398 1954; x_wconf 87' lang='lat' dir='ltr'>curfim</span> <span class='ocrx_word' id='word_1_167' title='bbox 418 1897 715 1975; x_wconf 81' lang='lat' dir='ltr'>diripiunt,</span> <span class='ocrx_word' id='word_1_168' title='bbox 750 1916 867 1953; x_wconf 88' lang='lat' dir='ltr'>tum</span> <span class='ocrx_word' id='word_1_169' title='bbox 889 1900 1220 1977; x_wconf 87' lang='lat' dir='ltr'>propinquas</span> <span class='ocrx_word' id='word_1_170' title='bbox 1247 1896 1473 1963; x_wconf 85' lang='lat' dir='ltr'>insulas,</span> <span class='ocrx_word' id='word_1_171' title='bbox 1510 1919 1630 1978; x_wconf 76' lang='lat' dir='ltr'>quae</span> 
     </span>
     <span class='ocr_line' id='line_1_23' title="bbox 23 1979 1630 2059; baseline 0.001 -24"><span class='ocrx_word' id='word_1_172' title='bbox 23 1979 235 2058; x_wconf 84' lang='lat' dir='ltr'>Sybotae</span> <span class='ocrx_word' id='word_1_173' title='bbox 257 1997 537 2051; x_wconf 85' lang='lat' dir='ltr'>vocantur.</span> <span class='ocrx_word' id='word_1_174' title='bbox 583 1981 724 2036; x_wconf 81' lang='lat' dir='ltr'>Mox</span> <span class='ocrx_word' id='word_1_175' title='bbox 747 1983 874 2036; x_wconf 84' lang='lat' dir='ltr'>&amp;in</span> <span class='ocrx_word' id='word_1_176' title='bbox 902 1982 1277 2038; x_wconf 88' lang='lat' dir='ltr'>continentem</span> <span class='ocrx_word' id='word_1_177' title='bbox 1306 1981 1630 2059; x_wconf 66' lang='lat' dir='ltr'>transgressi,</span> 
     </span>
     <span class='ocr_line' id='line_1_24' title="bbox 20 2059 1634 2142; baseline 0.001 -23"><span class='ocrx_word' id='word_1_178' title='bbox 20 2059 201 2119; x_wconf 90' lang='lat' dir='ltr'>subito</span> <span class='ocrx_word' id='word_1_179' title='bbox 232 2083 349 2140; x_wconf 85' lang='lat' dir='ltr'>quae</span> <span class='ocrx_word' id='word_1_180' title='bbox 385 2066 519 2119; x_wconf 88' lang='lat' dir='ltr'>circa</span> <span class='ocrx_word' id='word_1_181' title='bbox 550 2061 849 2119; x_wconf 82' lang='lat' dir='ltr'>Dodonam</span> <span class='ocrx_word' id='word_1_182' title='bbox 869 2062 1020 2129; x_wconf 87' lang='lat' dir='ltr'>sunt,</span> <span class='ocrx_word' id='word_1_183' title='bbox 1054 2063 1418 2142; x_wconf 83' lang='lat' dir='ltr'>populantur,</span> <span class='ocrx_word' id='word_1_184' title='bbox 1455 2066 1634 2120; x_wconf 87' lang='lat' dir='ltr'>Nico-</span> 
     </span>
     <span class='ocr_line' id='line_1_25' title="bbox 23 2143 1631 2240; baseline 0.001 -40"><span class='ocrx_word' id='word_1_185' title='bbox 23 2146 194 2223; x_wconf 85' lang='lat' dir='ltr'>polim</span> <span class='ocrx_word' id='word_1_186' title='bbox 214 2148 446 2201; x_wconf 80' lang='lat' dir='ltr'>maxime</span> <span class='ocrx_word' id='word_1_187' title='bbox 462 2150 515 2201; x_wconf 84' lang='lat'>&amp;</span> <span class='ocrx_word' id='word_1_188' title='bbox 538 2143 898 2211; x_wconf 85' lang='lat' dir='ltr'>Anchialum,</span> <span class='ocrx_word' id='word_1_189' title='bbox 933 2143 1311 2201; x_wconf 86' lang='lat' dir='ltr'>ubiAnchisen</span> <span class='ocrx_word' id='word_1_190' title='bbox 1327 2163 1631 2240; x_wconf 80' lang='lat' dir='ltr'>mortuum,</span> 
     </span>
     <span class='ocr_line' id='line_1_26' title="bbox 22 2224 1632 2308; baseline 0 -24"><span class='ocrx_word' id='word_1_191' title='bbox 22 2248 148 2284; x_wconf 87' lang='lat' dir='ltr'>cum</span> <span class='ocrx_word' id='word_1_192' title='bbox 166 2245 316 2306; x_wconf 90' lang='lat' dir='ltr'>capta</span> <span class='ocrx_word' id='word_1_193' title='bbox 349 2228 446 2283; x_wconf 88' lang='lat' dir='ltr'>llio</span> <span class='ocrx_word' id='word_1_194' title='bbox 481 2248 728 2282; x_wconf 87' lang='lat' dir='ltr'>unacum</span> <span class='ocrx_word' id='word_1_195' title='bbox 765 2224 883 2282; x_wconf 84' lang='lat' dir='ltr'>filio</span> <span class='ocrx_word' id='word_1_196' title='bbox 915 2231 1103 2283; x_wconf 80' lang='lat' dir='ltr'>AEnea</span> <span class='ocrx_word' id='word_1_197' title='bbox 1111 2224 1379 2307; x_wconf 82' lang='lat' dir='ltr'>profugus</span> <span class='ocrx_word' id='word_1_198' title='bbox 1409 2232 1632 2308; x_wconf 82' lang='lat' dir='ltr'>naviga-</span> 
     </span>
     <span class='ocr_line' id='line_1_27' title="bbox 22 2305 1633 2389; baseline 0.002 -25"><span class='ocrx_word' id='word_1_199' title='bbox 22 2327 144 2377; x_wconf 85' lang='lat' dir='ltr'>ret,</span> <span class='ocrx_word' id='word_1_200' title='bbox 176 2328 338 2386; x_wconf 85' lang='lat' dir='ltr'>atque</span> <span class='ocrx_word' id='word_1_201' title='bbox 359 2309 482 2366; x_wconf 90' lang='lat' dir='ltr'>inde</span> <span class='ocrx_word' id='word_1_202' title='bbox 502 2308 710 2387; x_wconf 88' lang='lat' dir='ltr'>oppido</span> <span class='ocrx_word' id='word_1_203' title='bbox 729 2305 934 2365; x_wconf 64' lang='lat' dir='ltr'>fac‘tum</span> <span class='ocrx_word' id='word_1_204' title='bbox 955 2330 1195 2377; x_wconf 86' lang='lat' dir='ltr'>nomen,</span> <span class='ocrx_word' id='word_1_205' title='bbox 1232 2309 1496 2389; x_wconf 65' lang='lat' dir='ltr'>indigenae</span> <span class='ocrx_word' id='word_1_206' title='bbox 1514 2333 1633 2367; x_wconf 79' lang='lat' dir='ltr'>me-</span> 
     </span>
     <span class='ocr_line' id='line_1_28' title="bbox 23 2390 1633 2451; baseline 0.002 -3"><span class='ocrx_word' id='word_1_207' title='bbox 23 2408 266 2448; x_wconf 85' lang='lat' dir='ltr'>morant.</span> <span class='ocrx_word' id='word_1_208' title='bbox 303 2413 454 2449; x_wconf 85' lang='lat' dir='ltr'>oram</span> <span class='ocrx_word' id='word_1_209' title='bbox 475 2392 598 2447; x_wconf 90' lang='lat' dir='ltr'>inde</span> <span class='ocrx_word' id='word_1_210' title='bbox 621 2390 891 2449; x_wconf 88' lang='lat' dir='ltr'>obeuntes</span> <span class='ocrx_word' id='word_1_211' title='bbox 913 2412 1075 2448; x_wconf 85' lang='lat' dir='ltr'>naves</span> <span class='ocrx_word' id='word_1_212' title='bbox 1099 2392 1422 2449; x_wconf 73' lang='lat' dir='ltr'>Graecorum</span> <span class='ocrx_word' id='word_1_213' title='bbox 1442 2392 1633 2451; x_wconf 89' lang='lat' dir='ltr'>obvias</span> 
     </span>
     <span class='ocr_line' id='line_1_29' title="bbox 25 2471 1633 2553; baseline 0.001 -23"><span class='ocrx_word' id='word_1_214' title='bbox 25 2493 300 2551; x_wconf 84' lang='lat' dir='ltr'>oneraque</span> <span class='ocrx_word' id='word_1_215' title='bbox 337 2477 556 2530; x_wconf 89' lang='lat' dir='ltr'>navium</span> <span class='ocrx_word' id='word_1_216' title='bbox 579 2476 795 2552; x_wconf 88' lang='lat' dir='ltr'>capiunt</span> <span class='ocrx_word' id='word_1_217' title='bbox 814 2515 831 2540; x_wconf 85' lang='lat'>‚</span> <span class='ocrx_word' id='word_1_218' title='bbox 871 2478 927 2530; x_wconf 89' lang='lat' dir='ltr'>in</span> <span class='ocrx_word' id='word_1_219' title='bbox 956 2473 1156 2553; x_wconf 89' lang='lat' dir='ltr'>quibus</span> <span class='ocrx_word' id='word_1_220' title='bbox 1184 2471 1334 2531; x_wconf 83' lang='lat' dir='ltr'>fuere</span> <span class='ocrx_word' id='word_1_221' title='bbox 1354 2481 1407 2532; x_wconf 84' lang='lat'>&amp;</span> <span class='ocrx_word' id='word_1_222' title='bbox 1426 2475 1523 2531; x_wconf 86' lang='lat' dir='ltr'>illae</span> <span class='ocrx_word' id='word_1_223' title='bbox 1543 2495 1633 2532; x_wconf 78' lang='lat' dir='ltr'>na-</span> 
     </span>
     <span class='ocr_line' id='line_1_30' title="bbox 26 2554 1634 2634; baseline 0 -20"><span class='ocrx_word' id='word_1_224' title='bbox 26 2576 123 2614; x_wconf 89' lang='lat' dir='ltr'>ves</span> <span class='ocrx_word' id='word_1_225' title='bbox 139 2575 259 2634; x_wconf 87' lang='lat' dir='ltr'>quae</span> <span class='ocrx_word' id='word_1_226' title='bbox 293 2554 526 2613; x_wconf 85' lang='lat' dir='ltr'>Narsetis</span> <span class='ocrx_word' id='word_1_227' title='bbox 553 2558 807 2613; x_wconf 82' lang='lat' dir='ltr'>exercitui</span> <span class='ocrx_word' id='word_1_228' title='bbox 839 2575 1208 2613; x_wconf 84' lang='lat' dir='ltr'>commeatum</span> <span class='ocrx_word' id='word_1_229' title='bbox 1237 2578 1299 2613; x_wconf 83' lang='lat' dir='ltr'>ex</span> <span class='ocrx_word' id='word_1_230' title='bbox 1323 2558 1531 2614; x_wconf 82' lang='lat' dir='ltr'>Graecia</span> <span class='ocrx_word' id='word_1_231' title='bbox 1548 2555 1634 2614; x_wconf 84' lang='lat' dir='ltr'>fe-</span> 
     </span>
     <span class='ocr_line' id='line_1_31' title="bbox 26 2636 1632 2719; baseline 0.002 -26"><span class='ocrx_word' id='word_1_232' title='bbox 26 2636 235 2695; x_wconf 83' lang='lat' dir='ltr'>rebant.</span> <span class='ocrx_word' id='word_1_233' title='bbox 289 2640 361 2694; x_wconf 86' lang='lat' dir='ltr'>Et</span> <span class='ocrx_word' id='word_1_234' title='bbox 391 2638 500 2695; x_wconf 78' lang='lat' dir='ltr'>liaec</span> <span class='ocrx_word' id='word_1_235' title='bbox 530 2637 752 2716; x_wconf 89' lang='lat' dir='ltr'>quidem</span> <span class='ocrx_word' id='word_1_236' title='bbox 787 2638 888 2695; x_wconf 90' lang='lat' dir='ltr'>illis</span> <span class='ocrx_word' id='word_1_237' title='bbox 919 2641 976 2695; x_wconf 89' lang='lat' dir='ltr'>in</span> <span class='ocrx_word' id='word_1_238' title='bbox 1011 2640 1252 2715; x_wconf 88' lang='lat' dir='ltr'>partibus</span> <span class='ocrx_word' id='word_1_239' title='bbox 1280 2637 1632 2719; x_wconf 71' lang='lat' dir='ltr'>gerebantur..</span> 
     </span>
     <span class='ocr_line' id='line_1_32' title="bbox 26 2719 1633 2800; baseline 0.001 -23"><span class='ocrx_word' id='word_1_240' title='bbox 26 2720 162 2777; x_wconf 88' lang='lat' dir='ltr'>Non</span> <span class='ocrx_word' id='word_1_241' title='bbox 181 2721 363 2800; x_wconf 88' lang='lat' dir='ltr'>paullo</span> <span class='ocrx_word' id='word_1_242' title='bbox 382 2739 503 2777; x_wconf 85' lang='lat' dir='ltr'>ante</span> <span class='ocrx_word' id='word_1_243' title='bbox 535 2723 592 2776; x_wconf 90' lang='lat' dir='ltr'>in</span> <span class='ocrx_word' id='word_1_244' title='bbox 626 2722 883 2778; x_wconf 88' lang='lat' dir='ltr'>Picenum</span> <span class='ocrx_word' id='word_1_245' title='bbox 904 2719 1082 2778; x_wconf 83' lang='lat' dir='ltr'>miffus</span> <span class='ocrx_word' id='word_1_246' title='bbox 1115 2720 1143 2778; x_wconf 73' lang='grc' dir='ltr'>ἒι</span> <span class='ocrx_word' id='word_1_247' title='bbox 1168 2722 1357 2784; x_wconf 82' lang='lat' dir='ltr'>Totila</span> <span class='ocrx_word' id='word_1_248' title='bbox 1377 2721 1633 2778; x_wconf 87' lang='lat' dir='ltr'>Gottho—</span> 
     </span>
     <span class='ocr_line' id='line_1_33' title="bbox 22 2800 1635 2882; baseline -0.001 -22"><span class='ocrx_word' id='word_1_249' title='bbox 22 2820 150 2860; x_wconf 78' lang='lat' dir='ltr'>rum</span> <span class='ocrx_word' id='word_1_250' title='bbox 185 2807 443 2860; x_wconf 80' lang='lat' dir='ltr'>exercitus</span> <span class='ocrx_word' id='word_1_251' title='bbox 473 2804 529 2858; x_wconf 90' lang='lat' dir='ltr'>in</span> <span class='ocrx_word' id='word_1_252' title='bbox 553 2806 796 2861; x_wconf 83' lang='lat' dir='ltr'>Anconae</span> <span class='ocrx_word' id='word_1_253' title='bbox 828 2801 1097 2861; x_wconf 85' lang='lat' dir='ltr'>obfidium</span> <span class='ocrx_word' id='word_1_254' title='bbox 1115 2800 1323 2868; x_wconf 89' lang='lat' dir='ltr'>fuerat,</span> <span class='ocrx_word' id='word_1_255' title='bbox 1365 2807 1450 2860; x_wconf 91' lang='lat' dir='ltr'>cui</span> <span class='ocrx_word' id='word_1_256' title='bbox 1470 2824 1635 2882; x_wconf 86' lang='lat' dir='ltr'>praee-</span> 
     </span>
     <span class='ocr_line' id='line_1_34' title="bbox 27 2882 1635 2964; baseline 0 -25"><span class='ocrx_word' id='word_1_257' title='bbox 27 2900 148 2939; x_wconf 81' lang='lat' dir='ltr'>rant</span> <span class='ocrx_word' id='word_1_258' title='bbox 168 2886 416 2964; x_wconf 89' lang='lat' dir='ltr'>Scipuar,</span> <span class='ocrx_word' id='word_1_259' title='bbox 455 2882 693 2942; x_wconf 82' lang='lat' dir='ltr'>Gibal&amp;</span> <span class='ocrx_word' id='word_1_260' title='bbox 721 2883 989 2944; x_wconf 85' lang='lat' dir='ltr'>Gundulf</span> <span class='ocrx_word' id='word_1_261' title='bbox 1009 2884 1178 2957; x_wconf 90' lang='lat' dir='ltr'>(hunc</span> <span class='ocrx_word' id='word_1_262' title='bbox 1191 2886 1346 2943; x_wconf 89' lang='lat' dir='ltr'>Indul</span> <span class='ocrx_word' id='word_1_263' title='bbox 1367 2885 1635 2942; x_wconf 88' lang='lat' dir='ltr'>vocabant</span> 
     </span>
     <span class='ocr_line' id='line_1_35' title="bbox 28 2964 1638 3104; baseline -0.003 -80"><span class='ocrx_word' id='word_1_264' title='bbox 28 2966 245 3026; x_wconf 89' lang='lat' dir='ltr'>mollius</span> <span class='ocrx_word' id='word_1_265' title='bbox 261 2968 372 3040; x_wconf 84' lang='lat' dir='ltr'>alii)</span> <span class='ocrx_word' id='word_1_266' title='bbox 405 2964 636 3028; x_wconf 84' lang='lat' dir='ltr'>Belisarn</span> <span class='ocrx_word' id='word_1_267' title='bbox 652 2969 931 3047; x_wconf 86' lang='lat' dir='ltr'>quondam</span> <span class='ocrx_word' id='word_1_268' title='bbox 950 2966 1169 3027; x_wconf 76' lang='lat' dir='ltr'>satelles,</span> <span class='ocrx_word' id='word_1_269' title='bbox 1212 2968 1463 3104; x_wconf 54' lang='lat' dir='ltr'>Aderam}</span> <span class='ocrx_word' id='word_1_270' title='bbox 1475 2985 1638 3021; x_wconf 81' lang='lat' dir='ltr'>naves</span> 
     </span>
     <span class='ocr_line' id='line_1_36' title="bbox 1454 3064 1633 3124; baseline 0.017 -23"><span class='ocrx_word' id='word_1_271' title='bbox 1454 3064 1633 3124; x_wconf 82' lang='lat' dir='ltr'>eptem</span> 
     </span>
    </p>
   </div>
  </div>
 </body>
</html>
