1888 3428
284 152 735 212 Gor-nucia
776 149 1163 208 Htswotuae
1204 153 1413 208 [ΑΒΔ.
1542 151 1657 227 149'

46 232 420 302 noscentium,
455 254 575 293 tum
608 232 760 315 quod
790 231 899 311 ipsa
928 250 1124 308 corpus
1151 238 1265 306 ejus
1301 236 1358 288 in
1388 231 1498 289 dies
1519 246 1658 288 atte-

48 316 461 376 nuarisenfiffet.
505 317 659 376 fimul
683 310 1071 393 deprehensum
1100 310 1231 380 fibi,
1267 311 1441 390 ipsum
1459 312 1656 369 Theu-

47 399 235 457 datum
254 446 269 467 ,
300 399 662 458 Theuderichi
692 400 1002 478 proximum
1033 393 1288 475 sanguine
1309 435 1324 460 ‚
1359 413 1478 449 tum
1514 392 1658 471 apud

49 480 302 540 Gotthos
319 501 438 541 tum
457 482 599 560 apud
615 483 774 538 Italo-s
792 499 904 536 non
925 481 980 534 in
999 479 1204 555 optima
1222 472 1319 533 esse
1338 472 1480 531 fama
1511 497 1524 530 ε
1559 495 1659 531 co·-

11 572 14 576 '
47 563 266 644 gitasse‚
302 563 764 645 quemadmodum
800 565 849 618 ei
867 558 1019 617 istam
1042 562 1240 617 elueret
1262 559 1558 622 maculam,
1588 576 1659 613 ne

47 647 181 724 quid
214 646 279 704 ad
309 668 536 726 regnum
573 641 965 722 adipiscendum
1002 642 1401 721 impedimento.
1435 635 1661 696 eisseffet.

48 745 258 785 motam
276 728 325 785 se
345 735 398 785 &
417 730 555 806 aequi
571 724 831 806 respe&u,
847 747 913 782 ne
934 723 969 782 si
987 727 1080 802 qui
1095 728 1285 800 injuria
1300 721 1370 790 se,
1387 740 1447 780 ut
1466 741 1659 800 nuper,

47 807 271 867 affeetos
293 827 672 889 quererentur,
707 828 820 865 non
852 805 1108 863 hab-erent
1143 806 1208 864 ad
1237 827 1400 884 quem
1418 807 1660 885 gemitus

46 888 173 948 suos
204 888 502 958 deferrent,
540 896 594 948 δε
628 894 684 947 in
713 891 909 948 durum
930 886 1661 968 insuperinciderentdomi·

46 993 200 1030 num.
241 974 298 1030 N
305 995 406 1030 unc
425 990 716 1053 purgatum
736 971 996 1029 omnibus
1012 972 1076 1028 ad
1093 992 1323 1050 regnum
1343 966 1434 1026 ase
1454 970 1656 1024 vocari.

45 1052 259 1122 sedita,
288 1053 323 1111 fi
351 1055 696 1130 jurisjurandi
717 1052 1035 1112 sanffiffima
1068 1051 1172 1110 fide
1207 1052 1257 1109 se
1277 1050 1659 1130 obstringeret,

46 1142 594 1216 contentumimperii
616 1140 839 1194 nomine
858 1135 907 1193 se
931 1133 1324 1200 Amalasunthae
1344 1136 1659 1190 relfflurum
1734 1194 1737 1197 ,

45 1237 533 1299 quantumcunque
583 1218 840 1277 habuerat
881 1218 1139 1276 hac‘tenus
1181 1219 1460 1296 potentiae.
1522 1217 1659 1271 Haec

46 1300 335 1380 postquam
368 1302 603 1358 audierat
639 1300 961 1357 Theudatus
986 1340 1003 1366 ‚
1026 1300 1405 1375 jusjurandum
1435 1298 1660 1354 Amala-

45 1378 249 1439 sunthae
268 1424 286 1450 ,
317 1385 470 1460 quale
500 1380 974 1461 conceperatipsa‚
1004 1382 1150 1441 dedit
1170 1423 1187 1449 ,
1220 1380 1431 1439 fallendi
1450 1383 1659 1444 anime,

47 1468 196 1543 prius
230 1467 289 1522 in
323 1463 372 1522 se
403 1464 812 1522 commissorum
844 1468 1288 1521 nonimmemor.
1336 1465 1416 1519 Sic
1436 1463 1659 1518 Amala-

47 1544 238 1604 suntha
253 1545 444 1627 suopte
465 1545 686 1603 consilio
705 1587 724 1614 ,
762 1553 817 1603 &
852 1545 1125 1604 Theudati
1160 1548 1396 1623 perjurio
1415 1544 1659 1621 decepta,

26 1631 107 1686 «in
137 1631 368 1707 irnperio
403 1631 684 1685 inimicum
718 1628 948 1684 collocat
980 1669 998 1695 ‚
1039 1647 1265 1704 remque
1311 1646 1403 1702 per
1447 1628 1658 1703 legatos

45 1708 309 1791 fignificat
325 1708 633 1767 Iustiniano.
679 1710 765 1767 ille
785 1707 939 1766 fimul
955 1711 1111 1788 regni
1129 1728 1359 1785 compos
1378 1704 1502 1772 fuit,
1521 1726 1660 1762 cun-

45 1792 136 1850 &a
152 1795 262 1873 agit
279 1794 542 1850 contraria
558 1799 612 1849 &
631 1792 769 1849 illius
789 1791 1170 1869 exspecfiiationi
1184 1787 1522 1867 &promisfis
1535 1785 1660 1844 suis.

13 1902 17 1906 ·
48 1876 195 1935 Nam
215 1895 409 1932 eorum
438 1895 579 1954 quos
612 1872 993 1930 Amalasuntha
1008 1873 1182 1930 occidi
1210 1870 1422 1945 jufferat
1451 1891 1660 1950 cogna-

49 1973 139 2014 tos
163 1959 238 2030 (ii
256 1963 309 2015 &
328 1959 484 2014 multi
501 1974 649 2014 erant
667 1963 720 2012 &
741 1977 946 2035 magnae
962 1956 1103 2034 apud
1122 1954 1371 2011 Gotthos
1389 1953 1660 2011 existima-

47 2041 258 2119 tionis)
278 2038 583 2097 honoribus
601 2039 797 2097 attollit
816 2080 831 2105 ‚
864 2045 918 2097 &
948 2033 1341 2096 Amalasunthae
1372 2034 1661 2092 familiares

47 2118 226 2178 subito
262 2123 558 2180 nonnullos
586 2138 769 2185 necat,
807 2126 861 2176 &
891 2118 1088 2198 ipsam,
1123 2119 1430 2198 priusquam
1449 2115 1659 2198 legatia

48 2205 309 2284 Byzantio
346 2204 580 2263 redirent
601 2243 617 2270 ‚
657 2203 746 2259 dat
780 2205 835 2258 in
870 2202 1185 2260 custodiam.
1231 2199 1322 2257 Est
1350 2204 1406 2257 in
1424 2198 1659 2257 Thuscia

46 2283 394 2345 -Volfinienfis
432 2289 656 2343 nomine
689 2286 868 2350 lacuS,
909 2289 1076 2363 inque
1111 2305 1178 2340 eo
1215 2280 1657 2362 perpetua-insula

49 2388 206 2447 parva
225 2411 242 2438 ‚
261 2369 347 2427 sed
366 2366 730 2425 firmiffimum
747 2365 948 2425 habens
966 2366 1257 2425 castellum.
1302 2365 1375 2421 ibi
1395 2364 1656 2422 inclusam

49 2449 489 2509 Amalasuntham
524 2448 843 2506 Theudatus
870 2448 1126 2506 servabat.
1170 2448 1272 2505 Sed
1301 2465 1657 2524 praemetuens

50 2553 118 2589 ne
136 2533 286 2611 quod
303 2536 485 2593 evenit
504 2573 521 2600 ‚
552 2536 939 2610 Imperatorem
959 2554 1018 2589 ea
1036 2552 1115 2588 res
1135 2527 1435 2587 offenderet
1454 2572 1468 2598 ‚
1508 2535 1656 2586 viros

53 2614 358 2673 senatorios
374 2657 390 2683 ,
407 2614 687 2673 Liberium
710 2618 764 2670 δε
784 2613 1104 2692 Opilionem
1122 2655 1139 2679 ‚
1176 2633 1411 2692 cumque
1428 2612 1508 2668 his
1524 2613 1657 2668 alios

53 2694 212 2763 milit,
228 2697 483 2776 placando
504 2695 766 2753 omnibus
784 2696 964 2753 modis
979 2696 1316 2774 Imperatori,
1335 2691 1498 2768 juflos
1515 2692 1656 2750 affir÷

54 2797 198 2834 mare
216 2777 348 2836 nihil
365 2780 393 2838 a
406 2778 455 2837 se
475 2777 678 2837 factum
704 2777 1097 2836 Amalasunthae
1115 2777 1327 2849 nolenti
1345 2777 1495 2857 quod
1513 2774 1659 2843 esset,

53 2879 363 2938 quanquam
390 2860 456 2919 ab
490 2859 598 2940 ipsa
629 2880 817 2939 graves
832 2881 1101 2939 acceperat
1123 2861 1358 2934 injurias,
1403 2860 1656 2934 Eumque

53 2942 111 3021 in
128 2938 331 3001 sensum
350 2951 404 3004 &
420 2941 527 3024 ipse
544 2939 742 3022 scripsit
759 2945 837 3000 Im
845 2947 1095 3080 perator}
1116 2948 1168 2999 &
1193 2938 1656 3020 Amalasuntham,

1135 3047 1158 3101 3
1596 3035 1659 3075 ut
