1888 3428
209 148 330 226 508<
526 149 914 205 PRocoPn
961 141 1512 212 CAESAR'EENsrs
1885 185 1888 199 ,

204 247 334 287 runt
351 230 406 285 in
427 227 722 308 posterum.
763 223 960 286 fabulis
979 225 1108 284 dant
1124 228 1340 282 interim
1361 226 1639 283 materiam
1655 257 1670 288 ‚-
1685 223 1818 282 dum
1880 224 1888 295 j}

206 309 430 391 quisque
451 317 503 369 &
526 309 681 368 sentit
700 310 1019 388 &loquitur
1041 349 1058 376 ,
1089 327 1149 366 ut
1166 312 1360 387 cuique
1383 307 1432 365 se
1469 308 1668 389 aliquid
1687 327 1819 386 pro-

206 393 383 452 babile
402 390 613 474 ingeffit
632 433 648 454 ,
694 390 877 448 solatia
911 395 1169 468 quaerenti
1204 393 1522 470 ignorantiae
1558 391 1622 448 ad
1652 410 1818 469 quam

131 509 141 511 „
209 478 510 535 mortalitas
526 476 776 534 damnata
790 473 877 530 est.
921 473 1047 552 Ego
1064 471 1206 530 unde
1227 473 1545 529 diverteram
1563 469 1826 530 illuc'red-

211 580 301 618 eo.
343 555 551 616 Periisse
581 559 827 614 Totilam
859 554 1190 633 aliquamdiu
1217 556 1536 634 ignorarunt
1559 555 1847 620 Romani,-

213 642 390 699 donec
420 640 674 698 indicavit
704 637 825 717 ipfis
860 638 1055 694 mulier
1087 637 1352 694 Gotthica
1385 656 1551 716 gente
1582 677 1600 703 ,
1643 635 1824 713 sepul-

214 722 511 798 chrumque
545 720 799 778 ostendit.
852 723 932 777 At
949 721 1051 787 illi,
1099 741 1167 775 ne
1186 736 1318 776 tunc
1349 718 1569 798 quidem
1601 715 1826 797 persuasi

215 825 339 864 vera
364 802 462 861 effe
492 825 609 883 quae
639 801 991 869 dicebantur,
1033 801 1095 859 ad
1116 801 1562 880 locumperduffi
1580 824 1598 868 ,⁴
1636 796 1825 857 effoflb

214 886 391 944 statim
410 889 592 944 loculo
611 886 859 943 Totilam
889 903 1207 941 exemerunt
1241 903 1559 941 mortuum:
1594 902 1830 961 cumque

216 991 346 1028 eum
383 963 718 1049 agnovissent
736 972 790 1022 &
826 965 1004 1044 (quod
1022 966 1270 1036 additur)
1305 965 1604 1023 inhumano
1624 963 1829 1042 specta-

218 1052 343 1110 culo
366 1047 618 1131 pavissent
651 1048 842 1104 oculos
860 1087 877 1114 ‚
911 1064 1060 1105 terrae
1078 1047 1288 1106 reddito
1309 1068 1536 1127 corpore
1568 1089 1584 1114 ,
1623 1044 1831 1105 Narseti

220 1154 336 1192 rem
372 1150 709 1209 compertam
746 1131 1059 1186 attulerunt,
1103 1131 1239 1186 Sunt
1257 1133 1486 1209 quinon
1505 1128 1634 1186 sicut
1654 1149 1832 1186 narra-

222 1218 401 1272 vimus
419 1213 468 1271 se
486 1234 570 1270 res
587 1207 820 1269 habuisse
839 1215 892 1268 &
907 1211 1110 1267 Totilae
1128 1216 1181 1268 &
1200 1213 1358 1290 praelii
1374 1229 1833 1279 commemorant,

220 1296 312 1355 sed
331 1317 456 1354 eum
473 1298 530 1352 in
561 1295 790 1351 modum
824 1314 990 1372 quem
1023 1289 1263 1371 ipsorum
1278 1291 1384 1350 fide
1403 1290 1597 1350 referre
1621 1313 1734 1350 non
1751 1296 1835 1371 pi-

223 1377 398 1460 gebit.
442 1380 620 1454 Ajunt
638 1379 711 1434 illi
729 1397 826 1433 nec
845 1374 952 1434 sine
967 1373 1116 1433 causa
1134 1416 1151 1442 ‚
1190 1396 1288 1432 nec
1314 1378 1387 1432 ita
1405 1374 1584 1432 subito
1606 1371 1834 1433 evenisse

224 1479 290 1519 ut
308 1459 356 1518 se
377 1464 675 1539 reciperent
704 1458 906 1516 Gotthi
922 1500 937 1526 ‚
973 1456 1060 1516 sed
1080 1457 1347 1515 Romanis
1371 1457 1732 1534 jaculantibus
1751 1473 1835 1514 te-

224 1543 342 1600 lum
362 1560 578 1621 repente
594 1539 826 1599 incidisse
844 1546 898 1599 in
921 1542 1166 1598 Totilam
1186 1582 1202 1609 ,
1232 1541 1383 1597 nullo
1405 1543 1669 1598 mittentis
1701 1560 1839 1597 con·-

227 1624 345 1684 filio
364 1666 380 1693 ‚
415 1625 449 1682 fi
468 1625 690 1704 quidem
709 1626 925 1682 Totilas
944 1626 1084 1680 inter
1101 1628 1376 1703 gregarios
1396 1621 1599 1702 positus
1617 1612 1838 1701 parique

230 1726 454 1765 ornatus
474 1706 643 1762 modo
664 1710 720 1762 in
741 1709 849 1763 acie
864 1705 1050 1772 stabat,
1061 1706 1191 1763 nihil
1211 1725 1404 1785 praeter
1421 1724 1640 1763 caeteros
1655 1724 1838 1784 agen3‚

231 1792 430 1847 nolens,
455 1786 599 1846 nosci
625 1785 870 1844 hostibus
903 1806 994 1845 aut
1012 1787 1242 1866 praebere
1261 1786 1308 1844 se
1330 1786 1526 1844 insidiis
1547 1784 1712 1843 z‘casu
1739 1785 1840 1842 fei*

229 1870 359 1929 licet
379 1889 598 1951 parante·
614 1872 661 1927 ei
680 1872 905 1928 exitium
923 1911 942 1937 ,
971 1867 1324 1948 sagittamque
1341 1874 1397 1926 in
1416 1890 1616 1946 corpus.
1626 1874 1737 1943 ejus
1754 1888 1840 1925 rev<-

234 1970 416 2035 gente.
460 1954 699 2010 ‘sactum
720 1948 1004 2009 mortifero
1020 1953 1239 2009 vulnere
1257 1992 1271 2013 ,
1291 1973 1414 2009 cum
1437 1955 1703 2007 maximos
1721 1948 1841 2007 sen*

234 2039 362 2093 tire-t
393 2035 637 2099 doloreS,
671 2031 936 2113 egreffum
954 2036 1062 2090 acie
1080 2036 1259 2112 paucis
1287 2034 1674 2093 comitantibus
1695 2051 1842 2089 retro

186 2132 190 2133 ’
237 2112 431 2176 cessisse
448 2158 464 2185 ,
496 2123 547 2174 &
568 2114 734 2194 usque
752 2116 883 2174 dum
902 2117 1105 2193 Capras
1134 2137 1276 2195 equo
1299 2115 1596 2175 vectaretur
1613 2111 1850 2172 suffecis-

237 2198 289 2258 se
309 2202 444 2258 vires
464 2239 478 2260 ‚
498 2201 619 2255 exin
637 2195 840 2276 liquisse
858 2200 1042 2254 animo
1063 2236 1080 2262 ,
1110 2200 1357 2277 interque
1381 2201 1713 2254 curationem
1729 2195 1844 2253 vul-

237 2285 381 2342 neris
406 2276 702 2358 exspirasse-
737 2284 816 2338 At
851 2279 1198 2339 Gotthorum
1235 2284 1530 2337 exercitum
1566 2301 1658 2358 per
1677 2280 1726 2336 se
1743 2281 1846 2335 im·

240 2385 425 2446 parem
443 2361 687 2420 hostibus
704 2402 723 2430 ,
757 2379 874 2420 tum
894 2383 1019 2418 vero
1038 2379 1226 2441 praeter
1243 2361 1605 2440 exspectatum
1622 2377 1842 2416 remo-to

240 2466 389 2506 extra
404 2449 570 2503 aciem
587 2444 724 2502 duce
740 2441 990 2521 stupuisse
1012 2443 1367 2501 mirabundos
1386 2484 1403 2510 ‚
1449 2443 1600 2522 quod
1617 2445 1691 2498 ita
1706 2461 1847 2498 unns
1878 2463 1885 2469 ·

240 2531 494 2589 omnium
523 2527 738 2584 Totilas
770 2526 916 2583 nulla
936 2525 1174 2583 hostium
1201 2525 1554 2584 destinatione
1573 2524 1845 2581 exitialem

243 2615 459 2691 plagam
478 2604 750 2686 accepisset
768 2647 786 2674 ,
818 2609 942 2665 ind-e
960 2609 1125 2665 tracta
1142 2605 1433 2664 formidine
1454 2626 1740 2683 rerumque
1759 2605 1849 2662 de-

243 2692 541 2773 speratione
570 2688 904 2769 obtorpuisse
940 2688 1046 2747 sine
1081 2688 1189 2747 fine
1216 2711 1273 2746 ac
1309 2689 1478 2746 mod-o
1499 2730 1516 2756 ‚
1560 2685 1848 2765 versosque

247 2796 380 2834 mox
399 2778 455 2832 in
489 2791 705 2851 turpem
736 2771 874 2849 adeo
903 2769 1119 2851 fugam:
1161 2770 1247 2829 sed
1265 2770 1427 2829 deliis
1444 2773 1638 2848 cuique
1657 2775 1709 2827 δε
1730 2767 1851 2825 sen-

186 2909 189 2910 ⁷
248 2861 348 2915 tire
369 2855 519 2937 quod
538 2857 661 2913 velit
678 2861 731 2912 δε
758 2856 911 2934 loqui
930 2855 1158 2924 liberum
1180 2851 1313 2911 esto,
1356 2852 1548 2909 Narses
1573 2855 1723 2931 laetus
1739 2848 1855 2925 suc·-

250 2936 392 3003 ceffu
424 2958 538 3003 non
572 2934 720 2998 desiit
748 2940 862 3015 ejus
893 2936 1112 2997 laudern
1139 2976 1158 3003 2
1209 2952 1439 2995 atcerte
1474 2932 1706 2999 debebat
1736 2972 1756 2998 ‚
1784 2929 1852 2988 ad

1676 3016 1864 3074 Deum
