1888 3428
205 163 631 223 GoTTHIcAE
681 155 1096 220 ‘Hm-roam
1139 165 1361 223 L1B.I.
1524 165 1642 226 '221‘

22 245 173 304 bant.
217 251 357 316 Quae
375 248 505 305 dum
521 246 849 304 Neronianis
865 247 921 300 in
940 250 1443 324 campis'geruntur,
1468 253 1643 324 major

22 328 376 386 barbarorum
413 328 554 407 apud
588 326 747 384 castra
775 329 1037 384 exercitus
1056 326 1312 384 consertis
1331 328 1486 387 scutis
1506 335 1642 389 acri-

21 427 104 468 ter
122 425 307 468 contra
330 411 541 468 hostem
561 413 661 467 niti
677 444 694 474 ‚
726 411 1063 488 'multamque
1100 413 1156 467 in
1174 409 1426 467 homines
1444 451 1462 475 ‚
1503 417 1644 471 mul-

22 512 133 550 tam
167 498 224 549 in
260 514 435 572 equos
469 490 604 549 ferre
637 493 941 570 pernitiem.
985 493 1141 549 Tum
1161 513 1290 548 vero
1311 532 1326 557 ,
1355 491 1644 572 postquam

21 577 407 633 Romanorum
427 575 510 632 alii
531 572 841 629 vulneribus
862 576 985 653 aegri
1003 614 1020 641 ‚
1055 577 1137 630 alii
1158 572 1353 631 amiffis
1381 580 1532 654 equis
1551 598 1646 632 or-

21 656 240 715 ’dinibus
255 655 569 715 excelserant
583 696 598 722 ,
622 658 678 711 in
697 659 912 735 agmine
934 663 988 714 &
1005 675 1127 713 ante
1147 658 1368 715 modico
1389 699 1405 724 ,
1426 658 1646 714 notabi-

20 739 245 815 liorjam
265 742 498 818 paucitas
515 735 619 794 fuit
637 778 653 804 ,
673 758 1049 816 quantumque
1069 738 1274 796 Gotthi
1297 761 1528 797 numero
1549 762 1650 797 an-

21 825 219 879 teirent
249 823 437 878 clarius
455 824 714 898 apparuit.
761 842 876 899 quo
898 820 1183 878 observato
1208 863 1224 889 ‚
1255 821 1466 880 barbari
1487 826 1645 902 equi-⁴

23 907 103 961 tes
136 903 164 960 a
194 903 385 960 dextro
413 918 584 959 cornu
618 904 673 958 in
709 900 1107 982 sibioppofitos
1126 902 1278 961 cursu
1298 902 1643 977 sejecerunt:

20 985 218 1043 horum
256 983 412 1042 hastis
445 986 684 1041 Romani
720 989 950 1064 impares
982 986 1047 1043 ad
1081 985 1336 1043 cohortes
1357 987 1405 1044 se
1424 1008 1644 1066 recepe-

18 1084 181 1124 runt:
214 1063 301 1124 sed
320 1071 383 1123 iis
403 1064 623 1146 quoq'ue
642 1066 890 1125 hostilem
911 1070 1178 1147 impetum
1201 1066 1313 1126 non
1334 1067 1645 1127 sustinenti-

18 1149 123 1206 bus
141 1170 258 1228 pars
277 1144 518 1227 peditum
543 1171 738 1228 magna
769 1153 1018 1228 equitum
1040 1147 1180 1229 fugae
1202 1150 1251 1207 se
1269 1156 1529 1209 comitem
1547 1154 1646 1211 de-

20 1231 119 1290 dit.
162 1234 280 1288 Nec
299 1233 415 1298 diu,
432 1252 556 1288 cum
578 1237 631 1287 &
652 1234 877 1288 alterum
893 1233 1279 1290 Romanorum
1300 1255 1496 1312 agmen
1518 1256 1643 1311 pre—

20 1312 300 1370 mentibus
323 1310 557 1369 barbaris
574 1313 722 1370 dedit
739 1331 889 1392 terga
907 1355 923 1381 ,
940 1312 1179 1393 fugaque
1202 1315 1487 1373 univerfim
1502 1315 1643 1374 faeta

21 1394 116 1453 est.
157 1394 409 1452 Peditum
449 1398 601 1474 pauci
635 1435 651 1462 ,
687 1415 925 1474 quorum
956 1395 1215 1474 potiffimi
1251 1400 1550 1477 Principius
1584 1405 1642 1457 <Sc

21 1481 321 1536 Tarmutus
338 1518 357 1545 ‚
386 1496 509 1534 rarae
542 1480 752 1534 virtutis
769 1473 1008 1535 facinora
1027 1478 1239 1537 edidere
1255 1497 1401 1537 tanta
1419 1522 1437 1548 ,
1469 1499 1530 1540 ut
1554 1502 1644 1540 re·-

21 1577 330 1641 pugnantes
362 1581 456 1617 eos
478 1582 658 1638 neque
680 1581 804 1617 curn
826 1566 1024 1619 caeteris
1041 1559 1181 1642 fugae
1199 1566 1470 1640 capientes
1502 1586 1642 1621 con-

22 1642 128 1701 filia
147 1642 350 1700 Gotthi
370 1645 625 1709 contuiti,
639 1660 798 1720 atque
815 1646 870 1699 in
888 1642 1302 1701 admirationem
1323 1643 1486 1702 defixi
1505 1667 1644 1703 con-

22 1723 293 1782 fisterent:
320 1725 482 1802 idque
502 1723 672 1803 ipsum
695 1724 966 1802 peditibus
982 1727 1094 1782 aliis
1113 1728 1298 1783 multis
1316 1732 1370 1783 &
1390 1730 1640 1808 equitum

21 1826 238 1886 tempus
270 1810 494 1885 impune
534 1806 795 1863 evadendi
834 1807 980 1865 dedit
996 1847 1010 1863 .
1074 1811 1374 1888 Principius
1424 1811 1643 1868 conciso

24 1910 249 1969 corpore
268 1892 322 1945 in
341 1892 466 1948 loco
488 1908 653 1967 quem
673 1906 920 1946 tenuerat
940 1887 1131 1948 cecidit
1151 1911 1387 1971 cumque
1407 1891 1522 1972 ipso
1543 1915 1641 1973 pe..

21 1972 175 2030 dites*
191 1971 538 2052 quadraginta
558 1977 612 2028 &
632 1971 762 2028 duo.
805 1975 886 2030 At
903 1975 1205 2031 Tarmutus
1238 1995 1401 2031 manu
1422 1997 1642 2055 quaque

20 2055 280 2134 tragulam
302 2072 490 2110 tenens
508 2053 784 2110 Isauricarn
802 2097 820 2122 ,
860 2052 1305 2136 insequentesque
1336 2054 1385 2114 se
1406 2079 1642 2116 conver-

22 2134 106 2195 sus
132 2139 430 2201 lancinanS,
466 2135 752 2214 postquam
778 2141 956 2194 laceris
975 2137 1198 2214 artubus
1215 2137 1410 2197 defecit
1427 2182 1444 2208 ,
1479 2138 1642 2200 fratre

23 2219 187 2289 Entno
207 2241 331 2276 cum
353 2218 627 2297 equitibus
644 2217 993 2277 subveniente
1023 2224 1224 2300 recepit
1252 2220 1497 2301 spiritum
1518 2265 1535 2291 ‚
1569 2227 1642 2283 ci-

23 2318 249 2381 tatoque
279 2299 462 2367 cursu,
495 2299 633 2358 sanie
664 2302 1078 2381 vulneribusque
1110 2303 1316 2362 obsitus
1350 2304 1416 2362 ad
1435 2311 1641 2364 moenia

24 2385 293 2463 pervenit,
314 2382 512 2440 servata
535 2402 761 2462 utraque
778 2386 1001 2465 tragula.
1045 2387 1225 2443 Tanta
1242 2389 1291 2444 ei
1310 2405 1419 2444 erat
1435 2388 1640 2468 pedum

26 2468 304 2543 pernicitas
321 2508 336 2532 ‚
355 2484 414 2522 ut
432 2469 505 2523 ita
523 2471 765 2544 quamvis
783 2465 978 2524 affecto
1000 2473 1217 2547 corpori
1237 2469 1301 2526 ad
1322 2466 1509 2547 fugam
1527 2468 1642 2528 suf-

25 2543 210 2606 fecerit
241 2569 254 2603 ε
285 2548 457 2606 donec
475 2548 538 2606 ad
559 2552 772 2605 Picenas
791 2568 972 2627 portas
991 2571 1116 2607 cum
1134 2550 1447 2630 pervenisset
1463 2593 1481 2619 ,
1518 2554 1641 2610 col-

26 2627 197 2708 lapsus
227 2628 303 2687 est
340 2654 353 2687 ε
389 2631 512 2687 inde
547 2634 872 2688 commilites
902 2653 1183 2691 moranum
1205 2636 1302 2700 rati
1320 2633 1639 2713 impositum

26 2708 177 2769 scuto
212 2732 488 2792 portavere
520 2737 533 2771 :
571 2713 910 2793 biduumque
942 2713 1198 2795 superstes
1216 2714 1382 2774 finem
1402 2734 1522 2780 tum
1542 2718 1641 2775 de-

28 2813 184 2850 mum
203 2795 416 2853 vivendi
434 2795 559 2854 fecit
577 2837 595 2864 ,
625 2798 814 2853 claram
841 2794 915 2855 sui
934 2802 1256 2856 memoriam
1276 2799 1416 2878 apud
1432 2798 1641 2858 Isauros

29 2896 363 2956 omnemque
384 2880 672 2935 exercitum
693 2880 1020 2959 relinquens·
1063 2881 1220 2938 Plebs
1251 2881 1484 2950 urbana,
1515 2900 1640 2958 per-

31 2955 168 3019 culsa
182 2957 263 3035 his
283 2957 417 3035 vifiS,
435 2965 490 3024 in
509 2965 778 3023 moenium
797 2961 1094 3027 custodiam
1113 2962 1382 3036 incubuit,
1404 2983 1639 3042 magno-

1529 3063 1636 3121 qUe
