1888 3428
320 178 710 236 PRocoPn
772 170 1343 230 CAESAREENSISL
1535 188 1644 250 521

34 278 160 318 rum
192 259 443 339 cogitatis
463 298 477 319 ,
511 254 598 315 sed
615 255 807 315 divinis
826 253 1051 309 arbitriis
1068 251 1430 329 dispensantur
1450 296 1464 321 ‚
1496 253 1653 334 quod

35 339 310 399 fortunam
343 339 593 396 homines
625 353 841 396 vocant.
883 337 1057 414 Ignari
1097 338 1244 390 enim
1283 334 1543 413 quorsum
1581 357 1654 408 ‘ea

37 421 170 481 fiant
185 464 202 491 ,
224 442 341 500 quae
360 419 512 479 fideti
532 419 734 486 vident,
755 418 808 475 id
826 421 976 490 cujus
996 419 1129 472 ratio
1152 437 1263 472 non
1282 436 1516 494 apparet,
1535 415 1654 473 for-
1726 447 1728 449 ·

39 523 226 563 tunam
242 521 453 560 vocant.
495 501 561 560 de
575 501 654 559 his
670 501 833 558 libera
859 497 920 554 sit
937 500 1129 578 cuique
1144 497 1417 554 sententia.
1463 501 1655 556 Altero

38 607 172 666 ergo
190 583 423 642 Belifarii
443 588 497 641 in
517 586 717 642 Italiam
749 580 981 639 adventu
1000 621 1017 648 ,
1050 578 1268 659 peffime
1293 583 1339 637 ei
1359 601 1438 636 res
1460 601 1658 657 prove-

42 689 190 726 nere.
216 667 377 725 vNam
399 670 640 746 quinque
660 685 751 744 per
769 684 940 720 annos
955 703 971 729 ,
1012 680 1071 719 ut
1104 661 1228 719 alibi
1245 662 1272 718 εὶ
1293 663 1455 719 nobis
1475 683 1657 719 narra-

40 767 161 808 tum
186 749 260 807 est
278 791 296 817 ‚
330 768 520 806 terram
547 766 820 827 penetrare
843 743 1104 823 nusquam
1124 745 1288 801 valuit
1308 787 1324 812 ‚
1358 744 1511 823 quod
1531 745 1658 801 nul-

39 834 154 891 lum
174 832 248 888 ibi
267 829 486 887 haberet
505 848 684 887 tutum
702 826 1000 909 praesidium
1015 868 1033 895 ,
1064 824 1151 884 sed
1183 825 1312 883 nihil
1331 825 1471 884 aliud
1490 847 1656 905 quam

41 917 299 995 navigans
318 908 583 970 maritima
605 912 722 968 loca
740 913 852 968 aliis
885 911 1164 966 maritimis
1183 908 1444 965 mutabat.
1487 911 1659 966 Toti-

39 999 113 1055 ias
131 1014 276 1053 extra
292 997 629 1051 munimenta
645 1014 771 1051 eum
790 1012 1003 1050 cernere
1018 989 1258 1048 insanum
1274 993 1658 1069 cupienS‚con-

39 1078 186 1157 sequi
205 1078 260 1135 id
278 1079 693 1155 nequiit.tantus
710 1096 880 1154 pavor
898 1081 951 1132 δέ
972 1071 1276 1131 Belisarium
1298 1080 1350 1130 δε
1369 1074 1658 1130 Romanos

42 1161 238 1216 milites
254 1157 530 1217 invaserat.
547 1180 654 1237 qua
670 1159 734 1215 de
754 1157 904 1215 causa
924 1177 1036 1213 non
1054 1156 1225 1212 modo
1246 1155 1554 1214 amiflbrum
1576 1159 1660 1212 ni...

38 1239 114 1299 hil
132 1244 331 1318 recepit
346 1282 362 1309 ,
380 1239 466 1297 sed
482 1238 696 1319 infuper
711 1242 949 1298 Romam
971 1237 1139 1294 amisit
1159 1279 1175 1304 ,
1205 1242 1409 1316 aliaque
1428 1260 1575 1318 paene
1594 1259 1662 1295 ον

41 1324 338 1381 mnia.Erat
350 1340 530 1380 autem
545 1322 650 1378 hoc
664 1339 911 1400 tempore
927 1323 1165 1399 pecuniae
1183 1342 1435 1398 perquam
1453 1320 1661 1387 avidum,

39 1403 327 1484 omnisque
361 1407 491 1463 lucri
509 1408 753 1483 quamvis
772 1407 943 1482 turpis
977 1401 1362 1459 attentiffimus
1384 1401 1661 1482 conquisi-

44 1504 136 1544 tor
151 1529 169 1555 ,
215 1505 275 1545 ut
304 1491 397 1566 qui
426 1486 491 1543 ab
516 1492 845 1565 Imperatore
878 1482 1008 1542 nihil
1042 1488 1313 1562 acciperet.
1356 1487 1518 1542 Italos
1550 1487 1663 1565 pri-

48 1572 205 1627 mum
225 1571 540 1647 omneS,qui
560 1569 875 1626 Ravennam
898 1569 1193 1624 Siciliamve
1207 1565 1517 1624 habitabant
1535 1608 1550 1635 ‚
1569 1585 1661 1625 aut

41 1652 171 1709 alibi
189 1649 285 1708 sub
305 1655 417 1725 ejus
437 1667 586 1707 erant
606 1650 862 1728 potestate
885 1690 900 1710 ‚
929 1645 1075 1704 foede
1093 1647 1498 1725 depraedabatur
1520 1691 1535 1716 ,
1555 1649 1663 1705 ob-

0 1728 13 1731 *
48 1752 203 1790 tentu
221 1730 348 1801 ‚usus
365 1734 511 1788 velut
530 1731 593 1789 ad
611 1735 847 1788 rationes
865 1751 960 1787 eos
978 1748 1099 1786 ante
1120 1732 1369 1787 a&orum
1388 1749 1663 1787 vocarent.

46 1817 131 1872 Sic
162 1813 484 1872 Herodiano
515 1834 608 1892 per
642 1812 819 1870 nescio
854 1833 985 1892 quas
1018 1833 1129 1869 non
1168 1816 1569 1870 criminationes
1603 1824 1670 1871 ac‘

45 1899 219 1955 minas
238 1899 471 1975 pecuniae
505 1899 617 1954 vim
647 1914 969 1974 extorquere
988 1894 1319 1951 conabatur:
1355 1896 1554 1974 quibus
1575 1897 1663 1953 ille

47 1976 289 2036 accensus
312 1980 630 2035 Romanum
651 1982 943 2036 exercitum
978 1978 1120 2034 illico
1157 1976 1386 2053 deseruit
1407 2017 1423 2041 ‚
1466 1977 1661 2036 deinde

45 2058 96 2120 -se
113 2059 339 2138 suosque
356 2063 549 2117 milites
576 2067 630 2118 δέ
652 2061 955 2140 Spoletium
984 2060 1196 2118 tradidit
1213 2063 1411 2117 Totilae
1437 2067 1487 2118 &
1510 2061 1663 2117 Gor·
1718 2071 1731 2084 ⁶

51 2143 176 2200 this,
218 2148 328 2199 Iam
350 2143 493 2199 unde
512 2146 651 2199 inter
680 2141 851 2220 ipsum
869 2141 1276 2220 Iohannemque
1305 2146 1554 2200 Vitaliani
1574 2144 1662 2199 so·-

48 2246 169 2283 rore
187 2227 436 2305 genitum
457 2227 748 2282 inimicitiae
765 2227 1174 2291 intervenerint,
1194 2226 1432 2281 maximo
1454 2229 1528 2282 rei
1548 2227 1666 2282 Ro-

49 2329 220 2365 manae
240 2307 383 2363 malo
400 2351 414 2371 ,
445 2306 618 2364 dicer-e
654 2308 959 2387 aggredior.
1002 2308 1188 2363 Tanto
1226 2309 1492 2366 Germani
1526 2307 1662 2364 odio

50 2387 297 2470 Augusta
314 2386 572 2470 flagrabat
592 2429 609 2454 ‚
643 2391 885 2468 adeoque
905 2389 958 2447 id
993 2387 1240 2446 testatum
1262 2386 1456 2447 fecerat
1475 2393 1662 2447 omni-

45 2469 156 2528 -bus
175 2513 192 2540 ‚
223 2489 283 2528 ut
301 2493 467 2528 nemo
485 2476 599 2546 ejus
620 2511 636 2536 ‚
665 2493 975 2551 quanquam
1011 2476 1404 2549 Imperatorem
1439 2476 1663 2551 propina

51 2574 158 2632 qua
178 2551 559 2611 necesfitudine
578 2594 595 2621 ,
626 2550 785 2611 fratre
805 2557 1004 2633 quippe
1026 2560 1140 2630 ejus
1157 2557 1372 2634 genitus
1392 2596 1406 2616 ‚
1443 2557 1663 2611 contin-

52 2654 202 2714 geret
218 2675 236 2701 ,
265 2633 516 2693 affinitate
536 2636 616 2694 uti
637 2635 867 2694 auderet.
912 2636 1001 2692 Illa
1018 2636 1148 2693 dum
1168 2640 1317 2704 vixit,
1342 2635 1437 2693 filii
1455 2636 1665 2695 caelibes

20 2771 27 2775 ,
54 2716 340 2775 Germano
365 2716 597 2777 manse're
615 2717 844 2776 =1ustina
861 2737 988 2776 ver-o
1009 2715 1115 2775 filia
1130 2722 1291 2776 etiam
1310 2720 1375 2778 ad
1388 2718 1664 2777 decimum

58 2803 112 2856 δε
128 2801 386 2857 octavum
418 2804 586 2858 aetatis
618 2822 818 2858 annum
853 2803 1101 2877 innupta.
1141 2802 1273 2859 Haec
1309 2823 1393 2858 res
1427 2802 1665 2858 Germa‘

58 2900 190 2938 num
223 2881 434 2962 subegit
457 2923 473 2948 ‚
509 2901 568 2939 ut
603 2881 725 2940 cum
749 2881 925 2939 missus
945 2881 973 2938 a
993 2880 1243 2939 Belisario
1276 2882 1539 2940 Iohannes
1559 2885 1669 2959 By-

10 2996 15 3003 *
57 2961 716 3032 zantium'veniffet,ver-ba
736 2964 876 3046 apud
894 2985 1020 3021 eum
1039 2961 1235 3023 faceret
1250 2964 1315 3026 de
1334 2963 1441 3022 filia
1458 2967 1511 3019 in
1532 2967 1668 3036 ejus,

50 3074 56 3081 ·
423 3064 428 3068 ·
840 3044 947 3102 Kk
992 3066 1019 3126 5
1503 3066 1681 3130 quan?¹
