1888 3428
456 199 503 255 E
586 217 622 257 L
698 216 738 255 o
821 215 860 252 G
939 216 964 254 1
1043 219 1104 257 A.
1397 216 1467 262 10

14 281 190 343 scetus
209 277 464 347 credidit,
496 301 662 361 quem
697 276 916 338 tradunt
952 281 1116 339 etiam
1152 281 1419 342 miraculis
1452 224 1510 344 δῖ
1588 346 1596 349 ⁴

14 363 309 427 virtutibus
332 361 613 444 insignem.

95 527 390 610 Ansgarius
448 533 502 587 δε
552 527 676 587 Ebo
723 525 1007 586 Remenfis
1059 525 1517 609 Archiepiscopus

18 612 401 670 Gatidbertum
436 608 802 667 consecrantes
836 608 1152 688 episcopum
1185 628 1516 670 vocaverunt

18 715 144 752 eum
162 696 440 751 Simonem
457 733 473 760 ‚
496 697 730 770 eumque
749 691 942 753 divinae
959 696 1141 775 gratiae
1159 693 1516 753 commenda-

17 793 135 834 tum
157 779 211 833 in
230 779 520 832 Sueoniam
536 773 816 833 miserunt.

82 943 263 997 ,Anno
281 938 588 999 LutheWici
607 935 827 998 senioris
843 959 916 998 no
926 937 1138 999 vissimo
1157 923 1524 1001 'Gaudbertus

17 1020 296 1102 episcopus
329 1025 446 1082 zelo
480 1022 771 1102 gentilium
802 1021 831 1080 ὲ
869 1026 1104 1081 Sueonia
1134 1021 1381 1104 depulsus
1397 1064 1415 1092 ‚
1460 1030 1518 1082 δε

15 1103 309 1176 Nithardus
337 1107 631 1186 capellanus
655 1111 768 1181 ejus
799 1109 1058 1186 martyrio
1079 1127 1204 1164 cum
1225 1109 1334 1164 aliis
1351 1126 1519 1164 coro=

17 1204 175 1244 natus
192 1186 282 1245 est.
328 1194 382 1246 &
400 1187 589 1245 exinde
609 1190 845 1244 Sueonia
862 1192 1031 1247 caruit
1052 1187 1332 1268 septennio
1350 1185 1519 1246 sacer-

19 1269 182 1326 dotali
220 1268 487 1348 praesentia
503 1308 520 1334 ,
564 1291 678 1348 quo
714 1287 962 1349 tempore
1012 1270 1305 1328 Amundus
1338 1291 1516 1350 regno

21 1350 201 1429 pulsus
232 1354 288 1407 in
307 1349 641 1408 Christianos
662 1355 838 1409 movit
854 1350 1301 1429 persecutionem.
1347 1353 1518 1410 Heria

21 1435 200 1513 gatius
218 1453 345 1489 vero
363 1436 525 1490 Bircae
543 1430 826 1513 praefestus
844 1432 1306 1493 Christianitatem
1334 1432 1412 1491 ibi
1428 1430 1520 1492 so-

19 1516 104 1571 lus
127 1512 451 1572 sustentavit.
494 1518 589 1594 qui
603 1519 765 1573 etiam
785 1532 990 1573 tantam
1010 1514 1136 1572 fidei
1153 1518 1379 1596 gratiam
1398 1537 1521 1575 me·

19 1599 126 1653 ruit
145 1637 164 1664 ,
196 1614 255 1652 ut
274 1599 517 1674 potentia
536 1597 924 1654 miraculorum
944 1602 998 1654 &
1017 1595 1394 1656 exhortatione
1411 1597 1519 1657 do-

19 1677 200 1738 &rinae
214 1678 383 1735 multa
400 1697 739 1758 paganorum
761 1679 924 1738 millia
938 1676 1164 1738 salvarit.

103 1839 393 1925 Ansgarius
409 1836 761 1923 Hartgarium
778 1845 1058 1903 eremitam
1074 1844 1266 1904 direxit
1281 1844 1337 1903 in
1353 1844 1537 1903 Sue02

22 1945 190 1982 niam.

107 2087 332 2156 Quibus
359 2088 518 2148 rebus
547 2111 611 2149 ex
643 2108 777 2150 voto
814 2092 1100 2171 completis
1123 2133 1140 2160 ,
1175 2091 1308 2149 dum
1341 2090 1519 2151 adhuc

21 2167 227 2228 sanfius
251 2173 362 2229 Dei
379 2183 477 2251 pr'o
496 2191 661 2254 gente
696 2178 976 2232 Sueonum
1010 2174 1224 2233 aestuare
1255 2171 1519 2254 caepisset,

16 2268 146 2310 ‘cum
180 2253 504 2312 Gaudberto
538 2253 792 2336 episcopo
815 2254 1097 2315 consilium
1135 2256 1325 2315 habuit
1346 2298 1363 2324 ,
1394 2260 1521 2337 quis

24 2355 214 2392 eorum
232 2335 492 2395 laudabile
511 2358 611 2417 pro
647 2336 862 2397 Christo
882 2336 1082 2397 subiret
1102 2341 1418 2418 periculum.
1463 2358 1521 2399 at

22 2416 114 2474 ille
126 2419 422 2497 periculum
442 2418 633 2498 sponte
650 2421 919 2479 declinans
938 2461 954 2488 ‚
990 2419 1232 2480 [ειηᾶυττι
1253 2424 1437 2501 potius
1458 2439 1521 2480 ut

23 2499 124 2557 iret
145 2504 356 2580 rogavit
372 2499 722 2581 Ansgarium.
768 2505 1044 2582 extemplo
1064 2503 1259 2562 athleta
1289 2506 1522 2584 intrepi-

27 2579 128 2638 dus
145 2583 334 2640 Horici
353 2586 492 2665 regis
525 2583 737 2644 miffum
757 2591 971 2667 rogavit
992 2605 1150 2667 atque
1170 2585 1420 2668 sigillum.
1463 2592 1522 2646 δε

29 2660 58 2718 ὲ
74 2661 250 2722 littore
266 2667 554 2726 Danorum
571 2666 918 2726 transfretans
932 2672 987 2726 in
1011 2672 1303 2727 Sueoniam
1325 2690 1522 2749 perve-

29 2746 112 2801 nit
130 2783 149 2809 ,
181 2744 275 2804 ubi
292 2765 423 2806 tunc
452 2749 639 2829 Oleph
660 2772 750 2809 rex
767 2751 909 2832 apud
925 2754 1131 2811 Bircam
1147 2754 1397 2833 generale
1413 2772 1525 2831 po·-

28 2825 144 2905 puli
161 2823 234 2885 sui
249 2827 435 2889 habuit
462 2834 743 2911 placitum.
780 2856 947 2915 quem
974 2838 1333 2914 praeveniente
1371 2831 1523 2893 mise<¹

29 2909 256 2968 ricordia
270 2913 376 2971 Dei
397 2917 470 2971 ita
485 2917 757 2994 placatum
777 2920 986 2977 invenit
1001 2960 1016 2982 ‚
1044 2937 1104 2977 ut
1124 2924 1240 2995 ejus
1259 2941 1321 2978 ex
1344 2921 1522 2995 impe-

28 2991 112 3075 tio
130 2997 185 3053 &
197 2996 382 3080 populi
400 2995 656 3060 consensu
676 3005 729 3060 δε
739 3001 890 3081 jaffku
909 2998 1064 3065 sortis
1079 3007 1133 3062 δε
1151 3002 1285 3064 idoli
1297 2998 1522 3141 resp?-

1445 3098 1480 3140 0
1497 3119 1519 3148 a

160 3169 185 3179 κ
