1931 3428
331 157 635 213 LIBER
723 133 1261 209 SECVNDVS:
1511 169 1624 229 791

469 307 520 363 C
604 329 641 364 A
721 323 774 360 P.
894 303 1168 358 XXIII.

210 434 282 492 Ob
305 453 455 509 quam
488 433 679 506 caufizm
709 433 875 506 aliqua
902 446 1018 502 pars
1052 430 1200 483 ltaliae
1224 469 1239 490 ,
1286 424 1449 500 Cisal—

541 520 661 592 pina
697 529 896 571 vocatur
925 513 1107 566 Gallia.
1172 544 1176 547 -

14 652 252 793 ITalia
271 675 494 733 quoque
513 674 630 731 quae
651 651 741 708 has
769 649 1071 729 provincias
1086 648 1336 704 continet
1354 691 1369 712 ,
1404 645 1471 704 ab
1491 649 1624 705 Italo

98 739 402 793 Siculorum
421 737 555 793 duce
571 776 587 802 ‚
608 736 697 812 qui
717 753 834 789 eam
855 735 1156 809 antiquitus
1175 728 1364 788 invasit
1382 770 1399 798 ‚
1418 751 1629 787 nomen

12 822 229 897 accepit.
277 822 400 876 Sive
418 818 493 875 ob·
527 816 633 873 hoc
666 817 815 871 Italia
847 815 1046 872 dicitur
1065 855 1080 880 ‚
1112 817 1239 889 quia
1272 816 1460 893 magni
1489 820 1544 869 in
1564 834 1626 870 ea

12 896 185 960 boves
206 941 221 966 ‚
255 900 360 958 hoc
392 899 466 956 est
484 940 499 964 ,
534 900 649 954 Itali
680 896 966 954 habentur.
1007 895 1101 952 Ab
1126 918 1194 952 eo
1215 917 1451 975 namque
1470 895 1627 974 quod

12 982 88 1040 est
104 984 266 1039 Italus
281 1023 295 1044 ‚
319 1002 408 1060 per
428 982 854 1039 diminutionem
879 982 1002 1037 licet
1027 1000 1132 1036 una
1149 982 1296 1037 litera
1315 978 1493 1037 addita
1515 1019 1530 1041 ‚
1555 980 1627 1037 al-

11 1084 122 1124 tera
143 1069 428 1122 immutata
447 1104 464 1125 ,
483 1066 682 1124 vitulus
700 1065 1011 1143 appellatur,

463 1218 515 1274 C
597 1238 636 1272 A
719 1234 773 1271 P.
882 1216 1158 1272 XXIV.

141 1347 314 1420 Qare
331 1342 864 1418 Italiafic1⁷ocitat2473
902 1358 960 1401 ut
985 1343 1107 1418 quid
1121 1345 1272 1401 etiam
1289 1342 1494 1418 Ausonia

553 1429 630 1486 vel
659 1429 855 1484 Latium
879 1428 1083 1484 dicitur.

95 1563 260 1621 ‘salia‘
287 1568 448 1622 etiam
470 1563 707 1622 Ausonia
741 1566 936 1622 dicitur
957 1605 973 1631 ‚
1003 1562 1070 1620 ab
1090 1561 1316 1621 Ausone
1336 1561 1532 1642 Vlyffis
1551 1560 1625 1619 fi-

93 1648 188 1703 lio.
232 1649 486 1704 Primitus
504 1666 687 1704 tamen
707 1651 1087 1704 Beneventana
1105 1649 1257 1726 regio
1273 1645 1380 1702 hoc
1396 1647 1627 1702 nomine

7 1731 267 1806 appellata
286 1727 359 1786 est
377 1773 391 1795 ,
425 1728 609 1806 postea
630 1751 758 1786 vero
780 1747 894 1786 tota
917 1726 985 1784 fic
1004 1732 1174 1808 coepit
1204 1734 1350 1787 Italia
1380 1731 1628 1787 vocitari.

7 1810 227 1868 Dicitur
258 1833 483 1890 quoque
503 1817 662 1870 etiam
687 1814 905 1869 Latium
924 1812 1072 1868 Italia
1094 1852 1110 1878 ‚
1137 1831 1235 1889 pro
1260 1833 1326 1868 eo
1357 1810 1510 1890 quod
1530 1814 1629 1866 Sa-

4 1909 197 1950 turnus
216 1899 401 1951 Iovem
421 1892 595 1951 filium
614 1893 769 1952 suum
788 1893 1026 1975 fugiens,
1043 1895 1183 1950 intra
1199 1916 1316 1950 eam
1339 1891 1624 1950 inveniffet

5 1975 286 2033 latebram.
344 1980 516 2056 Igitur
548 1976 835 2057 postquam
868 1977 932 2034 de
966 1976 1127 2034 Italiae
1161 1979 1456 2055 provinciis
1476 2017 1494 2043 ,
1534 1975 1630 2052 vvel

5 2055 167 2132 ipfius
182 2061 407 2115 nomine
426 2101 442 2125 ‚
481 2063 619 2116 intra
634 2081 797 2139 quam
822 2080 904 2117 res
921 2057 1092 2139 gestas
1111 2058 1461 2116 describimus
1479 2100 1496 2126 ,
1519 2054 1632 2114 suf-

10 2136 258 2197 ficienter
275 2139 350 2197 est
371 2140 576 2199 diaestum
597 2183 612 2208 ‚
647 2164 792 2202 nunc
812 2143 877 2200 ad
906 2141 1131 2200 histotiae
1156 2143 1408 2200 ordinem
1445 2139 1652 2219 redea-v

12 2241 152 2278 mus.

493 2362 545 2418 c
624 2347 687 2453 AJ
741 2383 789 2419 P.
908 2365 1149 2423 XXV.

258 2490 511 2563 Qomodo
529 2491 698 2548 Alboin
716 2493 1050 2550 Mediolanum
1070 2490 1289 2569 ingrcffizs
1310 2491 1392 2566 est.

151 2637 336 2696 Lboin
370 2642 536 2722 igitur
569 2646 845 2723 Liguriam
882 2647 1147 2702 introiens
1168 2685 1182 2706 ,
1217 2643 1515 2701 ἰῃάίᾶἰοηε
1544 2644 1633 2698 in-

153 2721 433 2799 grediente
469 2729 653 2787 tertia,
689 2731 848 2783 tertio
884 2729 1079 2785 Nonas
1114 2726 1448 2804 Septembris
1474 2766 1490 2792 ‚
1530 2722 1629 2781 sub

14 2802 356 2878 temporibus
375 2806 651 2865 Honorati
673 2808 1080 2890 Archiepiscopi
1099 2852 1115 2877 ‚
1145 2809 1526 2867 Mediolanum
1549 2809 1629 2862 in-

9 2881 212 2960 gressus
244 2883 339 2941 est.
383 2885 599 2946 Dehinc
633 2890 897 2948 universas
931 2895 1163 2974 Liguriae
1184 2895 1455 2949 civitates,
1492 2905 1631 2964 prae-

13 2983 96 3022 ter
129 2964 222 3022 has
257 2981 375 3048 quae
406 2972 462 3025 in
488 2971 668 3031 littore
697 2978 854 3030 maris
882 2973 1004 3033 sunt
1041 2972 1256 3054 positae',
1286 2975 1448 3050 cepit,
1499 2970 1632 3023 Ho-

757 3057 812 3114 D
835 3056 869 3114 d
888 3057 920 3114 d
965 3079 1004 3135 4
1409 3067 1632 3109 moratus
