1888 3428
288 185 397 243 132
485 160 488 164 ’
600 170 991 227 Picio-comit
1042 167 1579 226 CAESAREENsrs·
1870 243 1875 246 ‚

284 246 667 307 Areobindum
701 249 923 307 honoris
964 249 1371 308 ostentamentis
1404 274 1418 306 :
1466 252 1704 326 priorem
1737 244 1882 307 enim

286 331 596 389 accubitum
616 333 690 389 illi
707 332 871 390 dedit.
917 333 1018 389 Sed
1036 349 1297 389 caenatum
1318 351 1432 387 non
1450 328 1644 388 dimisit
1660 371 1679 397 ,
1699 346 1884 388 verum

285 413 479 470 deduci
498 419 514 487 j
524 413 652 471 uffit
668 415 729 477 ‚in
747 416 931 471 locum
953 414 1043 471 ubi
1062 412 1205 471 solus
1224 412 1442 469 cubaret
1463 434 1476 467 :
1516 409 1882 470 ibiVlitheum

286 495 525 576 aliosque
543 497 907 553 nonnullosin
928 518 1053 553 eum
1072 493 1291 552 immifit
1310 534 1327 561 ‚
1363 497 1454 574 qui
1476 495 1644 551 multa
1658 506 1886 573 gemenss-

287 594 400 634 tem
421 579 911 657 lamentantemque
932 584 984 635 &
1010 576 1198 635 frustra
1217 574 1630 634 misericordiam
1656 578 1885 632 cientem

287 659 462 717 verbis
477 702 495 728 ‚
511 658 831 717 conficiunt.
872 658 1165 716 Athauafio
1182 679 1460 739 pepercere
1475 699 1492 725 ‚
1510 660 1722 714 reveriti
1739 655 1886 713 sene-

288 741 429 797 &cam
449 742 629 799 credo.
664 740 915 820 postridie
933 741 1240 799 Areobiucli
1255 759 1416 819 caput
1433 739 1498 796 ad
1511 741 1766 796 Antalam
1786 743 1888 795 mi-

287 821 350 879 fit
368 823 688 890 Gonthari8‚
705 821 790 880 sed
810 824 875 881 de
893 827 1131 901 pecuniis
1148 830 1199 881 δέ
1223 820 1542 890 milite,nihil
1560 842 1748 878 eorum
1769 840 1885 900 quae

287 905 602 983 promiserat
620 903 856 982 praestare
877 905 1168 963 constituit.
1190 907 1411 962 Antalas
1429 922 1546 960 turn
1567 903 1787 982 indigne
1804 899 1888 958 fe-

286 1006 411 1043 rens
432 987 584 1066 quod
599 985 775 1044 secum
794 987 946 1065 pasta
971 1009 1085 1044 non
1107 989 1484 1067 implerentur,
1503 1004 1621 1044 tum
1642 988 1888 1064 cogitans

288 1072 464 1147 qualia
479 1068 802 1126 Areobindo
817 1069 1119 1125 Gontharis
1127 1075 1146 1145 j
1157 1065 1888 1145 urasset,exhorrescebat,qui

288 1149 582 1208 tantasacra
597 1148 953 1207 contemfiffet
970 1149 1065 1207 fibi
1082 1149 1250 1208 fidum
1265 1147 1379 1206 fore
1394 1172 1509 1207 non
1522 1149 1886 1228 sperans.mul-

287 1236 356 1288 tis
372 1236 427 1289 in
447 1254 671 1290 omnem
692 1249 897 1308 partem
920 1234 1139 1299 volutis,
1157 1231 1431 1288 Iustiniani
1451 1253 1530 1288 res
1548 1230 1694 1309 sequi
1713 1231 1886 1309 eligit.

286 1313 364 1369 ob
385 1315 438 1371 id
456 1336 570 1370 non
592 1315 766 1370 multo
786 1311 903 1390 post
922 1311 1391 1392 abit‚ed06tusque
1407 1314 1885 1391 Marcentium‚qui

286 1395 531 1475 legiones
547 1399 601 1452 in
619 1396 845 1473 Byzacio
865 1413 1089 1463 rexerat,
1105 1395 1169 1452 ad
1187 1393 1409 1461 insulam
1428 1395 1696 1474 quandam
1715 1397 1761 1452 ei
1781 1413 1885 1451 orae

287 1478 628 1554 objacentem
647 1475 834 1557 fugiffe
852 1518 869 1545 ‚
894 1474 1048 1534 miffo
1067 1478 1132 1535 ad
1149 1499 1274 1535 eum
1293 1480 1386 1557 qui
1405 1497 1485 1536 res
1503 1498 1696 1535 omnes
1710 1496 1884 1533 narra-

286 1578 369 1615 ret
388 1600 403 1626 ,
432 1558 705 1638 fidemque
726 1561 873 1616 daret
891 1603 905 1624 ,
940 1558 1216 1636 persuadet
1234 1559 1298 1618 ad
1320 1557 1369 1617 se
1398 1577 1460 1617 ut
1477 1563 1676 1618 veniat.
1715 1559 1798 1615 Ex
1817 1578 1883 1616 eo

288 1641 625 1697 Mai-centius
648 1661 772 1696 cum
792 1644 985 1697 Antala
1002 1645 1058 1698 in
1079 1639 1253 1698 castris
1279 1640 1402 1697 fuit.
1446 1644 1561 1709 Qui
1577 1644 1633 1698 in
1658 1643 1882 1718 Byzacio

287 1725 485 1780 milites
498 1721 661 1780 fidem
679 1726 992 1801 Imperatori
1011 1721 1284 1787 servabant
1301 1763 1318 1791 ,
1334 1722 1640 1801 Adrymetti
1660 1723 1882 1780 tutelam

286 1808 428 1862 inter
445 1810 616 1882 prima
631 1825 763 1862 curae
777 1802 877 1862 suae
897 1802 1184 1861 ducebant.
1226 1810 1310 1862 At
1328 1807 1424 1885 qui
1445 1807 1640 1864 Stotzae
1657 1807 1888 1884 partium

286 1884 518 1949 fuerant,
539 1889 682 1945 mille
702 1885 996 1943 admodum
1018 1928 1033 1953 ‚
1051 1891 1287 1966 cognitis
1306 1909 1423 1966 quae
1441 1905 1729 1944 evenerant
1748 1925 1766 1951 ‚
1794 1891 1888 1943 Ιο-’Ἰ

286 1966 462 2025 hanne
493 1969 626 2026 duce
657 1968 721 2026 ad
741 1966 1073 2025 Gontharim
1092 1968 1428 2026 curfitabant.
1464 1971 1509 2026 is
1536 1990 1632 2026 eos
1659 1972 1808 2027 laetus
1827 1971 1888 2036 in}

285 2051 478 2106 urbem
498 2053 712 2129 recepit.
755 2050 919 2107 Erant
940 2049 1135 2108 horum
1167 2053 1404 2109 Romani
1423 2048 1592 2108 ferme
1612 2041 1888 2130 quingen-{

284 2134 346 2193 ti,
367 2134 563 2189 Hunni
582 2134 913 2210 octuaginta,>
928 2153 1043 2211 pars
1062 2134 1263 2212 reliqua
1281 2133 1525 2192 Vandali.
1568 2134 1639 2189 Et
1655 2130 1888 2206 Artaba-l

285 2235 382 2270 nes
415 2230 626 2292 accepta
659 2212 765 2271 fide
795 2218 852 2270 in
883 2216 1133 2292 palatium
1168 2236 1290 2273 cum
1325 2217 1599 2273 Armeniis
1634 2216 1877 2280 veniens,

287 2296 534 2373 promisit
556 2293 605 2352 se
629 2298 885 2373 imperata
912 2296 1241 2355 Gontharidi
1269 2295 1558 2354 facturum.
1590 2299 1725 2354 clam
1744 2299 1876 2353 inte-

284 2382 387 2434 rim
408 2399 592 2435 necem
606 2380 662 2434 —ei
682 2377 1035 2439 machinatur,
1056 2385 1206 2455 cujus
1222 2379 1426 2438 consilii
1443 2380 1722 2458 participes
1739 2375 1875 2435 fece-

284 2480 363 2517 rat
384 2461 719 2540 Gregorium
737 2458 928 2516 sororis
947 2459 1117 2521 filium
1137 2468 1189 2518 &
1210 2460 1497 2518 Artafirem
1516 2460 1797 2517 satellitum
1819 2479 1874 2516 ex

285 2543 494 2599 ordine.
538 2543 839 2619 Gregorius
873 2563 996 2601 eum
1017 2547 1188 2622 magis
1223 2546 1379 2599 etiam
1411 2545 1637 2598 incitans
1653 2541 1762 2599 haec
1785 2542 1873 2597 'lo-

288 2642 444 2681 cutus
460 2621 553 2680 est.
594 2625 706 2679 Dat
727 2622 825 2679 tibi
845 2621 893 2679 se
912 2622 1116 2680 occasio
1133 2664 1149 2689 ,
1167 2623 1470 2681 Artabanes
1486 2669 1500 2689 ,
1517 2622 1743 2682 Belisarii
1759 2623 1872 2702 glo-

286 2710 418 2763 riam
451 2726 562 2761 non
591 2722 805 2761 tantum
837 2703 1079 2782 adipisci,
1117 2705 1202 2764 sed
1235 2712 1289 2763 &
1322 2707 1492 2785 longo
1511 2703 1679 2785 spatio
1702 2703 1871 2783 super-

286 2789 457 2866 gredi.
499 2788 585 2842 ille
604 2790 747 2842 enim
768 2786 1044 2864 ingentem
1065 2790 1353 2846 exercitum
1376 2829 1391 2849 ,
1419 2786 1700 2846 immensas
1721 2806 1870 2863 pecu-

286 2872 402 2928 nias
436 2869 501 2924 ab
524 2874 849 2946 imperatore
878 2866 1081 2926 habens
1100 2909 1117 2935 ‚
1154 2870 1257 2927 huc
1277 2875 1423 2929 venit
1439 2912 1458 2940 ‚
1487 2870 1689 2929 multos
1704 2867 1869 2925 secum

283 2947 566 3031 praefec'cos
582 2990 600 3019 ,
638 2951 843 3010 multos
860 2948 1084 3011 consilio
1114 2952 1384 3029 adjutores
1403 2953 1601 3016 ducens
1618 2994 1637 3027 ‚
1673 2949 1868 3009 claffeni

1740 3047 1866 3110 Pfaef.
