1888 3428
208 143 632 203 Gorrmcffi
671 140 1066 204 H1s‘rosstffi
1103 142 1253 197 LIB.
1288 143 1401 203 IV.
1528 160 1660 222 511.

40 229 249 306 rulique
283 224 550 283 faciebant
582 228 845 304 impetum
874 243 888 278 ε
932 223 1098 301 longe
1131 225 1235 279 alio
1271 227 1354 282 alii
1386 225 1644 286 ruebant:

40 330 344 388 omnesque
365 310 575 388 magnis
593 306 878 364 intervallis
894 305 1034 360 inter
1051 302 1101 359 se
1116 302 1322 361 discreti
1341 308 1531 366 urbem
1546 331 1646 390 op-

39 391 356 470 pugnabant
391 414 404 447 :
465 408 760 467 contraque
802 407 896 443 eos
931 385 1253 465 conglobati
1299 389 1648 450 constiterant

39 465 348 530 defensores
365 509 383 540 ‚
402 476 622 550 vimque
641 467 904 527 arcebant.
947 471 1026 525 At
1045 470 1300 527 maenium
1324 490 1649 551 caetera‚quo

39 554 91 613 se
108 577 225 612 non
244 558 578 634 impegerant
607 554 846 612 Romani
868 591 885 616 ‚
919 571 1083 608 vacua
1107 570 1257 608 erant
1282 548 1309 608 ὲ
1336 573 1651 635 propugna-

39 639 252 694 toribus
267 679 283 704 ‚
315 658 381 694 eo
399 677 414 702 ‚
443 658 499 694 ut
515 637 618 693 dixi
640 674 656 699 2
675 632 995 690 coeuntibus
1014 632 1246 690 Gotthis
1265 634 1360 691 ubi
1381 657 1526 694 arma
1545 636 1650 694 ho-

38 718 172 776 stilia
206 717 608 798 conspexerant.
649 719 801 773 Tum
824 736 953 773 vero
983 714 1219 773 Narsetis
1237 720 1515 777 voluntate
1531 722 1651 777 Da-

36 800 318 882 gisthaeuS‚
365 803 591 858 militem
616 798 791 856 secum
813 796 1164 858 numerosum
1185 800 1398 858 trahens
1415 842 1432 869 ‚
1465 801 1652 880 ipsius-

40 903 148 961 que
165 881 399 941 Narsetis
417 881 739 940 &Iohannis
760 920 777 946 ‚
795 878 952 938 scalas
969 882 1033 940 ad
1052 880 1166 938 haec
1181 885 1230 961 pl
1240 885 1452 948 urimaS‚
1472 906 1652 964 quan-

40 965 165 1023 dam
186 963 215 1022 ὲ
242 969 495 1024 maenium
517 963 756 1041 partibus
785 962 1074 1021 custodum
1095 985 1317 1023 vacuam
1334 964 1541 1024 subitus
1561 969 1650 1025 in·-

39 1051 238 1105 currit:
277 1045 528 1126 scalisque
563 1044 739 1103 statim
771 1047 1031 1105 omnibus
1051 1089 1067 1114 ‚
1110 1053 1312 1128 quippe
1331 1070 1456 1107 cum
1482 1071 1649 1108 nemo

39 1128 315 1186 obfisteret
335 1171 351 1196 ‚
388 1131 450 1186 ad
473 1133 664 1187 maenia
682 1130 955 1209 applicatis
976 1131 1125 1188 nullo
1148 1132 1378 1211 negotio
1412 1153 1473 1188 ea
1489 1129 1650 1212 supe-

36 1215 173 1269 ravit
191 1233 314 1268 cum
335 1210 437 1269 suis
455 1212 740 1268 omnibus·
784 1230 964 1290 portas
977 1213 1171 1270 deinde
1191 1217 1453 1292 aperiunt.
1496 1216 1651 1294 quod

37 1292 195 1351 simul
234 1293 435 1351 Gotthi
468 1290 730 1351 senserant
761 1335 777 1362 ‚
818 1297 1018 1351 nullam
1051 1296 1189 1351 ultra
1223 1300 1280 1352 in
1314 1300 1472 1353 armis
1499 1300 1650 1376 spem

37 1396 324 1454 reponere,
343 1375 429 1433 sed
448 1373 576 1457 fuga
594 1376 642 1432 se
661 1380 937 1456 proripere
952 1418 969 1445 ‚
986 1399 1100 1457 quo
1121 1395 1378 1456 poterant
1395 1383 1644 1459 quisque.

37 1459 264 1515 Horum
287 1459 372 1515 alii
394 1461 448 1515 in
469 1462 804 1516 munitiones
821 1459 962 1538 apud
981 1459 1202 1517 Adriani
1220 1463 1494 1520 tumulum
1517 1460 1650 1520 saltu

37 1537 367 1615 seinjecere:
412 1544 496 1598 alii
514 1541 794 1598 celerrimo
813 1540 967 1599 cursu
997 1545 1052 1599 in
1083 1547 1283 1600 Portus
1310 1546 1579 1623 oppidum
1599 1545 1651 1611 se

38 1625 409 1680 contulerunt.
456 1623 610 1680 Subit
627 1622 712 1681 hic
731 1645 818 1681 me
837 1628 1098 1703 cogitatio
1113 1664 1131 1693 ‚
1148 1646 1313 1704 quam
1332 1627 1520 1686 illudat
1542 1625 1652 1685 for-

37 1723 171 1761 tuna
189 1699 348 1762 rebus
369 1705 617 1762 humanis
633 1744 648 1769 ‚
681 1726 795 1762 non
814 1707 1010 1764 eodem
1027 1704 1229 1784 semper
1243 1707 1413 1767 modo
1430 1708 1651 1767 eosdem

36 1784 289 1844 homines
322 1788 553 1844 trafflans
571 1829 586 1853 ‚
623 1809 800 1867 neque
820 1786 1016 1846 eisdem
1034 1788 1286 1866 aspiciens
1305 1793 1478 1849 oculis
1501 1833 1520 1860 ,
1562 1790 1651 1850 sed

39 1869 153 1926 aliis
172 1870 323 1926 aliam
343 1868 394 1926 se
416 1868 658 1949 praebens
675 1910 692 1937 ‚
727 1892 786 1927 ac
804 1871 971 1929 veluti
989 1873 1045 1927 in
1061 1868 1246 1929 fabula
1263 1871 1481 1931 diverfis
1506 1893 1650 1932 tem-

37 1951 262 2029 poribus
290 1955 529 2032 locisque
565 1950 794 2010 diversas
826 1957 990 2010 etiam
1022 1972 1197 2033 partes
1225 1953 1426 2013 miseris
1444 1951 1650 2015 morta-

17 2032 180 2092 ‘libus
216 2033 511 2114 affignans,
540 2033 804 2113 fiquidem
838 2036 1081 2093 Romam
1113 2040 1262 2115 prius
1293 2038 1648 2116 quiamiserat

36 2113 163 2174 Besa
182 2158 199 2184 ,
213 2117 357 2174 idem
379 2119 645 2175 Romanis
672 2121 919 2176 La'zicam
937 2123 1150 2176 Petram
1167 2118 1475 2199 acquisivit:
1512 2143 1651 2179 con·

39 2213 117 2272 tra
136 2203 228 2278 qui
246 2205 400 2256 Petra
422 2218 481 2256 ut
498 2197 734 2257 hostium
755 2199 905 2259 fieret
930 2201 1079 2258 causa
1095 2200 1268 2260 fuerat
1284 2202 1649 2283 Dagisthaeus‚

38 2301 133 2358 per
154 2303 279 2338 eum
300 2303 412 2339 non
448 2285 625 2350 multo
657 2281 775 2361 post
806 2284 914 2363 ipsa
934 2285 1080 2342 Vrbs
1108 2285 1295 2343 Roma
1326 2291 1651 2365 Imperatori

36 2361 240 2420 reddita
258 2363 352 2422 est.
392 2365 495 2423 Sed
511 2364 621 2423 haec
645 2364 868 2424 :iterum
887 2368 1046 2423 initio
1065 2363 1216 2425 fuere
1233 2365 1440 2447 semper
1457 2411 1475 2437 ‚
1506 2368 1650 2428 sem-

4 2461 8 2464 ’
37 2464 240 2523 perque
258 2466 413 2504 erunt
432 2489 448 2514 ‚
482 2447 743 2525 quamdiu
768 2451 1011 2507 Fortuna
1032 2450 1221 2508 eadem
1240 2471 1321 2509 res
1348 2450 1649 2511 hominum

29 2526 280 2590 versabit.
326 2529 466 2587 Mox
485 2529 676 2588 Narses
695 2534 850 2588 omni
869 2533 1106 2589 exercitu
1134 2534 1188 2590 in
1207 2534 1293 2591 illa
1309 2536 1652 2593 munimenta

38 2629 159 2687 quae
195 2610 259 2668 ad
289 2611 514 2669 Adriani
547 2612 880 2692 sepulchrum
918 2632 1068 2672 erant
1100 2616 1268 2673 vadit.
1311 2620 1394 2692 At
1429 2617 1650 2677 Barbari

0 2768 5 2772 Ι
37 2690 127 2748 illa
143 2690 302 2773 seque
321 2735 337 2761 ,
370 2701 615 2771 pejorum
637 2716 786 2754 metu
804 2740 818 2760 ‚
860 2701 914 2753 δέ
937 2700 1104 2755 vitam
1122 2696 1316 2757 salvam
1337 2700 1477 2777 paCci
1497 2740 1515 2766 ‚
1553 2701 1652 2758 de·-

40 2771 306 2833 diderunt.
350 2778 572 2834 Sextum
603 2796 722 2835 tum
756 2785 811 2836 δέ
845 2778 1154 2838 vicesimum
1187 2784 1517 2862 principatus
1551 2803 1652 2839 an-

43 2873 173 2912 num
191 2856 422 2915 habebat
454 2858 775 2917 Iustinianus
793 2881 906 2939 quo
927 2864 1227 2940 imperante
1245 2867 1503 2942 quintum
1526 2883 1647 2921 turn

2 2995 11 3004 ,
38 2954 190 3018 capta
206 2941 390 2999 Roma
406 2940 480 2999 est
497 2984 511 3008 ‚
535 2963 632 3002 nec
647 2941 855 3004 cessavit
873 2944 1064 3004 Narses
1083 2946 1146 3004 ad
1166 2966 1292 3004 eum
1312 2946 1480 3004 claves
1500 2945 1649 3002 urbis

50 3043 56 3048 ·
80 3057 82 3062 s
140 3038 142 3041 ’
1515 3043 1646 3083 mit—
