1888 3428
1451 77 1473 105 Q
1557 93 1560 96 .

219 183 1118 255 GOTTH1CAE1H15T0R1AE
1157 184 1457 244 L113.1V.
1541 202 1663 262 439

42 268 288 329 nativum
343 270 632 349 accepturi.
679 265 895 325 Barbari
947 270 1248 343 primorum
1299 267 1520 324 suorum
1554 284 1664 322 tres

20 355 249 432 'exiguo
303 363 429 409 cum
476 354 740 410 comitatu
775 352 831 406 in
865 350 1119 406 Laxicam
1169 345 1289 405 fine
1314 369 1468 405 mora
1503 347 1663 405 mise-

42 457 116 493 re.
158 435 237 491 Hi
272 432 561 514 postquam
592 433 948 499 advenerant,
982 430 1233 489 labor-um
1270 431 1541 488 Romanis
1575 431 1664 488 so-

34 520 144 582 cii,
185 537 281 573 eos
314 537 440 575 cum
474 516 714 574 viderent
755 512 1010 571 sollicitos
1044 512 1285 592 nihilque
1330 511 1535 569 consilii
1572 535 1665 569 ex-

44 598 324 679 pedientes
353 640 372 667 ‚
420 619 631 656 novum
668 595 1082 661 machinamenti
1114 599 1403 655 inveniunt
1453 589 1668 674 genus,

44 680 197 763 quod
211 680 278 738 ab
296 700 420 739 ortu
451 680 671 740 humani
704 682 915 761 generis
948 699 1064 736 non
1093 677 1289 740 Persae,
1320 697 1436 734 non
1452 678 1668 734 Roma-

45 784 212 822 mano
238 766 491 845 cuiquam
509 768 563 820 in
585 781 825 837 mentem
862 780 1075 819 venerat
1103 803 1119 832 ‚
1151 782 1276 818 cum
1311 762 1499 817 talium
1536 762 1667 816 arti-

44 845 172 904 fices
193 846 353 904 multi
386 850 444 903 in
474 863 708 925 utroque
741 849 971 924 imperio
990 842 1194 903 fuerint
1215 887 1230 908 ,
1273 841 1484 923 sintque
1520 862 1667 899 nunc

46 933 210 988 etiam
233 930 250 990 J
284 933 336 985 &
353 924 483 1007 saepe
505 948 845 1008 unoquoque
871 925 1061 986 saeculo
1079 928 1168 984 tali
1186 944 1506 984 commento
1525 945 1667 1004 opus

44 1013 210 1070 fuerit
231 1051 248 1077 ‚
281 1015 496 1090 quoties
515 1015 854 1068 munimenta
871 1014 924 1066 in
939 1013 1071 1068 locis
1089 1009 1277 1088 asperis
1297 1029 1355 1066 ac
1373 1003 1669 1088 confrago-

45 1094 111 1152 fis
141 1090 314 1172 posita
366 1093 844 1175 oppugnabantur.
887 1094 1115 1150 Nemini
1149 1095 1367 1149 interim
1409 1108 1533 1147 ante
1565 1090 1669 1146 hos

41 1175 315 1234 Barbaros
330 1178 447 1233 talis
463 1177 650 1234 incidit
669 1179 944 1256 cogitatio,
993 1179 1078 1233 Sic
1099 1197 1223 1233 curn
1259 1170 1503 1255 proceffu
1526 1189 1671 1230 tem-

45 1262 194 1340 poris
224 1260 388 1314 etiam
427 1279 506 1314 res
538 1279 708 1316 novas
739 1262 980 1316 invenire
1012 1276 1155 1315 amat
1187 1255 1434 1314 humanae
1470 1258 1670 1311 mentis

46 1359 256 1399 natura.¹
296 1341 546 1396 Arietem
581 1344 782 1420 quippe
817 1340 998 1397 edoffi
1028 1339 1290 1398 anemine
1324 1336 1585 1395 fabricant
1613 1335 1669 1392 hi

47 1423 302 1486 Barbari,
325 1442 441 1478 non
460 1420 682 1479 solitum
702 1427 756 1479 in
777 1424 1008 1480 modum
1027 1464 1044 1491 ,
1067 1421 1152 1480 sed
1170 1420 1197 1478 a
1216 1440 1390 1479 vetere
1407 1422 1670 1476 immuta-

46 1524 182 1564 tum.
225 1504 425 1584 Neque
441 1506 587 1562 enim
607 1506 672 1562 ad
710 1527 853 1585 opus
886 1503 1229 1563 efficiendum
1268 1502 1443 1559 trabes
1482 1501 1670 1559 admo-

47 1607 178 1648 vent
193 1588 542 1667 tetstasatque
563 1585 881 1644 transversas
903 1610 918 1654 3
955 1586 1044 1645 sed
1066 1588 1476 1667 virgas'eximiae
1492 1581 1673 1639 craffi-

44 1670 249 1730 tudinis
267 1665 391 1726 cum
410 1672 550 1726 inter
582 1668 631 1725 se
664 1670 935 1749 colligatas
968 1690 1030 1726 ex
1067 1671 1220 1725 omni
1242 1679 1386 1745 parte
1419 1664 1485 1721 fic
1503 1661 1674 1721 locas-

44 1751 195 1818 sent,
230 1754 362 1809 utin
378 1754 552 1807 arietis
573 1748 837 1808 testudine
859 1752 1022 1808 locari
1055 1748 1230 1808 trabes
1268 1747 1475 1810 solent,
1515 1750 1669 1803 corio

48 1833 384 1900 machinam,
419 1830 592 1911 specie
631 1851 848 1890 externa
884 1833 949 1890 ab
985 1836 1147 1890 ariete
1183 1834 1269 1889 vix
1306 1829 1673 1896 differentem,

46 1917 348 1997 obtegunt.
393 1914 576 1972 medio
597 1919 709 1991 ejus
731 1955 748 1982 ,
776 1918 850 1973 ita
872 1933 930 1971 ut
964 1937 1086 1972 mos
1118 1912 1312 1983 habet,
1347 1913 1413 1970 de
1447 1912 1676 1969 mobili-

50 1999 154 2057 bus
183 1999 381 2056 catenis
417 2018 583 2054 unam
624 1996 832 2054 trabem
875 1996 1293 2077 suspenderant,
1325 2000 1479 2071 cujus
1512 2011 1673 2073 caput

50 2100 334 2141 exacutum
364 2076 620 2160 ferroque
653 2079 903 2137 vestitum
924 2120 939 2141 ,
976 2081 1123 2137 velut
1154 2079 1352 2160 sagittae
1389 2076 1674 2156 spiculum,

53 2162 316 2223 maenibus
336 2162 524 2219 crebro
562 2165 790 2242 impingi
822 2160 1066 2219 debebat.
1116 2164 1261 2219 Tam
1292 2163 1467 2218 levem
1489 2177 1675 2218 autem

52 2246 352 2305 machinam
371 2241 607 2301 fecerant
625 2285 642 2313 ‚
678 2263 735 2301 ut
754 2243 821 2301 ab
841 2248 905 2302 iis
922 2249 1013 2322 qui
1034 2248 1179 2302 intus
1195 2242 1430 2303 latebant
1445 2282 1463 2310 ‚
1491 2242 1677 2300 homi-

53 2328 213 2387 nibus
229 2347 405 2408 neque
425 2325 559 2384 trahi
575 2348 750 2406 neque
769 2327 972 2407 impelli
991 2324 1190 2385 necesse
1205 2323 1422 2384 haberet
1439 2366 1455 2392 ‚
1488 2324 1575 2383 sed
1592 2328 1676 2382 vi-

56 2414 99 2470 ri
134 2411 482 2491 quadraginta
517 2451 534 2477 ,
580 2409 745 2467 iidem
783 2412 877 2490 qui
917 2407 1122 2467 incussu
1156 2432 1213 2467 ac
1247 2408 1472 2466 redutstu
1508 2405 1675 2464 trabis

57 2490 576 2553 maenialabefactare
606 2491 967 2570 susceperant,
1002 2495 1139 2549 intra
1161 2490 1459 2550 machinam
1489 2487 1679 2556 abditi,

60 2580 320 2657 corioque
345 2575 510 2642 teoti,
548 2575 700 2631 nullo
727 2571 909 2630 labore
941 2578 1071 2633 novi
1103 2576 1254 2632 modi
1283 2576 1504 2630 arietem
1539 2592 1675 2652 por-

59 2675 251 2716 tarent.
269 2676 376 2715 tres
391 2659 555 2737 igitur
574 2659 643 2715 illi
665 2654 882 2713 Barbari
900 2660 1027 2714 tales
1042 2657 1251 2736 aliquot
1269 2653 1441 2713 facere
1469 2653 1676 2712 machi-

62 2761 190 2809 naS‚
226 2762 288 2798 ex
325 2741 427 2798 illis
459 2738 745 2803 arietibuS‚
782 2760 924 2818 quos
956 2741 1194 2797 Romani
1229 2747 1337 2815 jam
1367 2756 1490 2795 ante
1525 2757 1678 2815 para-

63 2839 153 2880 tos
190 2821 488 2900 pertrahere
516 2821 580 2880 ad
614 2841 800 2878 muros
831 2826 1146 2902 nequierant
1169 2864 1184 2884 ,
1217 2821 1403 2878 sumtis
1435 2817 1678 2877 trabibus
1704 2818 1706 2820 ’

66 2910 122 2962 δε
157 2901 510 2983 ferramentis.
569 2906 816 2985 Singulas
857 2903 1036 2962 dilecti
1070 2903 1304 2962 subeunt
1340 2905 1533 2960 milites
1562 2920 1681 2956 non

70 2989 250 3046 minus
265 2986 616 3068 quadraginta
637 3028 655 3057 ‚
688 2984 1027 3066 portatasque
1064 3008 1232 3067 prope
1263 2987 1452 3043 maenia
1482 2984 1685 3040 locant.

916 3069 1008 3125 Ee
1055 3090 1096 3143 4
1599 3062 1691 3126 Ad
