1888 3428
242 191 327 265 76
492 191 499 194 “
556 182 931 240 PRo'coPu
974 176 1506 237 CAEsAREEan

235 280 405 344 portu
438 261 624 343 egreffi
643 284 843 342 magno
863 282 987 318 cum
1009 262 1246 340 peric-ulo
1268 279 1459 317 navem
1478 255 1837 328 anchorisada

239 348 520 413 vinciunt:
564 366 693 402 mox
717 346 810 401 ubi
838 346 1100 420 Hippona
1130 345 1336 421 regium
1356 359 1669 419 pervenerat
1686 344 1834 398 Beli-

239 427 434 495 sarius,
471 429 640 483 mittit
675 425 740 483 ad
772 447 899 482 eum
920 426 985 481 de
1016 422 1119 481 suis
1152 420 1497 488 BonifaciUS,
1543 420 1740 501 eosque
1775 426 1834 480 in

237 511 446 589 templo
465 508 694 566 desidere
721 506 880 584 jubet
897 528 955 563 ac
974 509 1217 563 nuntiare
1242 543 1261 570 ‚
1293 501 1470 561 missos
1488 503 1537 562 se
1566 502 1836 561 assonifa-
1863 518 1865 522 ‘

237 595 324 649 cio
349 590 567 648 custode
602 611 775 668 opum
810 590 1121 646 GelimeriS.
1165 588 1300 643 Non
1331 586 1538 655 dififflm
1573 585 1669 645 ubi
1688 583 1850 648 effen

237 674 418 732 donec
449 671 556 729 fide
592 689 805 750 accepta
838 689 1013 728 certus
1044 669 1197 727 fieret
1221 666 1283 730 sse
1313 671 1548 747 pretium
1566 683 1835 726 tantarum
1882 735 1888 740 ἱ

237 756 545 813 divitiarum
565 775 697 833 quas
733 752 962 810 traderet
994 752 1305 810 habiturum
1338 755 1502 808 vitam
1532 757 1586 808 δε
1619 771 1702 807 res
1721 748 1836 806 suas

236 834 415 894 salvas·
456 840 633 893 Laetus
665 836 771 892 hoc
789 837 987 892 nuntio
1015 841 1419 909 juramentum,
1452 849 1511 890 ut
1529 831 1835 910 petebatur,

237 920 386 977 dedit
417 915 687 976 Belisarius
717 942 730 974 ε
770 938 972 996 perque
1006 915 1290 973 familiares
1321 936 1512 995 gazam
1547 916 1838 971 Gelimeris

236 1004 440 1079 accepit
459 1040 476 1065 ,
504 998 844 1056 Bonifacium
878 1019 1007 1055 vero
1028 996 1222 1055 dimisit
1252 1018 1431 1055 rerum
1451 996 1660 1055 suarum
1682 1016 1838 1053 com-

238 1099 429 1162 potem
449 1089 502 1139 &
523 1103 712 1139 eorum
739 1102 856 1158 quae
875 1101 938 1136 ex
970 1080 1236 1137 Gelimeri
1266 1077 1501 1159 possessis
1537 1099 1650 1136 non
1670 1098 1838 1157 pauca

235 1163 577 1222 subduxerat.
611 1181 673 1220 ut
692 1161 1078 1240 Carthaginem
1118 1162 1308 1224 rediit,
1341 1161 1616 1219 Vandalos
1644 1179 1841 1218 omnes

236 1264 526 1326 paratsvere
558 1265 709 1301 novo
742 1245 1062 1321 Byzantium
1082 1246 1295 1300 mittere
1326 1249 1380 1300 &
1415 1262 1723 1321 recuperare
1755 1262 1842 1298 ar·-

235 1332 340 1384 mis
370 1368 388 1395 ,
440 1347 558 1405 quae
607 1327 992 1382 Romanorum
1037 1325 1315 1403 quondam
1348 1326 1561 1403 imperii
1587 1322 1841 1382 Vandalis

234 1411 398 1467 etiam
416 1424 546 1465 tunc
563 1406 902 1464 tenebantur.
943 1411 1006 1462 In
1031 1407 1089 1463 id
1108 1406 1376 1485 Cyrillum
1395 1408 1572 1462 multo
1590 1425 1714 1463 cum
1734 1408 1842 1463 mi-

233 1492 328 1547 lite
350 1490 643 1546 Sardiniam
662 1507 841 1568 petere
852 1486 1009 1563 jubet
1033 1532 1048 1553 ‚
1078 1490 1353 1546 Tzazonis
1373 1505 1530 1567 caput
1550 1485 1832 1545 ferentem.
1884 1521 1888 1526 ·

232 1575 490 1650 Namque
511 1577 624 1647 ejus
641 1569 817 1628 iusulae
838 1569 1168 1627 habitatores
1199 1571 1386 1628 adduci
1409 1569 1554 1627 facile
1572 1568 1712 1626 haud
1734 1591 1838 1647 po·-

233 1671 409 1711 terant
423 1671 482 1708 ut
497 1653 776 1711 Romanas
793 1672 875 1708 res
906 1649 1254 1730 sequerentur
1273 1670 1421 1709 metu
1442 1649 1863 1730 Vandalorum„

228 1742 293 1807 κδε
326 1756 391 1791 ue
425 1731 546 1790 falsa
564 1731 726 1791 effent
745 1754 863 1811 quae
894 1733 960 1789 de
991 1752 1180 1790 eorum
1214 1733 1358 1791 clade
1376 1732 1440 1790 ad
1458 1734 1836 1792 Tricamarum

234 1815 563 1874 ferebantur.
608 1815 799 1872 Eidem
831 1814 1037 1893 Cyrillo
1057 1833 1413 1893 praeceptum,
1447 1831 1652 1893 partem
1672 1835 1835 1893 quam

234 1915 298 1957 ut
315 1902 580 1956 exercitus
594 1901 649 1961 in
668 1894 942 1953 Corsicam
961 1898 1216 1963 mitteret,
1234 1903 1287 1954 δε
1302 1896 1435 1954 hanc
1449 1918 1671 1975 quoque
1685 1900 1837 1954 Van-

232 1981 483 2038 dalorum
513 1995 782 2035 exemtam
817 1980 1047 2056 imperio
1069 1981 1337 2036 Romanis
1355 1979 1614 2036 redderet.
1662 1980 1837 2057 Cyre-

234 2083 338 2120 nus
369 2064 418 2118 ei
447 2061 624 2118 insulae
656 2081 861 2117 nomen
878 2079 1031 2117 vetus
1051 2099 1066 2126 ,
1095 2058 1221 2118 situs
1239 2061 1476 2118 Sardinia
1505 2081 1620 2118 non
1648 2061 1857 2140 longe„

232 2146 321 2202 ille
350 2144 623 2200 Tzazonis
653 2145 821 2221 capite
845 2142 1016 2199 Sardis
1049 2138 1261 2200 ostenso
1294 2161 1580 2222 utramque
1606 2140 1833 2201 insulam
1865 2201 1887 2211 ,Ἰ

233 2225 331 2283 sub
352 2227 605 2287 Romana
622 2223 828 2281 tributa
846 2224 1068 2303 redegit.
1110 2228 1332 2283 Interim
1355 2224 1645 2283 Caesaream
1665 2224 1833 2282 Mau-

231 2310 434 2365 ritaniae
458 2309 686 2364 mittitur
718 2305 747 2362 a
763 2305 1014 2363 Belisario
1032 2305 1294 2365 Iohannes
1313 2349 1331 2375 ,
1366 2306 1629 2387 pedestres
1649 2327 1714 2363 eo
1734 2328 1833 2363 co-

233 2392 344 2469 pias
362 2389 643 2447 dutffurus,
685 2391 905 2467 triginta
938 2388 1145 2447 dierum
1177 2393 1364 2447 itinere
1387 2388 1716 2469 Carthagine
1747 2389 1833 2445 di-

230 2471 331 2533 stat
348 2470 559 2527 homini
573 2471 727 2526 celeri
747 2511 765 2538 ‚
802 2469 986 2527 Gades
1006 2471 1182 2528 versus
1201 2479 1253 2530 δε
1274 2473 1526 2528 Herculis
1547 2474 1829 2538 columnas

233 2557 418 2627 eunti,
458 2556 588 2619 mari
607 2550 800 2620 adsita,
837 2573 1032 2630 magna
1030 2552 1440 2631 antiquitus&
1477 2552 1686 2631 populo
1720 2549 1851 2609 fre-⁵

232 2644 425 2714 qnenS.
465 2636 654 2690 Alium
683 2632 1030 2701 Iohanne—212(³
1064 2633 1282 2691 suorum
1313 2631 1387 2691 sat
1421 2636 1600 2697 llitum
1634 2654 1828 2702 unum,

228 2718 305 2773 ire
333 2715 488 2791 jubet
517 2714 790 2773 Belisarius
821 2715 886 2773 ad
921 2715 1254 2774 Gaditanum
1279 2645 1479 2855 fretssm
1501 2724 1555 2774 δε
1578 2717 1831 2773 Herculis

231 2800 608 2860 columnarum
634 2800 847 2856 alteram
865 2839 879 2860 ‚
904 2801 1121 2878 Septam
1147 2795 1360 2856 castellu
1437 2799 1560 2857 inde
1578 2800 1830 2877 nonlon-

232 2901 304 2960 ge
321 2897 731 2958 occupaturum.
772 2884 851 2936 At
870 2883 926 2937 in
941 2901 1025 2937 eas
1040 2900 1157 2957 quae
1176 2879 1203 2936 Ξῑ
1219 2863 1463 2938 faucibus
1483 2882 1688 2938 Oceani
1714 2899 1827 2937 non

230 2966 306 3028 ita
324 2964 555 3041 multum
576 2960 819 3040 abjacent
834 2959 1028 3023 insulas
1044 2960 1277 3025 Ebusam
1297 3002 1316 3033 ‚
1348 2962 1689 3040 Majoricam,
1709 2960 1826 3020 Mi·-

1672 3060 1822 3103 notk·
