1888 3428
175 157 616 222 GoT'r'fflcffi
656 161 1060 220 H1s⁶roR1AE
1103 165 1389 225 LIB.VIV.
1515 185 1628 244 445

28 248 78 306 la
94 244 180 327 spe
200 249 399 326 reliqua
419 287 436 314 ‚
468 245 596 303 nihil
616 242 906 325 profecturi
925 244 1188 302 victorem
1210 247 1477 306 morando
1495 292 1510 313 ,
1528 270 1638 305 no-

31 331 179 387 luere
212 347 394 386 tamen
426 331 482 385 in
514 327 750 385 hostium
771 328 950 384 venire
965 325 1286 404 potestatem
1307 367 1322 389 ‚
1359 328 1444 386 sed
1470 329 1642 387 hosti-

32 411 137 469 bus
171 410 532 490 spe-&antibus
566 406 1058 487 admirantibusque
1103 429 1227 465 cum
1264 429 1380 467 arce
1417 409 1521 488 ipsa
1558 433 1642 468 ar-

30 494 219 551 dentes
253 496 541 571 perierunt.
591 492 797 568 Quanti
827 493 1028 548 Lazicae
1060 487 1432 570 possessionem
1455 488 1644 550 fecerit

37 572 310 633 Chosroes
331 616 347 642 ‚
378 591 510 631 tunc
544 574 803 652 apparuit.
847 592 970 629 nam
991 579 1044 629 δε
1082 574 1317 630 militum
1348 572 1644 631 strenuiffi-

34 677 160 714 mos
180 696 197 722 ‚
234 657 461 715 dilthos
479 657 714 733 undique
731 697 747 720 ,
780 659 950 713 Petrae
971 653 1270 733 praefidium
1293 655 1537 714 dederat:
1585 662 1644 712 &

20 758 313 797 ‘armorum
346 756 548 796 tantam
579 737 654 794 ibi
681 737 892 814 copiam
922 737 1277 795 collocaverat
1298 777 1313 799 ‚
1362 756 1421 795 ut
1441 759 1564 795 cum
1583 760 1644 795 ea

35 822 289 900 diriperet
306 822 591 878 Romanus
611 820 875 876 exercitus
893 859 910 886 ‚
930 821 1086 876 militi
1109 823 1303 898 cuique
1324 820 1448 877 inde
1472 842 1646 877 arma-

35 921 153 960 tura
182 906 346 982 quina
375 902 685 981 obtingeret
705 942 723 967 ,
766 920 953 980 praeter
972 904 1140 959 multa
1166 923 1285 980 quae
1308 907 1436 958 arcis
1453 905 1646 959 incen-

35 985 129 1042 dio
163 982 638 1063 conflagraverant.
672 979 938 1041 frumenti
957 1004 1082 1041 vero
1103 1024 1121 1050 ,
1157 984 1498 1063 conditaeque
1531 1005 1646 1041 car—

35 1069 118 1124 nis
142 1072 196 1123 &
216 1067 387 1123 victus
406 1069 577 1125 caeteri
612 1069 724 1122 vim
743 1083 946 1123 tantam
968 1106 983 1134 ‚
1015 1084 1074 1123 ut
1093 1086 1187 1145 per
1205 1070 1645 1146 quinquennium

36 1144 255 1205 obsessis
287 1145 518 1205 sufficere
551 1147 736 1227 poffet.
781 1150 990 1206 Vinum
1009 1147 1171 1206 Persae
1200 1150 1410 1206 nullum
1445 1149 1520 1205 ibi
1541 1170 1645 1227 po-

34 1227 280 1298 suerant,
312 1229 408 1287 nisi
440 1251 593 1287 acore
629 1226 834 1286 fafftum
868 1230 1133 1287 durabile.
1177 1251 1307 1288 mox
1328 1251 1451 1288 cum
1484 1236 1649 1288 etiam

37 1333 231 1391 aquam
251 1315 463 1370 exlocis
493 1308 839 1369 inferioribus
872 1312 1237 1369 exundantem
1258 1312 1650 1371 animadverte-

38 1412 169 1452 runt
199 1395 438 1451 Romani
459 1436 475 1461 ,
518 1390 800 1473 stupefacti
834 1391 1059 1462 haesere,
1094 1394 1271 1452 donec
1302 1394 1365 1452 in'
1393 1397 1650 1454 notitiam

42 1476 354 1534 abditorum
374 1477 649 1534 alveorum
672 1493 951 1533 venerunt.
994 1475 1050 1534 id
1068 1477 1222 1554 quale
1241 1476 1303 1534 sit
1321 1517 1338 1546 ‚
1357 1498 1646 1555 exponam.
1675 1512 1679 1516 ·

43 1559 195 1616 Cum
213 1564 425 1616 Petram
447 1556 720 1616 Chosroes
740 1575 947 1634 captam
966 1557 1206 1638 praefidio
1220 1557 1492 1625 firmaffet,
1506 1558 1652 1617 haud

39 1640 297 1698 dubitans
317 1645 450 1719 quin
469 1643 699 1697 omnino
729 1637 995 1697 obseffum
1025 1644 1237 1698 venturi
1257 1640 1421 1697 effent
1438 1641 1654 1697 Roma-
1733 1661 1735 1663 ·

40 1725 98 1780 ni
131 1729 184 1780 &
211 1743 470 1802 aquarum
507 1726 614 1779 vias
635 1721 860 1779 diruturi
881 1762 898 1789 ,
930 1721 1218 1779 sollertiam
1255 1721 1519 1780 adhibuit.
1563 1724 1654 1780 Ο-

43 1825 228 1862 mnem
260 1826 455 1884 aquam
475 1806 531 1860 in
569 1802 757 1860 urbem
778 1824 895 1881 quae
925 1801 1106 1861 influit
1135 1807 1190 1862 in
1209 1822 1315 1861 tres
1333 1804 1654 1864 didu&utus

41 1904 215 1964 partes
234 1928 250 1954 ,
295 1887 398 1943 alte
417 1885 513 1943 sub
545 1903 741 1943 terram
770 1882 916 1941 fac‘to
935 1885 1145 1943 castello
1162 1926 1180 1953 ‚
1214 1887 1339 1944 inde
1358 1905 1465 1944 tres
1493 1909 1653 1945 cana-

39 1969 119 2025 les
138 1972 418 2035 excitavit,
449 1990 621 2025 unum
652 1968 716 2025 ad
738 1969 929 2024 castelli
958 1965 1174 2034 infima,
1203 1990 1366 2047 quem
1385 1969 1655 2048 lapidibus

44 2049 290 2131 fimoque
321 2050 618 2130 superje&o
638 2047 989 2108 abscondidit.
1031 2050 1097 2108 ad
1118 2052 1357 2108 medium
1379 2050 1654 2109 castellum

47 2135 158 2213 pari
178 2133 347 2191 modo
376 2137 668 2190 occultavit
694 2135 949 2190 alterum:
993 2138 1214 2191 tertium
1232 2130 1359 2190 fecit
1375 2132 1526 2213 supra
1544 2155 1656 2191 ter-

45 2236 160 2272 ram
178 2219 509 2272 eminentem
529 2212 989 2294 conspicuumque
1005 2216 1377 2283 omnibus,ita
1396 2234 1456 2272 ut
1479 2238 1656 2295 aquae-

30 2297 243 2356 *duetus
272 2298 443 2355 tribus
493 2297 639 2375 quasi
671 2297 1173 2376 contignationibus
1218 2297 1655 2378 distingueretur.

49 2378 104 2437 id
123 2400 248 2437 cum
266 2383 425 2436 initio
446 2377 743 2454 oblidionis
763 2377 1024 2436 nescirent
1044 2382 1320 2447 Romani,
1358 2403 1480 2438 cum
1500 2382 1654 2438 illum

51 2464 143 2541 qui
176 2461 463 2541 apparebat
494 2462 729 2518 canalem
761 2460 1075 2536 disjecissent
1096 2502 1112 2527 ,
1165 2484 1264 2519 nec
1298 2463 1362 2520 ad
1384 2461 1655 2520 castellum

50 2541 216 2622 usque
250 2540 638 2623 penetrassent,
672 2541 758 2599 sed
789 2541 1177 2602 intermififl'ent
1196 2565 1336 2623 opus
1368 2562 1487 2600 ante
1508 2545 1656 2602 urbis

52 2625 319 2684 excidium
338 2668 354 2694 ‚
390 2647 490 2704 pro
508 2646 654 2684 certo
672 2623 944 2685 habebant
963 2648 1097 2705 aqua
1115 2625 1348 2684 obseffos
1366 2624 1539 2692 defici,
1563 2626 1658 2685 de-

54 2701 193 2796 cepti
210 2710 474 2786 opinione
508 2729 601 2788 per
631 2706 897 2766 scrutandi
914 2711 1194 2767 incuriam.
1237 2712 1390 2768 Dum
1410 2707 1659 2766 traheba-

54 2804 145 2845 tur
161 2788 371 2848 obsidio
391 2831 407 2858 ‚
437 2813 501 2848 ex
520 2790 740 2868 captivis
761 2811 900 2869 quos
918 2793 1060 2848 nacti
1078 2809 1230 2849 erant
1257 2791 1494 2848 Romani
1524 2790 1660 2847 didi-

56 2889 236 2928 cerant
267 2894 462 2952 aquam
496 2869 714 2930 obsesfis
748 2894 842 2952 per
876 2874 1114 2930 canalem
1146 2872 1446 2952 suppetere.
1499 2871 1574 2927 ob
1603 2870 1657 2927 id

53 2952 245 3036 iterato
281 2952 522 3017 fodiendi
550 2955 734 3018 labore
763 2952 1055 3018 secundum
1091 2976 1254 3037 quem
1287 2955 1395 3015 dixi
1418 2953 1657 3090 casalem

1511 3052 1661 3112 epre-
