1888 3428
219 169 661 228 GoTTHICAE
703 164 1072 225 HISTORIAE
1112 168 1357 226 LIB.II.
1464 238 1473 248 x
1514 186 1622 244 231

21 250 138 309 dies
156 270 283 308 cum
314 272 495 310 rerum
525 248 925 310 necessariarum
947 253 1102 328 copia
1122 248 1283 306 nobis
1315 248 1512 307 aderit:
1554 250 1629 307 illi

20 353 126 391 nos
141 331 705 413 difficultatibus,quas
718 331 950 411 patimur
968 330 1255 409 expedient
1271 354 1284 387 :
1303 333 1374 389 illi
1388 333 1626 389 telorum

20 419 248 494 procella
264 416 500 477 hostium
517 415 678 475 castra
692 413 1052 472 obruent.Ob
1068 413 1122 471 id
1139 411 1170 479 ὲ
1183 434 1236 468 re
1248 415 1481 489 judicavi
1498 417 1553 469 in
1573 416 1631 471 il=

19 500 200 556 lorum
219 482 512 578 adventum
532 497 740 559 differre
759 500 1080 576 praelium,&
1104 513 1278 552 tutam
1300 515 1536 575 quaerere
1552 498 1632 552 vi-

20 581 250 638 t'ftoriam
264 626 278 648 ‚
301 604 465 662 quam
482 579 934 661 'perinconsultam
955 576 1207 636 ferociam
1227 599 1340 635 rem
1362 576 1631 634 summam

19 664 76 719 in
91 662 368 727 discrimen
384 666 752 744 projicere.Vt
768 681 949 719 autem
964 683 1124 742 quam
1138 664 1373 740 primum
1391 663 1628 717 veniant³

20 766 177 802 mora
194 750 346 803 omni
368 747 594 825 abrupta
614 786 629 814 ‚
649 766 756 826 ego
777 746 979 803 videro,
1023 747 1129 801 His
1147 765 1271 801 cum
1290 743 1487 801 solatiis
1503 743 1629 797 Ro-

18 848 211 884 manos
228 827 503 885 Belisarius
520 827 736 886 dimisit.
773 827 1056 907 statimque
1070 829 1405 907 Procopium
1422 866 1439 893 ,
1469 823 1632 901 hujus

16 906 328 990 scriptorem
357 910 582 968 historiae
602 951 618 978 ,
648 910 942 990 Neapolim
956 910 1114 985 jubet
1143 913 1250 978 ire,
1280 930 1392 990 quo
1415 906 1630 964 miffum

15 995 360 1071 Imperatoris
390 996 685 1050 exercitum
722 1013 914 1050 rumor
948 995 1255 1073 vulgaverat
1288 1034 1306 1061 ,
1365 988 1632 1069 navesque

14 1074 237 1152 implere
271 1073 586 1144 frument0‚
620 1083 675 1135 δε
707 1077 905 1133 milites
938 1077 1268 1154 propellere,
1304 1092 1425 1132 tum
1460 1091 1631 1153 quote-

14 1175 157 1235 quot
189 1160 452 1236 Byzantio
479 1157 742 1218 venissent
760 1199 778 1226 ,
825 1177 944 1214 tum
963 1155 1000 1214 fi
1030 1161 1124 1238 qui
1157 1158 1221 1216 ad
1242 1177 1510 1238 equorum
1532 1177 1631 1212 cu-

13 1258 128 1295 ram
148 1239 390 1299 causasve
407 1243 527 1298 alias
546 1239 621 1298 ibi
641 1242 977 1304 reliffitierant
1002 1281 1019 1307 ‚
1063 1261 1304 1319 quorum
1321 1243 1378 1296 in
1399 1240 1633 1316 Campa-

15 1323 106 1377 nia
123 1341 385 1402 magnum
407 1319 506 1380 effe
523 1324 857 1380 intellexerat
890 1343 1200 1379 numerum.
1244 1319 1504 1401 quosdam
1529 1327 1581 1376 &
1603 1318 1636 1377 ἐ

14 1401 516 1481 praefidiisillorum
549 1406 800 1463 locorum
835 1404 1026 1463 adduci
1069 1404 1223 1479 jubet
1259 1426 1272 1460 ε
1332 1401 1634 1482 omnesque

17 1505 145 1542 cum
173 1482 454 1545 frumento
472 1490 876 1567 quamprimum
910 1488 1092 1545 venire
1126 1485 1337 1544 Ostiam
1358 1527 1375 1554 ‚
1418 1486 1634 1542 Roma-'-

14 1587 220 1625 norum
251 1572 446 1627 navale.
490 1572 679 1627 Noffitu
709 1567 941 1649 egressus
971 1572 1276 1648 Procopius
1311 1590 1433 1625 cum
1454 1569 1633 1623 Mun-

14 1648 123 1707 dila
140 1649 356 1708 satellite
376 1657 430 1709 &
450 1651 727 1730 equitibus
755 1653 1027 1708 nonnullis
1045 1693 1062 1719 ‚
1100 1669 1313 1728 portam
1345 1672 1464 1729 quae
1484 1649 1634 1706 Pauli

14 1730 274 1811 Apostoli
293 1753 496 1791 nomen
519 1730 728 1811 praefert
745 1732 999 1791 transiens
1026 1778 1040 1798 ‚
1076 1730 1264 1811 fefellit
1285 1731 1524 1790 hostium
1546 1752 1636 1787 ca-

14 1811 123 1871 stra
154 1815 221 1872 ad
253 1819 489 1895 Appiam
523 1819 664 1872 viam
687 1813 872 1895 pofita.
915 1815 1210 1893 Postquam
1243 1816 1484 1872 Romam
1504 1835 1633 1871 cum

17 1894 294 1975 equitibus
311 1897 465 1956 rediit
482 1897 760 1955 Mundilas
780 1937 795 1962 ,
829 1904 880 1956 δε
899 1897 1040 1955 haud
1058 1897 1223 1955 dubie
1237 1904 1345 1972 jam
1366 1899 1634 1961 intatftum

16 1976 253 2037 barbaris
285 1983 622 2059 Procopium
656 1982 714 2037 in
737 1980 1096 2060 Campaniam
1128 1977 1391 2039 advenisse
1415 1983 1634 2036 nuntia-

17 2062 128 2130 vit,
159 2064 361 2143 quippe
395 2084 520 2121 cum
552 2066 719 2119 moris
750 2061 988 2120 hostium
1005 2085 1119 2120 non
1142 2061 1276 2129 ,esset
1296 2084 1388 2142 per
1408 2064 1632 2119 nostem

19 2140 50 2199 ὲ
66 2142 240 2201 castris
257 2149 401 2203 exire
416 2186 432 2213 ‚
468 2145 555 2223 spe
574 2146 782 2224 impleti
804 2148 998 2204 milites
1016 2144 1193 2226 &ipse
1208 2144 1484 2203 Belisarius
1502 2166 1633 2201 con-

18 2222 285 2285 firmatior
314 2227 424 2288 haec
459 2227 753 2286 adinvenit.
795 2228 1060 2306 Equitum
1086 2231 1290 2286 multos
1327 2232 1381 2285 in
1401 2231 1632 2307 propin-2-

19 2329 150 2386 quas
184 2308 327 2368 mifit
355 2313 724 2378 munitioneS‚
760 2314 1065 2391 praecipiens
1090 2310 1124 2367 si
1155 2314 1250 2392 qui
1279 2309 1632 2371 Gotthorum

19 2390 135 2449 illac
164 2393 268 2450 iter
296 2390 535 2451 facerent
564 2392 890 2451 advehendis
923 2394 980 2451 in
1012 2392 1173 2451 castra
1194 2392 1631 2467 ‘commeatibuz

20 2492 118 2530 eos
150 2475 454 2533 excursibus
484 2493 647 2556 atque
682 2473 880 2533 insidiis
914 2479 970 2533 in
1005 2497 1232 2534 omnem
1251 2495 1457 2555 partem
1476 2493 1630 2533 tutos

21 2554 286 2636 nusquam
304 2556 532 2616 sinerent
545 2600 561 2626 ,
579 2555 665 2614 sed
686 2560 737 2614 vi
754 2561 907 2616 omni
927 2558 1278 2639 prohiberent
1298 2601 1312 2621 ‚
1326 2579 1440 2638 quo
1462 2564 1514 2614 &
1537 2577 1630 2614 ur·-

23 2634 81 2693 bi
100 2643 429 2700 minueretur
446 2638 750 2708 neceffita3‚
782 2647 836 2697 δε
854 2640 1063 2698 barbari
1081 2640 1377 2700 obsideri&
1398 2639 1492 2719 ipsi
1511 2660 1630 2696 non

23 2721 206 2778 minus
223 2744 387 2802 quam
404 2724 694 2781 Romanos
712 2720 954 2782 oblidere
984 2725 1306 2782 viderentur.
1354 2723 1501 2780 mille
1530 2719 1629 2778 sub

25 2800 270 2861 Martino
303 2813 358 2864 &
385 2808 628 2884 Trajano
662 2808 1008 2864 Tarracinam
1032 2810 1107 2862 ire
1132 2806 1291 2884 jubet
1310 2846 1330 2872 ,
1374 2805 1629 2881 additque

25 2904 252 2944 uxorem
282 2887 428 2946 suam
463 2891 808 2947 Antoninam
840 2929 855 2957 ‚
897 2891 1187 2967 Neapolim
1219 2886 1386 2968 usque
1410 2903 1633 2967 pergere

25 2963 204 3038 hanc,
242 2972 628 3034 comitantibus
672 2973 892 3050 pauciS,
935 2975 1124 3030 volens
1153 3012 1171 3041 ‚
1221 2990 1281 3031 ut
1310 2970 1387 3029 ibi
1419 3009 1439 3035 ,
1482 2984 1634 3043 quae-

792 3057 833 3112 P
875 3074 916 3134 q,
1420 3066 1635 3125 cunque
