1888 3428
591 38 599 64 Ι

260 149 382 209 49²
565 134 1661 223 fPRocoPuVCAEsAREEENsrsff
1866 205 1869 208 .

255 210 363 271 stes
379 215 709 278 Francorum
732 241 746 274 :
776 216 935 276 Dum
968 219 1121 300 super
1146 224 1226 281 his
1245 230 1536 289 cunctatur*
1560 232 1755 303 Narses
1771 275 1796 307 ,-
1863 306 1866 312 .

255 298 418 354 Italos
436 301 529 375 qui
551 296 727 359 secum
764 321 913 360 erant
933 344 948 365 ,
984 300 1116 383 quid
1132 303 1277 366 factu
1298 307 1444 368 foret
1477 320 1755 393 optimum
1790 324 1869 378 int

253 394 499 461 terrogat
518 421 533 447 ,
556 378 705 439 fuere
725 388 817 462 qui
836 384 1077 445 dicerent
1094 429 1108 453 ‚
1153 410 1275 448 utut
1295 394 1479 453 Franci
1500 403 1730 458 maxime
1749 405 1868 481 per*

251 464 532 537 mitterent
563 463 843 524 transitum
865 509 880 533 ‚
921 490 1099 549 neque
1133 470 1201 530 fic
1231 475 1520 556 Romanos
1553 482 1813 556 Ravenna

247 534 530 620 pervenire
549 546 712 625 poffe,
734 570 799 607 ne
815 553 1093 611 Veronam
1113 555 1334 633 quidem
1355 564 1694 642 praetergredi
1715 573 1840 646 :qui

249 627 471 684 Totilas
487 626 593 706 ipsa
611 636 873 690 exercitus
905 635 1156 694 Gotthici
1179 637 1373 718 decora
1389 684 1404 711 ‚
1442 642 1539 701 sub
1557 646 1694 703 duce
1715 650 1874 713 Teia,

248 704 509 767 bellatore
530 716 753 792 egregio
773 755 790 781 ‚
824 715 1034 776 mififfet
1070 722 1382 799 Veronam,
1421 728 1687 808 oppidum
1727 731 1877 790 Cot-²

247 789 356 847 this
376 813 565 869 parens
585 835 600 861 ,
636 800 704 852 ‘ut
722 804 876 856 omni
894 823 1000 880 ope
1017 804 1276 864 Romano
1297 813 1555 870 exercitui
1572 816 1674 871 iter
1691 811 1873 891 auferf

242 891 345 930 ret.
387 878 530 932 Vera
550 897 702 935 erant
725 901 843 958 quae
869 883 1213 956 dicebantur,
1247 896 1301 947 &
1338 912 1398 949 ut
1430 898 1710 977 Veronam
1747 903 1874 958 atti-³

243 975 396 1035 gerat
420 960 588 1015 Te'ias
620 963 727 1016 vias
749 962 992 1024 hostibus
1018 990 1212 1028 omnes
1246 972 1584 1036 obstruxerat
1603 1022 1619 1048 ,
1651 984 1847 1040 cuneta

243 1059 354 1117 que
372 1041 518 1096 Pado
541 1042 839 1106 circumsita
873 1051 1088 1107 militari
1109 1051 1292 1112 labore
1313 1061 1383 1114 ita
1416 1060 1782 1121 intersciderat
1814 1088 1847 1123 u

243 1119 449 1178 transiri
471 1127 789 1199 nequirent:
820 1129 944 1186 alibi
980 1129 1134 1190 factis
1154 1140 1531 1208 concaedibuS,
1574 1146 1698 1202 alibi
1720 1145 1885 1210 foffisi

242 1208 299 1259 δε
333 1221 594 1260 terrarum
627 1211 768 1262 cavis
789 1247 803 1268 ,
834 1211 955 1267 alibi
994 1220 1352 1295 voraginibus
1391 1223 1678 1300 profundis
1706 1249 1886 1310 atque)

240 1284 521 1347 aestuariis,
550 1308 667 1366 quae
689 1289 1090 1368 diligentiffime
1122 1320 1245 1356 curn
1271 1304 1617 1365 Gotthorum
1637 1316 1887 1389 exercitu'

236 1365 346 1446 ipse
367 1366 638 1431 servabat,
680 1392 739 1428 ut
769 1371 805 1429 fi
841 1374 947 1455 qua
967 1401 1059 1455 per
1076 1400 1159 1437 tot
1200 1381 1541 1446 difficultates
1579 1391 1885 1470 pervaderet?

238 1469 565 1509 conarentur
586 1454 823 1513 Romani
847 1498 863 1522 ‚
896 1465 1056 1518 armis
1075 1463 1373 1527 obsisteret.
1416 1472 1550 1530 Haec
1564 1495 1745 1533 autem
1771 1499 1837 1536 cu
1870 1524 1885 1567 <s

235 1553 446 1609 ravcrat
484 1537 539 1591 T
543 1538 729 1603 otilaS‚
759 1543 911 1618 quod
944 1566 1043 1623 pro
1063 1565 1212 1604 certo
1244 1549 1465 1611 haberet
1486 1577 1638 1614 oram
1659 1564 1886 1650 mariti-35·

236 1637 384 1677 mam
409 1618 585 1674 Adriae
604 1620 871 1681 Romanis
901 1633 1138 1701 perviam
1159 1652 1272 1689 non
1295 1631 1412 1694 fore
1429 1637 1505 1694 ob
1526 1640 1775 1718 ingentes
1808 1649 1883 1721 &3

235 1702 584 1778 navigiorum
606 1706 868 1778 patientes
887 1707 1086 1768 fluvios
1125 1720 1465 1795 complures,
1503 1726 1598 1798 qui
1635 1744 1694 1780 ea
1715 1745 1881 1804 parteg

232 1777 358 1837 sein
378 1802 518 1838 mare
537 1784 835 1853 evolvunt,
870 1793 1082 1871 iterque
1112 1816 1206 1872 per
1239 1799 1387 1856 littus
1422 1799 1882 1889 interrumpunt·

233 1883 398 1920 naves
430 1882 609 1922 autem
629 1887 743 1925 non
765 1891 831 1925 eo
854 1893 1087 1932 numero
1107 1875 1206 1935 effe
1227 1881 1493 1939 Romanis
1515 1926 1533 1952 ‚
1565 1907 1621 1944 ut
1641 1887 1888 1951 confestr-

231 1948 331 2002 tim
360 1967 487 2003 cum
509 1952 666 2005 omni
686 1956 920 2011 exercitu
953 1957 1179 2016 Adriam
1216 1962 1424 2040 possent
1454 1976 1858 2032 transmittere:
1883 2022 1885 2027 ,

231 2026 307 2084 fin
327 2032 481 2106 pauci
500 2050 596 2106 per
625 2035 905 2093 intervalla
924 2060 1070 2096 nunc
1095 2041 1180 2110 hi,
1215 2066 1359 2104 nunc
1393 2049 1467 2106 illi
1501 2048 1685 2128 iisdem
1705 2058 1860 2113 navi-

232 2109 334 2166 bus
358 2114 434 2169 uti
453 2113 651 2170 vellent
673 2153 691 2178 ‚
729 2133 850 2174 tum
884 2117 1037 2178 facile
1056 2122 1105 2180 se
1127 2146 1251 2182 cum
1288 2150 1355 2186 eo
1387 2135 1481 2211 qui
1512 2131 1608 2191 fibi
1628 2136 1878 2217 restabat&

227 2197 468 2250 exercitu
499 2195 874 2274 oppressurum
908 2208 1100 2281 partite
1126 2208 1538 2285 proficiscentes.
1584 2220 1687 2278 Hae
1706 2218 1878 2299 erant}

170 2307 173 2309 -
227 2275 387 2332 causae
418 2297 746 2358 eoruquuae
782 2284 994 2342 Totilas
1027 2309 1346 2370 praeceperat
1368 2340 1382 2360 ‚
1422 2319 1653 2378 quaeque
1683 2299 1877 2379 Tei'as}

226 2355 637 2439 exsequebatur.
681 2363 891 2425 Narseti
925 2371 1058 2451 quid
1091 2368 1288 2432 faceret
1319 2378 1582 2459 ambiguo
1602 2424 1618 2450 ‚
1648 2389 1867 2462 peritus·¹

223 2441 447 2499 illorum
473 2442 727 2500 locorum
765 2446 1029 2511 Iohannes
1055 2456 1307 2515 Vitaliani
1330 2502 1344 2527 ‚
1378 2459 1530 2519 suasit
1551 2486 1673 2522 cum
1694 2473 1849 2526 omni

221 2527 438 2603 agmine
458 2526 557 2582 iret
574 2525 801 2602 pedibus
819 2552 914 2608 per
933 2538 1089 2593 maris
1107 2559 1257 2597 oram
1277 2581 1294 2608 ‚
1326 2542 1618 2603 habitatam
1636 2592 1650 2612 ,
1686 2568 1745 2606 ut
1760 2548 1851 2607 su-
1887 2622 1888 2626 Ἰ

221 2627 317 2684 pra
334 2627 831 2669 commemoratum
851 2614 924 2672 est
945 2657 962 2684 ‚
998 2617 1315 2680 hominibus
1349 2626 1603 2686 Romana
1622 2633 1845 2712 imperia
1887 2627 1888 2676 ἶ

220 2685 674 2766 agnoscentibus3
714 2713 873 2753 naves
895 2719 1022 2756 vero
1043 2687 1161 2758 turn
1184 2711 1412 2780 majores
1447 2728 1562 2767 tum
1585 2719 1843 2772 onerariae

216 2775 367 2842 juxta
387 2776 519 2827 mari
539 2774 878 2846 incederent,
913 2800 1072 2860 atque
1092 2785 1186 2864 ubi
1218 2789 1282 2844 ad
1304 2795 1544 2849 amnium
1563 2794 1699 2852 ostia
1715 2817 1843 2874 per·-

219 2850 439 2909 veniffet
455 2859 712 2912 exercitus
730 2899 745 2923 ‚
778 2876 896 2916 tum
918 2869 1172 2924 onerariis
1190 2872 1245 2925 in
1265 2876 1446 2948 pontis
1468 2874 1618 2932 usum
1636 2881 1842 2953 junctis

218 2933 598 3021 constratisque
618 2938 963 3004 transiremur
993 2945 1100 3008 [ine
1130 2955 1367 3031 periculo
1386 2953 1630 3019 flumina.
1673 2963 1839 3023 Secu-

1749 3061 1851 3102 UIS'
