1888 3428
247 192 332 267 43
672 171 1633 253 Pirotssefoiui}ian?¹

250 263 518 345 Singidon
536 265 592 321 &
610 260 864 318 Sirmium
891 298 908 324 ‚
945 258 1136 318 Galliae
1169 280 1421 337 praeterea
1456 261 1626 320 multa
1646 250 1724 320 ob
1742 272 1862 344 qu&

250 372 378 407 cum
393 347 606 403 Francis
623 342 761 398 bella
778 339 932 420 geffit
951 362 963 395 ε
985 341 1292 418 pendebant
1310 348 1357 401 ei
1377 342 1579 401 tributa
1597 347 1865 404 Aleman-

246 435 336 490 ni:
369 425 683 505 Hispaniam
716 441 899 480 autem
934 423 1155 504 regebat
1183 423 1331 482 idem
1349 424 1758 484 Theuderichus
1773 446 1866 486 tu-

245 516 381 571 toris
414 514 638 568 nomine
673 515 772 586 pro
806 503 1146 586 Amalaricho
1164 505 1260 563 suo
1276 520 1512 587 nepote,
1540 530 1660 587 quae
1678 513 1866 566 omnia

242 597 438 676 partim
457 591 596 672 apud
617 591 945 667 Procopium
963 628 978 653 ‚
1000 586 1200 645 Partim
1218 591 1361 667 apud
1383 587 1763 648 Caffiodorum
1781 595 1866 651 vi·-

224 681 370 738 dere
402 675 496 732 est.
542 677 620 731 At
656 669 999 750 Wisigotthi
1031 691 1169 749 quos
1201 674 1474 730 contraffle
1510 670 1674 731 Vesas
1705 690 1866 732 vocat

247 760 501 818 Sidonius
517 801 531 821 ‚
560 753 799 812 Maefiam
831 753 1184 832 Thraciaeque
1214 773 1422 832 partem
1454 767 1578 813 cum
1613 754 1867 812 conceffu

243 847 482 922 primum
503 840 748 896 Valentis
777 832 1063 893 tenuissent
1081 872 1097 897 2
1129 858 1260 917 mox
1284 852 1473 895 contra
1493 834 1698 896 foedera
1729 841 1865 896 male

242 924 410 981 habiti
431 923 577 979 bello
595 927 649 977 in
669 921 955 976 Romanos
971 919 1151 975 sumto
1165 920 1451 977 Valentem
1472 918 1689 998 ejusque
1710 920 1882 976 exer?

245 1011 417 1064 citum
452 1003 708 1061 occidunt
728 1025 744 1067 3
777 999 1288 1079 Constantinopolis
1320 999 1639 1059 suburbium
1676 998 1867 1058 incen-

245 1090 385 1147 dunt
413 1116 432 1157 3
463 1086 720 1142 Thracias
739 1084 863 1140 inde
883 1124 900 1150 ‚
918 1089 990 1153 ,δέ
1009 1085 1236 1141 Daciam
1253 1083 1543 1164 Ripensem
1565 1124 1581 1149 ,
1617 1088 1862 1158 nonjam

242 1172 483 1251 precario
499 1173 638 1241 jure,
657 1165 743 1223 sed
765 1168 926 1245 pleno
944 1167 1232 1223 dominatu
1251 1183 1476 1224 tenuere
1499 1165 1692 1223 {letiam
1708 1166 1866 1224 Gra:-

186 1281 188 1283 .
242 1256 374 1310 tiani
391 1249 731 1330 temporibus
744 1267 801 1304 ut
816 1265 1004 1324 praeter
1021 1248 1346 1305 Iornandem
1365 1252 1693 1307 Ammianus
1713 1244 1868 1304 Mar-

243 1337 467 1392 cellinus
487 1373 503 1400 ‚
522 1328 790 1393 Zosimus,
809 1334 1127 1396 Zonara5‚&
1147 1330 1397 1408 vulgatus
1418 1330 1626 1406 pridem
1646 1328 1741 1386 sub
1759 1351 1867 1386 no-

240 1421 389 1475 mine
406 1415 613 1472 Aurelii
629 1412 871 1468 Vi&0ris
886 1409 1021 1467 liber
1040 1451 1054 1471 ,
1070 1411 1368 1491 Paulusque
1383 1408 1745 1470 Warnefredi
1764 1429 1866 1470 nos

239 1498 464 1559 docent.
494 1512 613 1575 pars
629 1492 932 1551 eorundem
953 1491 1088 1550 duce
1104 1493 1422 1573 Fridigerno
1441 1486 1668 1572 Epirum
1689 1494 1866 1553 Thes-

237 1580 420 1640 saliam
455 1576 854 1653 Archaiamque
874 1618 890 1639 ‚
931 1590 1046 1652 pars
1063 1578 1156 1632 alia
1189 1574 1285 1632 sub
1321 1575 1556 1633 Alatheo
1576 1583 1630 1633 &
1649 1574 1865 1634 Safrach

240 1664 584 1723 Pannoniam
602 1656 830 1715 incursat
844 1700 859 1722 ,
880 1654 1370 1736 Theodofiumque
1391 1662 1778 1735 Imperatorem
1799 1659 1865 1717 a'd

240 1744 402 1804 fedus
417 1743 711 1820 compellit.
732 1742 822 1797 ‘eo
851 1757 1073 1817 quoque
1107 1736 1288 1796 federe
1321 1760 1438 1817 non
1471 1741 1616 1796 reete
1651 1738 1878 1811 servator

240 1826 524 1888 Alarichus
541 1838 631 1881 rex
648 1864 664 1891 ,
698 1840 823 1878 cum
846 1820 1134 1877 Thraciam
1153 1818 1530 1900 Graeciamque
1547 1819 1653 1900 ipse
1674 1821 1865 1881 vastas-

241 1910 338 1979 set,
358 1929 418 1968 ut
435 1906 576 1987 apud
595 1906 928 1982 Procopium
963 1901 1241 1960 Zofimum
1263 1909 1315 1961 &
1335 1905 1665 1983 Eutropium
1683 1906 1862 1985 legere

227 1985 338 2055 est,
358 1987 621 2071 praemiflb
655 1984 951 2064 Radagaiso
974 2006 1064 2064 per
1081 1990 1384 2042 Pannonias
1399 1985 1604 2044 invadit
1621 1988 1819 2044 Italiam
1841 2022 1858 2054 ‚‹

237 2071 548 2156 primusque
570 2068 687 2149 post
702 2070 894 2127 Gallos
915 2070 1156 2127 Senonas
1173 2070 1410 2125 Romam
1432 2070 1860 2148 capit,Honorio

239 2159 534 2237 Imperium
554 2151 848 2210 occidentis
868 2168 1106 2208 tenente.
1139 2147 1265 2206 fecit
1280 2150 1422 2207 idem
1444 2153 1536 2230 qui
1557 2153 1605 2206 ei
1622 2148 1860 2210 successit

240 2234 535 2298 Athaulfus
556 2242 641 2294 t&
660 2254 789 2290 mox
805 2229 1029 2289 desertas
1046 2231 1073 2289 a
1091 2232 1389 2292 W⁷andalis
1409 2227 1616 2289 Gallias
1632 2232 1821 2292 invafit
1835 2272 1854 2302 ,

241 2345 361 2402 quae
382 2336 554 2377 narrat
573 2315 1100 2391 IfidoruS,Proc0pi0
1123 2314 1334 2393 aliisque
1356 2317 1708 2374 consentiens.
1756 2316 1860 2374 Sed

235 2414 350 2485 jam
368 2421 586 2478 tempus
617 2397 691 2455 est
726 2418 787 2455 ut
821 2397 1106 2476 quomodo
1145 2396 1640 2475 Ostrogotthorum
1664 2418 1855 2477 regum

240 2488 520 2569 posuimus
539 2484 763 2538 nomina
779 2484 850 2536 ita
885 2487 938 2536 &
958 2477 1526 2560 Westrogotthorum
1546 2500 1817 2558 ponamus
1833 2521 1852 2546 ‚

222 2590 358 2629 ⁴non
377 2590 440 2624 ex
459 2562 799 2643 scriptoribus
819 2581 1029 2620 tantum
1049 2565 1142 2640 qui
1174 2560 1379 2618 exstant
1400 2603 1415 2630 ‚
1439 2560 1526 2623 sed
1546 2583 1609 2619 ex
1629 2564 1690 2619 iis
1709 2561 1855 2621 libris

240 2672 379 2735 quos
396 2646 741 2707 Bibliothecae
757 2643 1127 2724 Hispanorum
1144 2642 1370 2707 servante,
1886 2647 1888 2665 '

1572 2953 1882 3079 nubo-
