1888 3428
232 191 343 247 242
638 162 1480 226 PROLEGOMENAss

230 272 394 330 taque
424 248 532 308 haec
551 248 731 307 virille
751 248 1000 305 lectionis
1031 247 1271 326 plurimae
1293 288 1310 313 ‚
1341 245 1428 304 sed
1461 245 1685 326 ingenio
1704 243 1849 316 θῶς,

229 352 293 390 ut
313 332 437 389 alibi
470 329 599 410 saepe
616 371 633 397 a
665 330 853 392 cedere
882 330 963 386 his
983 331 1177 386 noluit.
1224 327 1380 402 Qid
1411 330 1577 408 igitur
1599 326 1770 406 ipsum
1791 332 1850 386 in

230 415 328 472 hac
347 435 402 472 re
420 454 437 479 ‚
462 430 531 470 *ut
555 432 676 470 ante
710 412 774 469 de
800 409 1077 468 Gotthisa
1104 408 1450 467 vetustiffima
1468 412 1731 487 opinione
1753 410 1852 468 de-

229 498 408 575 pulit?
442 494 662 552 Lubido
702 494 962 573 quaedam.
1013 491 1144 571 quid
1174 510 1356 548 tamen
1375 490 1636 550 obtendat
1671 493 1853 550 videa-.-
1884 509 1888 515 '

227 599 373 636 mus.
418 576 530 634 Sub
551 576 847 636 Vindelicis
864 576 1070 632 Plinius
1086 576 1142 631 in
1162 575 1460 632 Germania
1491 573 1855 653 comprehen-

228 661 309 719 dit
327 659 743 738 Burgundiones
762 698 777 724 ‚
800 660 1059 715 Varrinos
1083 697 1097 720 ‚
1121 658 1352 714 Catinos
1372 698 1389 724 ‚
1410 655 1709 715 Guttones.
1756 655 1855 713 ubi

228 740 307 799 est
324 742 593 802 Vindelici
614 745 669 798 in
689 738 967 798 codicibus
1001 738 1119 797 vult
1155 738 1532 843 legiyindeli.
1577 737 1729 796 facile
1751 739 1858 796 lar-

230 828 356 905 gior
390 845 554 881 unam
576 822 911 902 eandemque
932 842 1048 877 eam
1068 816 1168 879 effe
1203 841 1398 879 vocem
1428 822 1818 879 terminatione
1835 863 1851 885 ‚

226 928 350 985 quae
369 905 532 967 libera
550 906 781 963 externis
800 945 817 972 ‚
852 901 1108 961 diversam
1128 923 1244 959 non
1276 905 1480 961 invitus
1498 902 1754 983 agnosco...
1800 919 1855 960 at

228 988 364 1068 quid
383 987 436 1044 id
456 989 615 1046 causae
638 1004 769 1044 meae
803 1005 998 1052 nocet,
1031 1006 1156 1043 cum
1188 983 1512 1044 W'andalos
1537 991 1650 1062 jam
1681 986 1816 1041 olim
1838 1023 1857 1051 a

231 1076 288 1128 δε
314 1087 376 1128 ut
394 1069 555 1126 credo
574 1073 715 1144 inter
734 1071 939 1147 primos
976 1073 1145 1140 (nam
1165 1088 1232 1124 eo
1256 1087 1343 1123 me
1378 1069 1586 1125 inducit
1624 1073 1856 1123 Iornanv

229 1152 356 1223 des)
391 1155 447 1208 in
471 1153 825 1209 Germaniam
845 1147 1134 1230 pervenisse
1157 1191 1175 1218 ‚
1207 1149 1393 1228 ibique
1412 1150 1713 1207 nonnullos
1731 1149 1858 1205 reli->-

138 1270 147 1272 ὴ
230 1232 398 1312 quiffe
417 1232 782 1314 suisanguinis
809 1239 863 1291 &
899 1234 1139 1289 nominis
1158 1233 1399 1310 populos
1421 1274 1438 1301 ‚
1469 1229 1530 1289 ut
1561 1237 1615 1287 δε
1649 1229 1859 1287 Gotthi

228 1314 407 1373 fecere
430 1360 444 1380 ,
474 1337 589 1372 non
608 1336 806 1394 negem
828 1321 849 1371 ?
882 1315 955 1370 Et
987 1313 1093 1370 hoc
1114 1314 1334 1392 quidem
1368 1316 1434 1371 ad
1460 1309 1855 1371 discutiendum

227 1398 383 1477 quod·
402 1397 656 1473 objicitur
682 1396 801 1454 satis
819 1394 913 1453 est.
957 1413 1205 1451 caeterum
1225 1413 1286 1451 ut
1304 1391 1478 1452 dicam
1509 1393 1665 1474 quod
1683 1391 1858 1449 sentio

228 1476 498 1557 rebusque
537 1499 631 1558 per
665 1480 1045 1558 antiquitatem
1095 1473 1336 1534 obscuris
1379 1479 1547 1541 lucis,
1587 1492 1856 1555 quantum

228 1578 428 1641 potero
449 1601 465 1624 ,
498 1557 731 1617 adferam
757 1600 774 1626 ‚
804 1580 917 1615 non
940 1559 1099 1615 credo
1133 1575 1226 1614 aut
1262 1559 1586 1618 Wandalos
1607 1575 1698 1615 aut
1719 1560 1856 1614 Sue-

226 1643 330 1701 dos
352 1645 529 1724 gentis
549 1639 647 1697 esse
669 1661 903 1701 nornen,
936 1636 1022 1697 sed
1055 1638 1185 1696 ficut
1221 1645 1434 1721 Iazyges
1469 1639 1689 1719 quidam
1726 1637 1856 1695 diet-i

168 1737 203 1784 Α
228 1723 352 1784 sunt
371 1720 673 1782 metanastae
692 1764 708 1790 ‚
745 1729 798 1780 &
835 1724 1041 1778 Latinis
1061 1724 1307 1780 Sarmatae
1332 1724 1489 1802 vagi,
1526 1718 1593 1776 fic
1622 1727 1679 1777 δε
1716 1719 1857 1776 Ger-

228 1827 522 1866 manorum
541 1804 806 1883 quosdam
827 1802 1055 1860 arbitror
1074 1824 1186 1859 non
1203 1802 1231 1861 a
1247 1804 1297 1860 se
1315 1802 1437 1882 ipsis
1455 1802 1574 1871 2sed
1595 1801 1663 1859 ab,
1679 1804 1746 1858 iis
1760 1803 1856 1881 qui

227 1892 393 1970 primi
425 1907 616 1945 eorum
657 1889 766 1944 vim
800 1884 999 1943 sensere
1024 1926 1037 1947 ‚
1070 1886 1358 1964 quomodo
1392 1886 1420 1942 a
1460 1886 1703 1964 Tungris
1735 1900 1855 1943 orta

231 1973 646 2029 Germanorum
678 1968 962 2047 appellatio
985 2010 1002 2035 ,
1033 1967 1207 2024 dictos
1238 1968 1407 2025 modo
1427 1971 1654 2041 Suevos
1673 2007 1690 2034 ‚
1730 1986 1861 2023 mo«

231 2054 306 2111 do
325 2051 662 2112 Wandalos.
712 2052 828 2106 Cur
861 2068 1042 2106 autem
1075 2052 1155 2106 alii
1179 2049 1282 2106 hoc
1304 2092 1321 2118 ,
1356 2051 1441 2106 alii
1472 2049 1567 2105 illo
1603 2050 1851 2114 nomine,

227 2136 285 2193 id
306 2132 492 2191 censeo
513 2131 805 2189 fortuitum
825 2172 842 2198 ‚
861 2149 1023 2210 prout
1049 2130 1217 2188 visum
1239 2131 1312 2188 est
1332 2132 1708 2211 populisquos
1726 2132 1855 2187 atti-

228 2234 440 2297 gerant.
484 2236 608 2272 nam
630 2235 762 2270 voce
794 2219 846 2270 &
868 2213 964 2270 hac
986 2214 1144 2287 &illa
1167 2235 1262 2271 eos
1294 2212 1574 2295 significari
1609 2215 1705 2291 qui
1736 2232 1853 2268 non

234 2302 389 2356 certis
407 2297 455 2355 fe
477 2315 668 2373 tenent
685 2295 896 2353 sedibus
913 2335 929 2361 ‚
956 2293 1043 2351 sed
1063 2317 1206 2353 nunc
1226 2296 1331 2352 huc
1350 2317 1495 2353 nunc
1513 2295 1638 2351 illuc
1654 2293 1850 2356 ambu-

229 2382 343 2439 lant
362 2421 377 2447 ,
400 2400 601 2437 novere
620 2399 812 2435 omnes
831 2381 924 2457 qui
940 2377 1334 2435 Germanicum
1352 2376 1678 2435 sermonem.
1713 2379 1851 2434 Sue-

230 2484 430 2522 vorum
453 2481 660 2518 nomen
675 2477 818 2516 certe
836 2478 944 2516 tam
965 2461 1065 2516 late
1083 2463 1257 2538 patuit
1276 2480 1332 2516 ut
1351 2464 1484 2539 paris
1499 2458 1727 2516 instituti
1747 2480 1852 2537 po-

229 2549 338 2604 tius
355 2565 516 2623 quam
537 2560 693 2599 ortus
712 2540 1155 2621 significationem
1178 2541 1371 2598 haber-e
1405 2542 1662 2599 videatur.
1695 2542 1852 2599 ideo-
1873 2605 1878 2609 ¹

230 2632 408 2706 quo&
429 2627 584 2683 Carti*
611 2624 795 2704 quossi.
818 2627 1001 2682 Suevis
1020 2623 1359 2703 distinguunt
1378 2626 1457 2681 alii
1479 2665 1496 2691 ‚
1534 2626 1693 2681 Suevi
1728 2621 1851 2681 sunt
1875 2673 1880 2675 .

233 2706 442 2768 Caesari.
486 2706 633 2763 Idem
669 2704 843 2763 sensus
889 2709 945 2763 in
980 2707 1397 2765 Wandalorum
1432 2708 1698 2766 nomin-e,
1730 2725 1846 2784 quo

227 2789 434 2849 facturn
453 2808 514 2846 ut
531 2786 892 2869 XWifigotthi,
913 2791 1007 2866 qui
1023 2785 1434 2845 Narbonensem
1456 2789 1694 2845 Galliam
1710 2804 1845 2846 tam·
1879 2810 1886 2815 ·’

227 2874 322 2929 diu
359 2892 579 2928 tenuere
615 2873 865 2927 Aimono
895 2869 995 2926 sint
1031 2871 1322 2928 'Wandaln
1366 2871 1510 2928 idem
1545 2874 1601 2927 in.
1640 2867 1847 2926 Rhaetis

225 2954 555 3034 Vindelicis:
590 2952 736 3017 idem
758 2956 817 3010 in
848 2952 1057 3024 Gallis2‚
1086 2973 1226 3032 quos
1260 2954 1545 3015 Waltz-nes
1577 2952 1845 3010 Germani

1709 3052 1847 3116 Pro}
