1931 3428
320 183 651 245 L1BER
733 172 1249 246 QVINTVS]
1482 177 1613 254 873²

5 274 71 334 de
92 267 327 333 exercitu
343 265 503 344 regis,
523 264 744 321 nomine
763 259 1226 337 Amalongu5,qui
1247 258 1455 335 regium
1473 278 1616 315 con-

4 375 128 416 tum
158 351 291 415 ferre
328 364 437 406 erat
470 344 660 409 solitus
688 385 704 409 ,
745 340 1020 421 quendam
1057 339 1370 396 Graeculum
1409 340 1610 397 eodem

7 455 178 497 conto
196 428 430 509 utrisque
451 428 700 489 manibus
717 422 936 481 fortiter
954 420 1255 501 percutiens
1274 461 1288 483 ,
1308 419 1374 477 de
1390 419 1507 479 sella
1523 420 1614 478 su-

6 534 284 601 perquam
315 510 590 591 equitabat
616 505 856 574 sustulit,
891 523 1126 581 eumque
1147 505 1203 557 in
1221 502 1338 557 aera
1355 502 1509 580 super
1527 524 1618 561 ca·-

0 619 109 700 ¹put
120 598 274 656 suum
292 595 512 653 levavit.
556 590 727 662 Quod
748 608 968 646 cernens
986 586 1310 643 Graecorurn
1333 589 1617 652 exercitus,

0 702 146 746 lmox
172 675 440 742 immenso
460 696 658 756 pavore
683 673 991 751 perterritus
1010 710 1026 734 ,
1059 671 1114 724 in
1138 665 1326 745 fugam
1347 671 1623 723 converti-

0 741 100 823 ltur
116 771 144 832 ‚'
170 762 471 836 ultimaque
492 759 721 837 pernicie
738 750 893 810 caesus
915 793 930 816 ‚
964 749 1058 807 fibi
1079 747 1341 829 fugiendo
1366 769 1624 809 mortem,

0 843 329 906 'Romoaldo
366 849 420 899 &
448 836 818 918 Langobar-dis
852 835 1134 891 victoriam
1172 852 1395 910 peperit.
1438 835 1516 887 Ita
1536 833 1628 887 Sa-

11 927 209 986 burrus
246 926 342 1005 qui
376 922 426 980 se
464 919 777 1000 imperatori
823 914 918 976 suo
953 916 1191 975 viftoriae
1228 912 1518 992 tropheum
1558 913 1628 972 de

0 1005 390 1089 ,Langobardis
424 998 736 1083 promiserat
773 1018 1014 1079 patrare,
1048 998 1112 1054 ad
1145 1018 1270 1053 eum
1300 1016 1424 1052 cum
1449 996 1630 1073 paucis

10 1088 644 1167 remeans,ign0miniam
663 1083 988 1161 deportavit.
1028 1077 1370 1138 Romoaldus
1390 1100 1519 1134 vero
1539 1099 1629 1156 pa-

14 1193 154 1235 trata
172 1171 237 1229 de
255 1171 488 1226 inimicis
507 1169 734 1226 vic³toria
754 1206 770 1231 ‚
794 1167 1167 1221 Beneventum
1189 1159 1524 1237 triumphans
1544 1181 1630 1216 re-

14 1253 197 1316 versus
215 1250 569 1330 est‚patrique
583 1248 842 1329 gaudium
860 1252 914 1303 δε
932 1246 1135 1303 cunctis
1148 1242 1483 1310 securitatem
1500 1240 1629 1300 sub-

17 1336 132 1411 lato
149 1331 390 1403 hostium
410 1336 608 1390 timore
624 1331 901 1401 convexit.
992 1342 995 1347 ’

574 1472 633 1536 C
699 1493 745 1536 A
818 1491 870 1532 P.
971 1466 1105 1545 XI.

112 1630 184 1680 De
202 1618 337 1675 malis
359 1633 454 1690 quae
473 1609 705 1688 Constans
721 1608 945 1686 Augustm
966 1614 1186 1665 Romanis
1203 1608 1393 1671 intulit,
1409 1607 1476 1669 ὠ
1494 1606 1556 1661 de·

205 1697 567 1777 praedationibm
585 1714 702 1770 quas
707 1694 903 1769 singulis
918 1693 1176 1767 regionibns
1180 1690 1306 1765 fecit
1322 1714 1336 1745 .-
1371 1691 1433 1750 σ’ς’

516 1778 751 1855 quomodo
778 1775 1021 1840 extimfim
1047 1770 1130 1848 est.

37 1921 226 2049 AT
256 1939 385 1978 vero
421 1913 695 1973 Constans
731 1911 1009 1995 Augustus
1030 1952 1047 1978 ,
1082 1931 1206 1967 cum
1234 1909 1365 1968 nihil
1384 1908 1431 1966 se
1452 1928 1641 1966 contra

17 1997 24 2001 ,
169 2000 560 2081 Langobardos
592 1995 792 2078 geffifl'e
822 1993 1187 2072 conspiceret,
1223 2013 1415 2049 omnes
1435 1989 1641 2050 saevitiae

30 2083 133 2142 suae
154 2086 324 2139 minas
341 2100 531 2139 contra
548 2080 800 2146 su03,hoc
818 2073 1470 2144 est‚R0manos,*retors1t.
1490 2073 1641 2129 Nam

38 2162 269 2245 egreffus
294 2166 526 2242 Neapoli
549 2164 787 2219 Romam
810 2162 1057 2239 perrexit.
1104 2160 1214 2214 Cui
1251 2156 1399 2213 sexto
1423 2156 1488 2213 ab
1510 2155 1644 2212 urbe

39 2248 292 2316 milliario
318 2248 618 2314 Vitalianus
639 2250 774 2321 Papa
809 2264 933 2299 cum
973 2239 1334 2297 sacerdotibus
1357 2245 1411 2295 ὃς
1430 2241 1646 2295 Roma-

39 2351 116 2389 no
137 2330 345 2409 populo
362 2330 615 2385 occurrit.
661 2328 778 2393 Qui
815 2323 1092 2403 Augustus
1110 2342 1235 2378 cum
1255 2322 1317 2377 ad
1339 2320 1481 2377 beati
1502 2322 1645 2376 Petri

39 2414 227 2470 limina
262 2407 618 2491 pervenisset,
658 2408 858 2470 obtulit
891 2412 937 2462 ei
975 2408 1193 2484 pallium
1235 2426 1364 2460 auro
1395 2422 1643 2459 textum:

45 2501 100 2552 &
133 2515 357 2563 manens
391 2493 530 2571 apud
552 2494 836 2549 Romanos
868 2487 1057 2546 diebus
1091 2487 1378 2544 duodecim
1400 2525 1416 2550 ,
1457 2485 1649 2539 omnia

32 2597 162 2656 quae
180 2574 391 2644 fuerant
403 2571 700 2653 antiquitus,
714 2569 956 2636 instituta
975 2592 1037 2628 ex
1059 2572 1240 2634 aere,in
1258 2584 1649 2624 ornamentum

48 2661 274 2716 civitatis
305 2655 556 2738 deposuit
575 2697 592 2726 ,
622 2659 678 2712 in
698 2672 910 2715 tantum
934 2672 990 2722 ut
1008 2657 1166 2713 etiarn
1188 2649 1457 2716 basilicam
1478 2647 1649 2705 beatae

49 2741 235 2799 Mariae
254 2781 272 2808 ,
307 2762 425 2820 quae
459 2738 748 2817 aliquando
769 2734 1049 2794 Pantheon
1071 2733 1363 2793 vocabatur
1383 2772 1397 2796 ‚
1428 2738 1482 2788 &
1514 2751 1652 2786 con-

50 2824 230 2879 ditum
260 2819 435 2879 fuerat
463 2826 520 2877 in
553 2821 825 2877 honorem
855 2821 1110 2874 omnium
1147 2815 1377 2872 deorum
1402 2854 1417 2878 ,
1452 2819 1506 2869 &
1536 2817 1651 2884 jam

51 2902 151 2969 ibi,
167 2924 259 2981 per
272 2901 667 2961 concessionem
686 2899 1017 2976 superiorum
1034 2901 1359 2977 principum,
1373 2896 1523 2949 locus
1543 2908 1658 2951 erat

49 2988 306 3064 quinium
338 3005 666 3066 martyrum,
700 2980 1082 3063 discooperiret
1110 3020 1126 3045 ‚
1159 2975 1465 3058 tegulasque
1497 2993 1655 3032 aereas

298 3099 303 3101 ·
927 3066 1022 3121 Iii
1072 3079 1094 3139 5
1505 3056 1660 3112 exin-
