1888 3428
212 164 655 223 GOTTHICAE
695 153 1129 223 HISTORIA:
1154 152 1430 209 L1ss.111.
1513 137 1667 230 *365*

19 253 91 310 ris
111 291 127 318 ,
157 248 331 306 tribus
364 240 520 300 radiis
546 236 706 294 humi
743 231 1004 291 stantibus
1022 249 1243 309 quartus
1265 236 1471 289 ereetus
1490 221 1636 291 viro‘s

19 329 297 413 equosque
315 320 548 383 infestet.
594 319 805 397 quoties
832 334 962 371 vero
985 316 1107 393 quis
1124 312 1384 370 tribulum
1410 319 1639 383 volutat,

19 433 153 472 tunc
170 417 212 470 is
231 409 407 467 radius
424 406 518 485 qui
537 401 742 458 erefitus
759 395 932 454 fuerat
951 400 1004 452 in
1028 413 1223 451 terram
1242 394 1427 474 figitur
1449 437 1466 462 ‚
1501 396 1641 472 ejus.

17 517 129 575 que
163 499 219 552 in
241 495 425 549 locum
464 484 630 562 surgit
651 484 779 537 alius
797 520 813 548 ‚
849 482 997 558 gravi
1017 477 1535 557 supergrediendum
1555 476 1643 534 of-

15 576 179 637 fensa.
225 579 412 651 Atque
431 568 484 626 id
506 566 570 623 de
590 562 797 621 tribulis
818 558 935 617 satis
953 560 1160 617 ἀίἃωῃ
1182 559 1311 616 esto.
1342 560 1487 617 Eum
1507 580 1639 616 vero

17 680 186 741 quern
208 657 316 714 dixi
335 659 390 711 in
409 648 638 708 modum
659 645 824 701 nocie
847 642 1081 720 utrisque
1101 640 1358 698 transa&a
1382 682 1399 708 ,
1429 639 1642 721 postera

16 744 137 799 luce
158 737 437 798 constituit
454 729 668 788 Totilas
686 744 924 803 repetere
948 726 1436 804 oppugnationem.
1484 725 1640 780 Tum

16 824 262 883 Romani
284 815 409 882 sese,
423 832 483 870 ut
503 829 643 875 ante,
666 806 1039 874 defendenteS‚
1064 804 1157 863 ubi
1178 827 1257 862 res
1276 803 1370 862 fibi
1392 804 1640 885 prospere

17 903 294 964 succedere
315 898 518 962 vident,
538 893 681 949 ultro
701 911 980 968 erumpere
1000 887 1105 959 ausi
1126 888 1266 946 sunt.
1312 890 1460 946 Cum
1477 886 1642 966 fuge-

18 1006 139 1046 rent
171 982 411 1046 barbari,
437 973 752 1055 insequendi
789 975 966 1029 calore
998 974 1386 1031 Romanorum
1419 970 1642 1050 quidam

19 1071 239 1149 longius
270 1064 297 1121 a
334 1060 609 1121 moenibus
644 1053 996 1136 processerant
1016 1095 1031 1119 ‚
1065 1074 1206 1132 quos
1238 1057 1644 1110 circumventos

16 1151 266 1208 redituin
287 1144 479 1203 urbem
515 1139 868 1198 intercludere
901 1135 1191 1215 cupiebant
1213 1133 1431 1192 barbari,
1476 1140 1530 1190 &
1563 1132 1644 1191 fe-

20 1230 224 1298 ciffent,
239 1233 293 1286 ni
312 1224 588 1284 Belisarius
605 1222 879 1278 intelleeto
900 1218 1032 1297 quid
1049 1216 1338 1274 strueretur
1356 1257 1374 1284 ‚
1394 1215 1555 1274 miffis
1574 1217 1643 1273 de

20 1314 118 1372 suo
136 1316 399 1371 comitatu
418 1307 537 1364 satis
554 1304 738 1361 multis
755 1305 850 1381 qui
868 1299 1099 1358 subsidio
1115 1298 1297 1356 forent
1316 1340 1332 1366 ‚
1353 1295 1644 1374 dispulisset

22 1397 342 1477 periculum.
388 1393 472 1447 Sic
504 1388 686 1463 rejeffi
721 1384 897 1441 abiere
925 1382 1168 1447 barbari,
1197 1379 1388 1438 amiffis
1416 1380 1640 1438 suorum

20 1480 211 1536 multis
230 1494 388 1555 atque
407 1473 674 1530 acerrimis
693 1507 708 1533 ‚
743 1465 1043 1523 sauciorum
1063 1482 1245 1521 autem
1264 1468 1457 1542 ingens
1475 1468 1530 1520 in
1553 1485 1643 1520 ca-

21 1560 125 1619 stra
144 1557 434 1619 referentes
455 1573 672 1634 agmen.
715 1547 792 1606 ibi
824 1550 1076 1627 quievere
1095 1589 1111 1614 ‚
1138 1547 1268 1604 dum
1306 1545 1500 1604 fovent
1519 1548 1643 1604 vul-

20 1665 167 1720 nera,
188 1642 320 1700 dum
343 1658 483 1696 arma
504 1676 521 1703 ‚
545 1632 709 1690 frasta
739 1632 991 1708 pleraque
1011 1671 1027 1696 ‚
1060 1627 1310 1685 reficiunt
1344 1646 1642 1706 caeteraque
1685 1700 1696 1701 „

21 1725 88 1783 ad
107 1743 284 1782 novos
316 1721 435 1779 usus
466 1725 682 1795 parant.v
707 1715 944 1791 Aliquot
976 1712 1197 1768 demum
1231 1710 1440 1767 dierum
1472 1713 1642 1767 inter-
1680 1743 1683 1745 -

23 1808 162 1865 vallo
199 1801 405 1862 rursum
444 1800 508 1856 ad
530 1799 731 1854 moenia
751 1814 810 1851 ut
829 1796 1200 1872 oppugnaturi
1222 1792 1513 1853 accedunt,
1544 1812 1644 1849 oc-

27 1906 250 1946 currunt
272 1884 530 1946 Romani,
551 1898 790 1956 ortoque
809 1879 992 1956 praelio
1011 1916 1027 1942 ‚
1054 1873 1196 1931 forte
1219 1878 1308 1953 qui
1331 1876 1529 1933 Totilae
1546 1895 1646 1932 ve-

25 1972 212 2028 xillum
248 1965 452 2025 ferebat
485 1957 774 2020 mortifero
822 1961 1041 2016 vulnere
1088 1957 1154 2014 de
1194 1978 1340 2036 equo
1377 1957 1640 2031 dej-e&u3‚

25 2052 177 2111 simul
213 2051 464 2109 vexillum
498 2044 669 2102 humo
703 2039 887 2100 afflixit
919 2064 932 2097 :
974 2043 1263 2118 conatique
1284 2040 1528 2096 Romani
1547 2042 1646 2116 qui

24 2138 166 2192 inter
195 2137 402 2213 primos
435 2126 750 2208 pugnabant
787 2130 840 2182 &
871 2122 1154 2180 mortuum
1174 2125 1446 2200 eripere&
1469 2121 1642 2179 vexil-

26 2217 157 2274 lum.
203 2216 305 2273 Sed
326 2230 646 2272 antevenere
667 2205 1017 2264 Gotthorum
1037 2202 1438 2285 flagrantissimi,
1458 2220 1645 2283 rapto-

29 2320 137 2378 que
156 2297 308 2378 figno
327 2299 488 2354 etiam
509 2288 756 2349 abscisam
774 2308 997 2345 mortuo
1018 2289 1203 2344 laevam
1224 2287 1535 2366 deportant.
1565 2286 1644 2341 Ea

32 2385 174 2439 enim
194 2401 359 2438 manu
395 2379 495 2436 rari
526 2375 680 2454 pretii
719 2372 976 2429 armillam
1013 2367 1261 2450 gesserat,
1298 2390 1411 2447 quo
1441 2368 1645 2426 decore

27 2461 295 2543 superbire
313 2460 524 2519 hostem
545 2456 807 2513 nolebant
828 2497 842 2517 ,
878 2452 933 2509 id
952 2451 1046 2508 fibi
1067 2450 1389 2532 probrosum
1409 2448 1527 2507 fore
1556 2453 1646 2507 in—

27 2563 394 2625 terpretantes.
440 2558 689 2599 caeterum
721 2534 1074 2599 barbarorum
1112 2537 1372 2590 exercitus
1408 2527 1646 2600 confusis

0 2633 5 2707 [
30 2628 313 2686 ordinibus
345 2642 621 2704 receptum
656 2619 753 2677 fibi
792 2615 1053 2696 quaesivit.
1096 2617 1185 2673 Ro
1196 2621 1337 2673 mani
1371 2618 1645 2694 reliquum

30 2731 224 2789 corpus
245 2709 452 2766 mortui
473 2726 595 2764 cum
614 2701 913 2782 spoliassent
925 2699 1215 2757 diutiffime
1239 2744 1252 2763 ,
1288 2697 1534 2756 inhaesere
1554 2694 1648 2754 fu..

30 2791 300 2873 gientibus
320 2831 337 2856 ,
373 2790 653 2866 multaque
689 2782 830 2841 caede
865 2782 1006 2839 edita
1025 2780 1130 2838 fine
1149 2781 1353 2838 damno
1374 2784 1430 2837 in
1452 2779 1646 2836 urbem

31 2873 251 2932 rediere.
304 2874 440 2930 Haec
473 2869 759 2948 postquam
794 2882 1080 2922 evenerant
1105 2905 1122 2931 ,
1162 2862 1507 2920 Gottliorum
1543 2862 1648 2937 pri-

32 2976 211 3031 mores
229 2955 435 3015 aditum
455 2952 702 3011 Totilam
720 2946 979 3007 incessunt
996 2946 1287 3006 maledietis
1303 2985 1321 3012 ,
1343 2941 1645 3002 vecordiam

1447 3041 1646 3100 Ε’ΧΡΥΟῗ
