1888 3428
299 159 1316 222 DEREB.GET'1c1s.
1521 170 1640 243 699

26 245 97 305 de
110 243 268 325 stirpe
288 242 702 302 descendentem
720 283 737 311 ‚
771 244 828 298 in
860 237 1120 318 Hispania
1155 245 1349 324 degere
1374 288 1391 315 ‚
1415 252 1642 321 juvenili

24 322 224 396 aetate,
269 326 551 407 prudentia
587 332 642 383 &
670 329 907 395 virtute,
947 323 1295 404 corporisque
1330 332 1642 409 integritate

25 412 341 490 pollentem.
388 410 484 467 Ad
502 407 551 466 se
572 429 697 466 eum
715 406 841 465 facit
861 408 1038 466 venire
1056 449 1071 470 ‚
1106 409 1266 485 eique
1286 412 1644 471 Amalasuen-

25 493 175 552 tham
196 491 359 550 filiam
387 484 534 550 suam
554 494 610 548 in
630 494 982 550 matrimonio
994 493 1194 569 jungit.
1240 493 1311 547 Et
1344 511 1404 548 ut
1435 495 1498 550 ad
1529 499 1646 572 ple-

26 597 159 634 num
177 578 502 655 progeniem
523 572 668 631 suam
687 570 928 632 dilataret
945 614 959 637 ‚
996 573 1400 631 Amalafredam
1431 597 1649 655 germa-

26 678 151 716 nam
170 657 339 719 suam,
358 677 586 717 matrem
605 654 901 721 Theodati,
918 655 1014 734 qui
1034 654 1217 734 postea
1234 677 1325 713 rex
1345 654 1470 726 fuit,
1490 657 1646 717 Afri-

25 761 98 799 cae
116 743 230 819 regi
252 741 781 818 Wandalorumque
799 744 1093 816 conjugem
1115 739 1294 821 dirigit
1311 739 1646 799 Trasemun—

23 821 98 881 do
117 846 131 888 3
166 822 443 904 filiamque
459 825 595 899 ejus‘,
615 840 834 900 neptem
854 820 999 880 suam
1021 825 1461 903 Amalabergam,
1481 822 1646 882 Thu-

22 910 309 986 ringorum
330 910 442 986 regi
458 902 731 962 consociat
744 903 1175 963 Hermenfredo.
1218 911 1494 965 Petzamin
1510 929 1652 987 quo-

0 1012 1 1015 *
24 1009 134 1066 que
157 987 309 1046 suum
340 991 605 1045 comitem
637 991 779 1045 inter
797 992 1005 1068 primos
1022 990 1259 1046 electum
1285 989 1350 1047 ad
1380 989 1648 1048 obtinen-

24 1072 147 1128 dam
170 1069 510 1128 Sirmiensem
545 1071 730 1152 dirigit
761 1074 1055 1130 civitatem.
1100 1076 1286 1143 Quam
1319 1072 1406 1129 ille
1427 1072 1646 1153 expulso

23 1174 148 1233 rege
168 1159 282 1228 ejus
301 1153 652 1233 Transarioe,
674 1152 789 1211 filio
812 1154 1062 1213 Trafstile
1082 1196 1099 1222 ‚
1119 1173 1327 1212 retenta
1344 1160 1458 1230 ejus
1474 1175 1647 1214 matre

22 1234 283 1293 obtinuit.
328 1236 568 1316 Indeque
588 1255 775 1293 contra
796 1236 1144 1294 Sabinianum
1180 1239 1448 1315 Illyricum
1470 1242 1649 1318 magi-

22 1316 190 1374 strum
214 1321 418 1376 militiae
439 1360 455 1386 ‚
491 1322 585 1398 qui
606 1336 738 1377 tunc
756 1340 882 1375 cum
903 1320 1195 1377 Mundone
1215 1339 1489 1397 paraverat
1511 1344 1645 1378 con-

21 1397 233 1468 flictum
255 1441 269 1461 ‚
304 1402 367 1459 ad
386 1404 662 1459 civitatem
695 1407 1032 1481 cognomine
1069 1401 1439 1481 Margoplano
1464 1444 1480 1468 ,
1521 1426 1644 1483 quae

22 1486 162 1543 inter
197 1483 522 1541 Danubium
543 1526 559 1551 ,
595 1485 1045 1564 Martianumque
1075 1481 1304 1541 flumina
1331 1485 1638 1562 adjacebat,

23 1586 148 1623 cum
170 1565 390 1624 duobus
412 1566 649 1625 millibus
682 1567 927 1647 peditum
947 1609 963 1634 ‚
995 1565 1273 1646 equitibus
1306 1572 1646 1647 quingentiS‚

21 1651 78 1705 in
110 1649 418 1706 Mundonis
451 1647 635 1706 solatia
668 1652 888 1723 veniens
909 1650 1304 1727 ,Illyricianum
1341 1651 1642 1709 exercitum

21 1731 328 1788 demolivit.
370 1732 517 1789 Nam
535 1730 622 1787 hic
642 1729 862 1789 Mundo
882 1734 1142 1788 Attilanis
1163 1732 1445 1810 quondam
1466 1737 1642 1814 origi-

23 1834 90 1869 ne
105 1811 429 1870 descendens
448 1858 462 1880 ,
498 1813 838 1891 Gepidarum
856 1830 1078 1894 gentem
1096 1811 1314 1893 fugiens
1329 1856 1346 1891 Α,
1369 1816 1507 1873 ultra
1521 1818 1643 1873 Da·-

21 1895 255 1952 nubium
277 1901 330 1953 in
349 1899 563 1954 incultis
584 1900 716 1954 locis
734 1941 747 1961 ,
778 1895 885 1952 sine
906 1898 1024 1954 ullis
1043 1917 1195 1954 terrae
1210 1897 1522 1958 'cultoribus
1542 1899 1641 1957 de·-

20 1976 330 2036 bacchatur.
374 1981 444 2036 Et
481 1978 742 2058 plerisque
764 1978 1143 2058 abaetorjbuS,
1180 1982 1547 2059 Scamarisque
1583 1989 1640 2039 &

19 2061 328 2118 latronibus
369 2062 734 2141 undecunque
769 2062 1040 2128 εοὶὶεᾶὶίε,
1086 2066 1278 2121 turrim
1318 2081 1435 2144 quae
1467 2065 1643 2121 Hert-a

21 2143 252 2210 dicitur,
283 2142 436 2223 supra
453 2145 701 2201 Danubii
721 2148 888 2222 ripam
910 2144 1137 2223 positam
1156 2184 1172 2206 ,
1201 2168 1475 2225 occupans
1493 2188 1509 2212 ,
1529 2147 1638 2203 ibi-

22 2246 130 2304 que
150 2223 338 2305 agresti
360 2231 467 2283 ritu
487 2227 725 2305 praedans
744 2231 955 2285 vicinos
972 2269 989 2295 ,
1023 2250 1207 2309 regem
1238 2229 1287 2286 se
1307 2227 1413 2287 suis
1443 2227 1640 2311 grassa«-

22 2308 237 2365 toribus
256 2328 555 2388 nuncupat.
600 2312 769 2366 Hunc
805 2332 938 2389 ergo
975 2311 1123 2388 paene
1144 2310 1483 2390 desperatum
1505 2354 1522 2378 ,
1554 2332 1640 2370 et·-

20 2395 128 2447 iam
147 2391 213 2450 de
235 2392 523 2449 traditione
541 2390 629 2450 sua
649 2392 1034 2450 deliberantem
1056 2434 1073 2461 ,
1105 2400 1266 2451 Petza
1296 2393 1640 2464 subveniene2

23 2471 323 2532 &manibus
359 2474 633 2532 Sabiniani
663 2478 887 2554 eripuit,
924 2474 1130 2556 suoque
1151 2481 1266 2559 regi
1283 2477 1638 2535 Theoderico
1696 2519 1697 2522 κ

22 2576 148 2614 cum
184 2560 480 2637 gratiarum
508 2560 721 2615 afflone
760 2557 889 2615 fecit
916 2557 1240 2633 subjectum.
1286 2562 1422 2618 Non
1458 2563 1642 2618 minus

6 2637 326 2717 *trophaeum
356 2641 421 2699 de
446 2642 663 2703 Francis
693 2661 787 2718 per
817 2640 1064 2718 Hibbam
1101 2641 1258 2705 suum
1287 2645 1547 2701 comitem
1582 2647 1642 2701 in

25 2718 222 2777 Galliis
251 2722 528 2801 acquisivit
559 2764 577 2791 ‚
625 2726 744 2803 plus
778 2745 807 2780 x
827 2746 906 2780 xx
939 2724 1174 2782 millibus
1210 2728 1639 2794 Francorum·in
1698 2753 1700 2756 >

23 2806 218 2882 proelio
241 2805 397 2864 caefis.
440 2806 584 2863 Nam
605 2814 657 2865 &
677 2804 959 2864 Thiodem
984 2805 1137 2886 suum
1171 2812 1497 2887 armigerum
1516 2805 1640 2887 post

25 2902 263 2943 mortem
302 2889 499 2946 Alarici
532 2893 750 2968 generi,
781 2906 1026 2959 tutorem
1063 2891 1119 2947 in
1154 2889 1424 2968 Hispaniae
1462 2909 1638 2968 regno

25 2967 318 3033 ¹Amalarici
340 2973 555 3054 nepotis
573 2971 870 3046 constituit.
917 2974 1040 3046 Qui
1073 2973 1417 3031 Amal-ancus·
1441 2973 1496 3028 in
1533 2967 1640 3044 ipsa

1501 3052 1638 3111 ado*
