1888 3428
177 161 616 221 Go-rTfflcAE
658 159 1063 218 H1s‘ro1zIAE
1105 160 1367 220 L113.IV.
1517 180 1626 240 433

25 245 229 304 tudinis
246 266 303 303 ac
322 242 590 302 firmitatis
609 243 810 323 pridem
831 244 1193 299 excitaverant
1213 242 1416 322 Abasgi
1435 284 1452 310 ‚
1483 263 1595 322 quo
1618 280 1636 310 ,

23 328 123 386 ubi
143 349 222 385 res
242 323 437 384 tulisset
455 369 471 395 ,
494 322 703 403 refugi,
721 322 1008 380 eludebant
1024 320 1249 379 insultus
1270 324 1502 382 hostium
1523 365 1538 389 ‚
1558 327 1640 381 in·-
1679 374 1685 381 ,

21 408 570 488 superabili-locorum
589 404 915 465 difficultate.
960 404 1122 461 Adid
1155 405 1640 483 castellumipsam„

23 513 130 571 que
149 488 496 570 Abasgorum
509 492 786 569 regionem
807 507 946 544 unus
962 485 1036 542 est
1058 487 1231 544 aditus
1251 528 1266 554 ‚
1296 486 1436 544 binis
1455 487 1638 543 homi<-

20 572 508 650 nibusimpervius.
554 570 982 649 Singulitantum
1004 569 1232 647 pedibus
1249 589 1434 625 euntes
1457 610 1472 634 ‚
1492 575 1546 625 δε
1569 568 1637 623 fic

19 675 245 734 quoque
263 675 420 732 aegre,
439 652 713 711 transitum
734 655 1027 729 reperiunt.
1072 653 1223 708 Vltra
1241 650 1377 708 hanc
1395 650 1637 708 semitam

17 737 163 794 vallis
184 734 501 815 confragosa
534 733 829 792 admodum
861 732 887 790 ἒι
923 733 1157 790 Gastello
1192 734 1256 792 acl
1287 732 1457 811 ipsum
1490 754 1635 789 mare

19 821 298 898 pertingit:
315 824 368 876 &
391 837 592 874 nomen
612 815 771 872 habet
792 833 991 872 naturae
1007 813 1109 873 suae
1127 820 1477 873 conveniens.
1498 817 1638 871 Tra·

18 898 150 956 chea
167 901 358 957 Graeca
379 920 509 957 voce
526 898 808 977 appellant.
852 899 1102 955 Romana
1120 899 1287 955 classis
1310 919 1463 954 oram
1486 900 1636 978 lege-2

17 980 112 1037 bat
131 1024 147 1050 ‚
188 981 292 1060 qua
339 979 679 1061 Abasgorum
718 976 1155 1060 Apfiliorumque
1191 978 1494 1038 confinium
1538 977 1633 1035 est.

19 1064 172 1120 Tum
193 1063 455 1120 Iohannes
489 1069 543 1119 &
577 1064 840 1142 Vligagus
856 1060 1100 1141 exposito
1122 1067 1176 1120 in
1196 1083 1389 1125 terram
1426 1066 1592 1119 milite
1615 1102 1631 1123 ,

12 1144 252 1224 pedestre
273 1164 500 1226 caeptant
535 1148 634 1202 iter
654 1186 668 1211 ,
703 1141 850 1220 jussis
871 1143 1017 1222 sequi
1048 1148 1198 1203 littus
1227 1165 1446 1225 propter
1480 1149 1631 1202 navi-

11 1228 116 1306 giis
135 1224 427 1306 nautisque.
473 1226 727 1283 Trochea
747 1247 912 1305 prope
935 1246 992 1284 ut
1013 1246 1238 1285 ventum
1258 1227 1331 1284 est
1347 1269 1364 1295 ‚
1396 1245 1632 1284 armatos

11 1307 350 1388 conspiciunt
385 1308 633 1389 Abasgos
664 1312 857 1365 omnes
876 1349 891 1375 ,
929 1311 1064 1366 ultra
1081 1308 1322 1368 semitam
1342 1331 1505 1390 quam
1521 1310 1635 1367 dixi

9 1387 213 1448 structa
230 1394 338 1448 acie
358 1432 375 1459 ‚
394 1388 626 1469 impleffe
644 1391 832 1449 vallem
853 1431 870 1466 ‚
889 1389 1216 1473 perculsique
1237 1413 1290 1449 re
1307 1390 1633 1470 inexspecta-

0 1489 70 1544 ta
90 1472 291 1530 haerent
312 1472 516 1531 consilii
537 1478 748 1551 inopes.
794 1475 950 1530 Duro
972 1473 1106 1532 casui
1124 1473 1404 1533 confilium
1422 1478 1633 1534 invenit

6 1551 192 1613 sollers
209 1553 463 1613 Iohannis
482 1558 761 1636 cogitatio.
804 1557 993 1613 relicoco
1021 1560 1222 1636 quippe
1240 1559 1345 1614 illic
1365 1577 1489 1614 cum
1514 1578 1632 1636 par-

8 1654 67 1693 te
85 1638 306 1696 dimidia
323 1642 584 1695 exercitus
603 1639 838 1717 Vligago
858 1677 873 1703 ‚
911 1636 1016 1716 ipse
1034 1659 1160 1696 cum
1178 1643 1377 1696 caeteris
1409 1638 1459 1695 se
1480 1642 1628 1697 navi-

7 1717 115 1776 bus
132 1719 335 1784 reddit,
371 1722 709 1798 remigioque
742 1717 987 1776 Trachea
1019 1723 1338 1779 circumiens
1366 1722 1542 1779 donec
1562 1720 1628 1778 ad

12 1821 203 1857 eorum
241 1798 406 1858 finem
443 1798 755 1878 pervenisset
773 1842 790 1868 ‚
829 1799 1073 1859 hostibus
1106 1803 1134 1859 a
1176 1821 1331 1883 tergo
1367 1800 1624 1871 constitit.

13 1884 168 1939 Tum
189 1880 346 1962 fignis
365 1881 565 1939 infestis
595 1886 649 1940 in
667 1881 846 1939 hostes
882 1884 1098 1942 incedit.
1149 1885 1347 1964 Abasgi
1366 1926 1380 1947 ‚
1421 1904 1479 1942 ut
1503 1887 1628 1942 Ro-

13 1968 184 2022 manis
202 1963 251 2020 se
269 1969 425 2022 armis
444 1969 613 2045 premi
628 1963 835 2022 duabus
854 1964 881 2021 ἐ
898 1965 1134 2042 partibus
1157 1966 1330 2024 videre
1347 2008 1363 2032 ,
1386 1987 1499 2024 non
1519 1972 1627 2023 vir-

11 2050 143 2104 tutis
160 2087 177 2114 ,
207 2067 321 2103 non
346 2048 599 2105 ordinum
622 2050 912 2106 retinentes
933 2088 949 2114 ‚
973 2047 1127 2105 verfis
1164 2053 1327 2129 tergis
1345 2048 1553 2127 sparsim
1574 2049 1625 2107 se

14 2126 316 2186 subducunt
336 2171 353 2196 ‚
387 2147 543 2187 tanto
576 2147 726 2187 metu
749 2148 907 2209 atque
927 2132 1048 2188 inde
1070 2135 1316 2188 vecordia
1335 2174 1351 2198 ‚
1388 2150 1446 2189 ut
1466 2134 1624 2187 loco-

5 2231 139 2267 -rum
172 2209 394 2289 abrupta
413 2252 428 2278 ,
463 2233 580 2289 quae
612 2209 819 2268 facilem
854 2214 1119 2292 indigenis
1154 2213 1440 2293 gnatisque
1475 2235 1624 2270 recem

17 2310 170 2370 ptum
189 2292 412 2361 dabant,
435 2315 549 2350 non
570 2295 950 2372 intelligerent.
996 2295 1510 2374 Romanivutrinque
1527 2317 1623 2353 eos

15 2371 250 2452 insequi,
282 2376 526 2433 occidere
563 2379 764 2433 multos
785 2417 801 2442 ‚
835 2374 1095 2454 cursuque
1123 2400 1246 2434 cum
1282 2377 1623 2457 fugientibus

14 2454 79 2512 ad
113 2456 561 2537 castellumusque
596 2460 905 2536 pervenire,
944 2458 1037 2516 ubi
1067 2463 1338 2537 portulam
1371 2459 1542 2517 adhuc
1563 2482 1623 2515 a·-

15 2556 218 2615 pettam
238 2544 524 2618 reperiunt.
568 2539 775 2619 Vigiles
805 2544 1004 2618 quippe
1036 2543 1237 2599 obdere
1276 2542 1497 2599 claustra
1528 2563 1623 2597 ne-

15 2623 257 2696 quierant
277 2661 291 2686 ,
327 2622 457 2679 dum
488 2619 759 2701 fugientes
783 2620 905 2678 suos
935 2627 1232 2698 recipiunt:
1270 2628 1531 2703 mixtique
1551 2645 1617 2679 eo

17 2697 321 2759 ferebantur
336 2704 409 2759 illi
427 2709 519 2782 qui
564 2702 814 2783 fugerant
854 2702 1027 2761 salutis
1057 2705 1267 2772 studio3
1304 2708 1399 2786 qui
1432 2708 1621 2784 seque-

18 2778 210 2839 bantur
228 2825 244 2851 ,
278 2786 415 2843 avidi
432 2787 703 2842 castellum
720 2784 1020 2844 exscindere
1040 2829 1058 2855 ‚
1091 2795 1143 2846 &
1162 2791 1303 2845 naffi
1324 2808 1617 2867 patentem,

20 2881 81 2918 ut
110 2863 247 2932 dixi,
283 2870 567 2928 introitum
610 2866 872 2924 indiscreti
910 2874 1104 2945 pariter
1151 2869 1200 2927 se
1237 2869 1618 2927 infundebant.

17 2944 212 3025 Neque
228 2948 537 3035 custodibus
569 2952 704 3011 ultra
723 2947 959 3088 faculta}¹
975 2970 1067 3022 aut
1106 2952 1426 3031 distinguere
1457 2948 1628 3087 hogi-

33 3049 38 3053 *
978 3053 1006 3088 e
1575 3049 1633 3087 us
