1888 3428
252 178 365 253 388
596 181 975 237 Moe-opu
1034 173 1570 236 Cffisassemism

248 255 523 337 rogandos
555 252 804 318 censuere
835 262 1121 318 Romanos
1144 300 1161 325 ,
1195 279 1254 336 ut
1286 279 1376 316 aut
1412 263 1467 316 in
1487 273 1694 337 partem
1717 264 1888 338 peri--

249 342 499 397 culorum
519 346 975 422 praemiorumque
994 342 1242 399 instantis
1255 339 1572 399 belli‘secum
1589 344 1864 410 venirent,

250 439 343 478 aut
376 426 580 481 neutris
602 424 909 482 accedentes
942 425 1153 481 medios
1185 429 1238 480 δε
1259 444 1444 502 aequos
1464 422 1512 479 se
1533 422 1861 491 bellantibus
1876 462 1883 497 5

231 501 565 581 praeberent.
607 509 840 585 Vtrique
861 507 924 563 ad
945 506 1291 582 Iustinianum
1312 503 1475 561 miffis
1489 507 1677 584 legatis
1696 526 1862 570 even-
1886 541 1888 544 -

251 604 374 641 tum
405 587 840 665 opperiebantur.
884 582 1149 666 Princeps⁴
1169 605 1279 644 erat
1315 586 1543 664 Gepidis
1570 584 1888 652 Thorifin„2

250 668 518 727 Audovin
546 670 933 751 Langobardis.
974 672 1178 749 legatos
1209 672 1488 748 utriusque
1509 669 1688 735 audire
1706 668 1861 725 Iusti-
1884 727 1888 730 Α

251 753 445 809 nianus
464 751 638 809 voluit
656 792 672 818 ,
716 752 801 809 sed
820 750 1034 809 seorsim
1056 752 1152 808 hos
1172 771 1332 829 atque
1351 752 1490 808 illos.
1535 753 1746 808 Priores
1768 749 1866 807 ad-

248 830 391 888 missi
413 834 506 911 qui
524 831 549 890 a
567 833 936 913 Langobardis
957 853 1206 890 venerant
1226 831 1334 890 haec
1367 834 1545 889 dixere
1568 855 1580 888 :
1627 837 1864 890 multum

249 916 544 980 miramur,
579 921 912 994 Imperator,
946 916 1286 992 Gepidarum
1307 915 1734 993 impudentiam,
1768 914 1862 993 qui

250 1013 338 1052 tot
370 1013 530 1072 atque
553 1003 715 1054 tantis
751 999 928 1055 modis
959 1004 1013 1054 in
1044 997 1371 1072 majestatem
1409 1017 1556 1054 tuam
1594 994 1864 1072 injuriofi‚

247 1098 397 1134 nunc
420 1076 523 1135 huc
545 1081 772 1135 veniunt
788 1120 806 1143 ‚
839 1080 1006 1137 ve'rb'o
1025 1077 1299 1137 adversum
1323 1100 1423 1135 nos
1441 1120 1456 1146 ,
1478 1076 1641 1158 reipsa
1663 1077 1864 1155 novam

176 1178 179 1181 ’
249 1163 308 1215 in
327 1180 424 1216 vos
458 1157 754 1216 adferentes
774 1162 1181 1217 contumeliam.
1229 1158 1547 1238 Despicatui
1573 1164 1718 1218 enim
1749 1166 1792 1217 is
1811 1183 1876 1218 a·-

248 1243 356 1298 lios
389 1244 620 1297 maxime
656 1241 845 1303 habet,
886 1248 980 1321 qui
1013 1264 1108 1298 eos
1143 1241 1313 1299 fraudi
1348 1261 1693 1320 opportunos
1717 1243 1885 1318 judi-''

252 1342 408 1383 cans,
456 1321 510 1379 id
529 1327 643 1404 agit
682 1343 742 1381 ut
773 1345 963 1383 eorum
1001 1346 1140 1402 quos
1173 1322 1633 1381 atrociffimelaefit
1649 1325 1869 1382 stultitia

250 1401 570 1483 perfruatur.
618 1407 773 1464 Tum
793 1429 920 1465 vero
949 1406 1259 1484 expendatis
1287 1427 1544 1486 rogamus
1562 1447 1578 1473 ‚
1610 1428 1723 1486 quo
1751 1410 1868 1463 ani-

251 1507 351 1543 mo
388 1489 680 1545 amicitiam
708 1489 932 1566 uestram
964 1489 1202 1546 ambiant
1237 1487 1488 1567 Gepidae.
1523 1488 1592 1546 fic
1612 1493 1757 1545 enim
1784 1486 1868 1546 fa·-

251 1569 511 1626 cini—mum
532 1570 688 1628 vobis
719 1575 819 1628 erit
837 1572 899 1639 ‘id
919 1571 1242 1636 constituere
1262 1572 1414 1650 quod
1445 1571 1472 1627 ὲ
1490 1592 1544 1629 re
1562 1569 1634 1628 est
1652 1572 1865 1634 Roma-

249 1671 337 1708 na.
374 1649 630 1709 tutiffima
649 1655 795 1709 enim
816 1653 1134 1710 hominibus
1162 1651 1330 1710 futuri
1351 1656 1651 1731 exploratio
1671 1653 1699 1709 ἐ
1731 1675 1870 1711 con-

251 1731 574 1789 sideratione
607 1738 999 1813 praeteritorum
1033 1736 1205 1792 datur.
1250 1736 1425 1802 Quod
1446 1733 1481 1791 fi
1516 1740 1570 1791 in
1592 1738 1724 1792 alios
1743 1754 1868 1792 tan-

255 1832 377 1869 tum
414 1818 808 1874 immanitatem
839 1814 984 1873 suam
1019 1815 1352 1873 exseruissent
1385 1817 1612 1894 Gepidae
1635 1857 1652 1883 ‚
1687 1821 1865 1876 multo

256 1896 422 1953 nobis
452 1914 716 1977 tempore·
743 1903 1013 1977 longaque
1048 1902 1292 1955 oratione
1330 1905 1383 1955 ὃς
1419 1902 1685 1975 extraneis
1719 1899 1864 1978 testi-

255 1981 458 2035 moniis
494 2000 633 2057 opus
658 1978 781 2038 effet
813 1980 1089 2059 arguendo
1127 1979 1417 2037 hominurn
1448 1979 1675 2037 istorum
1709 1980 1867 2061 inge-

253 2063 371 2117 nio.
415 2063 493 2124 At
526 2060 1079 2141 nunc‘propinquum
1111 2062 1274 2118 nobis
1304 2062 1331 2117 a
1351 2062 1745 2141 vobismetipfis
1765 2067 1866 2120 do-

258 2160 579 2199 cumentum
611 2141 704 2200 est.
752 2144 1008 2222 Cogitate
1046 2163 1105 2201 ut
1137 2146 1361 2200 Daciam
1390 2147 1626 2223 primum
1648 2144 1742 2223 fibi
1772 2167 1866 2202 ve·-

259 2224 512 2303 &igalem
547 2223 830 2283 habuerint
852 2226 1054 2283 Gotthi
1073 2267 1089 2292 ,
1134 2248 1249 2304 quo
1269 2222 1515 2305 tempore
1547 2227 1772 2304 Gepidae
1792 2230 1867 2286 al-

259 2322 430 2362 teram
465 2305 709 2364 Danubii
747 2310 915 2387 ripam
950 2306 1239 2365 insidentes
1272 2312 1346 2366 ita
1377 2309 1722 2367 Gotthorum
1746 2313 1888 2384 ¹vim}

259 2390 657 2464 pertimuerunt
676 2429 691 2456 ‚
708 2407 766 2446 ut
785 2411 999 2446 amnem
1021 2390 1233 2448 tranfire
1254 2412 1530 2469 nunquam
1550 2395 1605 2449 in
1622 2394 1865 2449 animum
1884 2412 1888 2490 1

223 2519 232 2526 .
256 2467 593 2527 ,induxerint-
627 2489 684 2528 ut
700 2470 879 2529 honos
898 2475 1182 2552 contigerit
1199 2472 1429 2552 Gepidis
1446 2476 1686 2533 amicitiae
1703 2472 1868 2543 socie-

263 2554 493 2630 tatisque
510 2552 774 2611 Romanae
792 2595 808 2621 ‚
853 2575 1030 2631 eoque
1050 2559 1272 2611 nomine
1291 2555 1435 2611 dona
1453 2557 1868 2634 plurimaquot-

263 2636 449 2700 anni3‚
482 2650 599 2690 tum
637 2634 701 2690 ab
732 2636 1158 2714 imperatoribus
1189 2639 1282 2716 qui
1316 2635 1503 2705 fuere,
1535 2656 1653 2695 tum
1684 2637 1779 2694 abs
1809 2655 1866 2695 te

260 2734 483 2792 quoque
501 2714 614 2793 ipso
634 2721 946 2795 acceperint.
989 2724 1097 2774 Iam
1119 2716 1259 2797 ipsos
1276 2721 1609 2797 percunffcari
1628 2722 1865 2799 cupiam,

261 2816 425 2874 quam
459 2818 556 2873 pro
590 2816 673 2876 tot
708 2796 998 2856 benefaecis
1017 2799 1347 2878 reposuerint
1371 2806 1617 2880 gratiam.
1636 2819 1866 2860 -certum

262 2875 338 2957 est
358 2876 489 2934 nihil
523 2900 617 2936 eos
651 2878 852 2938 adferre
884 2881 1025 2959 poffe
1055 2922 1072 2947 ‚
1108 2903 1285 2961 neque
1309 2887 1490 2963 magni
1510 2905 1686 2963 neque
1716 2886 1864 2961 parvi

260 2960 412 3039 quod
440 2963 794 3040 rependerim.
844 2967 1031 3043 Quam
1063 2964 1154 3027 diu
1177 2985 1304 3029 vero
1337 2966 1680 3031 laedendivos
1697 2982 1863 3104 poste-

1505 3059 1509 3062 ’
1781 3058 1861 3107 tas
