1888 3428
101 2240 124 2263 ὓ
137 2229 322 2270 Luthemi-

353 175 464 236 108
810 168 862 227 E
939 187 975 226 t.
1053 189 1092 228 ο
1173 185 1210 225 o
1288 185 1320 225 1
1382 182 1448 222 A.

350 262 407 315 &
424 259 759 311 circueuntes
773 253 1053 333 regionem
1067 291 1085 318 ‚
1119 267 1350 329 quantos
1369 241 1584 327 poffunt
1598 247 1663 308 ad
1670 248 1879 326 Chri-

351 337 669 396 stianitatem
691 333 933 396 trahunt,
953 331 1150 413 eosque
1170 331 1504 411 gubernant
1497 328 1604 406 fine
1622 330 1883 407 myidia,

352 415 616 541 quamdiu
636 422 854 497 vivunt

429 583 570 639 Ecce
591 583 679 639 illa
696 577 1019 637 ferocissima
1034 569 1325 636 Danorum
1345 574 1449 636 five
1466 562 1878 634 Nortmanrxo‘--¹'v

349 686 478 725 ‘rum
507 681 600 720 aut
619 667 899 720 Sueonum
932 665 1081 717 natio
1103 700 1120 725 ,
1157 679 1311 739 quae,
1338 664 1497 734 juxta
1527 658 1672 716 beati
1708 658 1855 716 Gre-

354 750 498 829 gorii
534 747 730 809 verba,
765 743 898 801 nihil
924 741 1064 800 aliud
1086 740 1235 798 scivit
1257 739 1353 798 nisi
1387 731 1673 812 barbarum
1705 732 1856 798 fren-

356 832 519 889 dere,
555 826 878 903 jamdudum
899 828 1053 882 novit
1068 830 1121 881 in
1141 827 1250 882 Dei
1269 819 1518 881 laudibus
1537 825 1771 881 Alleluia
1779 845 1864 897 re·
1880 889 1886 898 ,

356 910 565 970 sonare.
598 931 719 966 ecce
738 910 973 987 populus
992 910 1076 965 ille
1096 902 1409 985 piraticuS‚a
1427 926 1539 984 quo
1558 924 1702 962 totas
1719 893 1878 972 olim⁴

359 995 663 1052 Galliarum
688 999 738 1048 &
769 991 1073 1047 Germaniae
1093 990 1394 1069 provincias
1427 990 1657 1067 legimus
1683 988 1857 1067 depo-

358 1078 585 1155 pulatas,
605 1072 709 1130 suis
728 1093 872 1130 nunc
892 1070 1092 1130 finibus
1107 1087 1396 1130 contentus
1418 1069 1513 1127 est.

438 1241 719 1297 Nimirum
736 1237 847 1305 haec
862 1235 933 1294 est
956 1240 1187 1295 mutatio
1207 1236 1437 1296 dexterae
1457 1233 1662 1304 excelsi,
1680 1240 1734 1293 &
1748 1241 1863 1291 tam'

363 1323 621 1380 velociter
640 1324 804 1376 currit
824 1318 996 1375 sermo
1018 1322 1128 1376 Dei
1149 1320 1581 1397 omnipotenti5‚
1619 1335 1678 1373 ut
1697 1338 1725 1373 a
1741 1307 1863 1373 solis

363 1419 492 1459 ortu
514 1408 564 1459 δέ
590 1401 811 1466 occasu,
845 1400 911 1456 ab
944 1403 1200 1495 aquilone
1238 1407 1291 1458 δι
1312 1403 1482 1468 mari,
1515 1397 1789 1473 laudabile
1799 1395 1863 1454 sit

362 1505 571 1542 nomen
587 1485 860 1551 Domini,
881 1488 937 1539 δε
957 1486 1137 1540 omnis
1157 1484 1343 1561 lingua
1362 1479 1684 1540 confiteatur
1686 1482 1884 1572 ,quiav

362 1567 644 1625 Dominus
673 1564 812 1622 Iesus
845 1563 1091 1621 Christus
1125 1569 1180 1620 in
1212 1567 1384 1643 gloria
1413 1562 1488 1619 est
1517 1566 1627 1620 Dei
1663 1564 1824 1642 patris
1843 1581 1881 1628 ,⁵

365 1669 491 1728 cum
516 1666 661 1728 patre
681 1654 734 1703 &
753 1644 936 1701 Γειῃᾶο
958 1643 1150 1725 spiritu
1157 1647 1340 1706 vivens
1359 1651 1413 1702 δε
1432 1665 1661 1725 regnans
1692 1664 1789 1724 per
1801 1663 1864 1700 0-

366 1734 513 1788 mnia
530 1725 710 1787 [ἐειιΙει
728 1726 1064 1786 saeculorum.
1084 1747 1264 1785 amen.

619 1866 778 1935 Idem
797 1863 967 1931 Libro
987 1863 1246 1956 Hstoriae
1251 1863 1665 1981 ecclajſsasticae
1683 1920 1688 1926 .

445 1960 741 2079 Ansgarius
779 2005 833 2056 &
869 1996 1189 2057 Audbertus
1217 1997 1442 2055 biennio
1480 2000 1549 2054 in
1555 2016 1724 2076 regno
1745 1964 1868 2053 Da-

365 2099 567 2137 norum
602 2084 961 2148 commorati,
996 2083 1200 2139 multos
1223 2101 1296 2137 ex
1328 2079 1584 2160 gentibus
1605 2079 1669 2136 ad
1691 2077 1869 2135 Chri-21

361 2158 584 2220 stianam
603 2162 767 2221 fidem
789 2180 1190 2223 converterunt.
1196 2127 1361 2221 indeb
1335 2183 1390 2219 re
1399 2161 1526 2220 verfi
1542 2182 1666 2219 cum
1680 2160 1867 2218 denuo

366 2243 432 2300 ab
472 2244 512 2284 ἦ
533 2250 865 2325 Imperatore
898 2243 1293 2323 postularentur
1320 2245 1545 2302 ultimos
1578 2246 1881 2311 Sueonumz

291 2344 326 2381 ·.
368 2328 618 2405 populos
632 2329 912 2408 Evangelii
935 2330 1102 2406 gratia
1134 2344 1338 2385 tentare
1358 2367 1376 2395 ,
1408 2324 1723 2406 intrepidus
1741 2324 1869 2385 ath-

366 2411 475 2466 leta
491 2408 693 2467 Christi
721 2408 1055 2488 AnsgariuS,
1089 2406 1363 2488 assumptis
1396 2407 1593 2466 secum
1604 2406 1866 2466 fratribus

367 2488 675 2548 Gissamaro
722 2498 779 2550 &
828 2488 1163 2550 Withmaro
1211 2490 1532 2549 do&oribus
1560 2534 1575 2557 ,
1624 2488 1888 2570 gaudens·

363 2576 610 2652 pervenit
651 2577 708 2632 in
730 2576 985 2632 Daniam
1021 2573 1115 2630 ubi
1144 2573 1449 2652 relinquens
1497 2569 1865 2631 Gissamarum

363 2654 654 2724 Haroldo,
685 2655 791 2733 ipse
808 2676 934 2712 cum
952 2655 1313 2714 Withmaro
1301 2675 1358 2711 in
1377 2658 1684 2713 Sueoniam
1681 2672 1863 2713 trans-

366 2735 600 2795 fretavit.
646 2738 737 2794 ubi
758 2736 1042 2817 benigne
1023 2760 1050 2794 a
1087 2759 1210 2817 rege
1241 2740 1410 2793 Biorn
1446 2736 1702 2817 suscepti,
1739 2755 1866 2792 vere

367 2818 505 2876 bum
522 2820 630 2879 Dei
667 2818 879 2898 publice
912 2821 1205 2897 praedicare
1219 2814 1453 2897 permiffi
1469 2819 1608 2878 sunt.
1654 2818 1862 2876 multos

364 2904 548 2978 itaque
567 2921 660 2978 per
678 2922 878 2958 annum
897 2904 1170 2978 integrum
1190 2903 1376 2959 lucrati
1393 2897 1514 2959 sunt
1528 2902 1763 2959 domino
1770 2903 1865 2955 Ie-

364 2981 424 3046 su
441 2981 686 3044 Christo.
703 2989 763 3043 In
783 2982 981 3064 quibus
998 2981 1316 3066 Herigarius
1338 2983 1525 3064 oppidi
1547 2986 1717 3148 Eitea}
1732 3000 1862 3119 [gae-

461 3125 464 3127 Ᾰ
1710 3085 1734 3122 e
1794 3080 1859 3121 us
