1888 3428
214 189 656 244 Go‘rTHICAE
695 179 1107 238 HISTORIAE
1145 176 1299 237 L113.
1333 179 1448 231 111.
1541 181 1648 254 363

34 265 257 331 suorum
296 271 476 347 paucis
510 261 723 323 confert
745 302 761 328 ‚
795 260 1006 337 reliquo
1044 257 1215 312 milite
1251 257 1314 312 ad
1351 254 1657 334 Hydruntis

32 351 335 434 praefidium
357 350 562 406 relicto,
607 345 815 404 Vrbem
834 362 962 399 vero
983 358 1045 397 ut
1063 337 1359 416 conspexit,
1378 340 1658 416 magnitu-

33 436 159 498 dine
180 432 463 512 praestanti,
482 429 567 488 sed
588 429 745 486 nullis
764 426 1139 487 munimenti8‚
1157 424 1329 477 totius
1346 419 1658 479 custodien-

32 518 112 576 dae
144 515 292 594 spem
331 516 543 571 nullam?
567 511 756 568 habuit
788 533 802 564 ε
844 504 932 562 sed
953 505 1141 565 videns
1162 524 1305 560 mare
1327 500 1394 558 ab
1419 523 1656 581 utroque

32 598 184 659 urbis
199 602 361 655 latere
378 594 674 674 procedens
693 630 710 656 ,
745 589 838 646 ubi
858 610 917 645 ea
941 587 1308 666 Septentrioni
1327 583 1655 653 obvertitur,

31 681 317 740 intervallo
336 677 558 735 modico
578 675 872 733 diremtum
892 667 1131 742 ‚affandi
1153 690 1281 725 mox
1302 669 1498 747 pelago
1516 708 1531 729 ‚
1551 689 1658 747 qua

29 773 183 842 parte
219 780 411 842 portus
443 759 517 824 est
552 758 981 824 Tarentinorum
999 753 1022 820 ’,
1059 771 1210 810 terrae
1228 749 1278 810 se
1299 752 1548 830 cogentis
1569 772 1660 808 an-

30 845 232 926 gustias
247 887 263 914 ‚
282 843 446 901 stadia
466 844 583 921 plus
602 841 795 919 viginti
815 857 930 894 non
950 853 1191 915 patentes
1209 875 1225 901 ‚
1256 833 1507 911 areliqua
1526 831 1659 890 urbe-

29 924 270 993 abscidit,'
289 947 446 986 muro
464 926 492 987 a
507 925 639 980 mari
657 920 721 979 ad
743 941 884 976 mare
907 918 1169 997 perducto
1190 958 1206 985 ,
1235 920 1395 994 eique
1416 909 1661 994 praeje&a

3 1055 6 1059 .
31 1007 164 1078 fossa
183 1051 199 1078 ,
232 1006 499 1089 profunda
518 1003 656 1062 satis.
704 1025 883 1083 eoque
901 1002 1190 1059 contractis
1209 1019 1324 1055 non
1344 1000 1660 1057 Tarentinis

31 1110 244 1155 tantum
264 1134 281 1162 ‚
312 1089 400 1158 sed
431 1097 485 1148 &
513 1089 797 1167 quotquot
828 1090 895 1151 in¹
913 1089 1168 1161 proximo
1187 1080 1500 1139 habitabant
1520 1122 1537 1148 ‚
1566 1085 1659 1156 ju-

29 1173 169 1232 stum
206 1178 255 1232 ei
289 1171 587 1253 praesidium
611 1169 830 1228 addidit.
878 1169 1009 1224 Hoc
1030 1165 1199 1224 modo
1223 1162 1484 1233 Calabria
1507 1182 1657 1220 metu

28 1256 268 1324 liberati,
286 1253 573 1315 deficiendi
593 1251 621 1309 a
639 1251 867 1309 Gottbis
885 1248 1104 1307 confilia
1124 1251 1344 1327 agitare.
1389 1250 1577 1324 Atque
1598 1267 1660 1303 ea

31 1338 164 1397 dum
183 1340 283 1396 illis
300 1342 354 1394 in
377 1335 614 1417 partibus
631 1350 915 1413 geruntur,
929 1332 1144 1389 Totilas
1158 1326 1522 1387 firmissimum
1541 1331 1657 1396 Lu·-

29 1424 190 1480 caniae
209 1419 478 1479 castellum
501 1422 555 1475 in
576 1415 689 1497 ipso
711 1415 972 1473 Calabriae
990 1411 1098 1470 fine
1120 1454 1136 1480 ‚
1165 1409 1534 1476 Acherontida
1554 1431 1659 1484 νοε-

31 1523 175 1568 cant,
194 1524 318 1568 cum
339 1497 549 1580 cespi'ffet
568 1544 583 1565 ,
618 1499 804 1577 ibique
836 1498 901 1554 ad
929 1495 1224 1553 custodiam
1238 1490 1532 1572 ‘rc-liquiffet
1550 1491 1658 1549 hoa

31 1590 210 1644 mines
228 1583 399 1642 ferme
421 1583 847 1662 quadringentos
871 1622 886 1645 ‚
922 1577 1028 1657 ipse
1057 1598 1181 1634 cum
1204 1594 1396 1635 caetero
1418 1578 1656 1635 exercitu

29 1671 350 1740 Ravennam
364 1665 679 1730 contendit,
700 1663 971 1718 nonnuliis
991 1664 1137 1739 prius
1155 1658 1510 1730 barbarorum
1531 1655 1656 1714 mis-

29 1749 95 1807 fis
117 1755 174 1808 in
193 1748 502 1827 Campaniae
521 1765 678 1825 agros
701 1787 712 1807 ‚
735 1747 829 1822 qui
845 1744 1133 1798 Romanos
1153 1735 1435 1797 Senatores
1454 1738 1530 1795 ibi
1560 1760 1658 1796 cu-

30 1831 308 1898 stodirent.
352 1832 482 1887 Hoc
504 1846 749 1904 tempore
765 1823 1013 1883 Belisario
1033 1827 1085 1880 in
1106 1840 1349 1879 mentem
1371 1823 1519 1880 venit
1533 1841 1657 1898 prun.

31 1914 163 1981 dens
183 1914 396 1974 audacia
418 1953 435 1979 ,
463 1932 580 1989 quae
602 1911 758 1966 initio
780 1914 832 1964 &
855 1905 1221 1984 spectantibus
1240 1912 1293 1976 &
1309 1903 1664 1966 audientibus,

32 1997 99 2054 ab
133 1995 328 2054 insania
359 2015 473 2051 non
492 1994 658 2071 longe
685 1989 855 2048 abesse
879 1986 1227 2054 credebatur,
1261 1985 1346 2044 sed
1366 1989 1514 2046 exitu
1537 2007 1656 2043 ma-

29 2078 242 2162 gnifica,
263 2075 574 2156 virtutisque
592 2074 901 2132 admirabile
920 2070 1188 2149 specimen
1205 2071 1465 2149 apparuit.
1511 2073 1657 2126 Pau-.-

20 2165 107 2229 'cis
141 2165 337 2242 quippe
367 2159 588 2218 suorum
624 2157 819 2225 relictis
856 2155 921 2226 ad
948 2160 1148 2211 Pot‘tus
1184 2151 1373 2231 oppidi
1410 2154 1665 2224 tutelam2

30 2243 138 2324 ipse
173 2267 296 2305 cum
331 2264 399 2300 eo
433 2262 600 2322 quem
629 2238 861 2296 habebat
888 2228 1134 2302 >exercitu
1167 2237 1410 2293 Romam
1442 2235 1661 2314 ingredi.

32 2332 293 2409 omnique
312 2330 364 2385 vi
383 2327 610 2393 retinere
630 2321 909 2378 constituit
931 2343 965 2404 ε.
982 2339 1218 2398 cumque
1240 2320 1509 2375 moenium
1527 2319 1656 2375 To-

31 2412 134 2470 tilae
149 2410 322 2479 deiru-ta
339 2409 503 2475 breve
522 2408 660 2462 intra
682 2423 896 2482 tempus
914 2401 1153 2459 resarcire
1174 2421 1288 2457 non
1313 2397 1482 2479 posset
1501 2441 1518 2467 ,
1547 2398 1655 2470 hoc

31 2492 249 2571 adhibet
267 2507 669 2554 commentum.
715 2487 1003 2544 Collefitos
1019 2483 1218 2564 lapides
1236 2523 1270 2551 ,»
1290 2501 1573 2562 quotquot
1597 2485 1656 2549 in

33 2578 211 2637 vicino
247 2576 463 2654 reperiri
499 2588 750 2651 poterant
774 2609 788 2630 ,
823 2571 954 2625 alios
989 2569 1103 2624 aliis
1134 2585 1336 2623 temere
1358 2563 1657 2642 superjacit,-

30 2659 182 2721 nullo
201 2657 562 2717 intercedente
580 2670 912 2733 coagmento
951 2675 963 2709 ε
999 2653 1200 2730 quippe
1226 2669 1342 2704 non
1361 2649 1472 2704 calx
1492 2688 1509 2714 ,
1535 2668 1655 2707 non

31 2739 194 2800 fimile
211 2744 504 2821 quicquam
523 2740 581 2799 in*
598 2753 779 2816 parato
807 2753 914 2791 erat
938 2756 952 2790 ε
984 2751 1199 2790 tantum
1220 2750 1281 2789 ut
1300 2729 1656 2792 substrmffio-

31 2826 116 2887 nis
146 2825 321 2904 aliqua
350 2818 475 2881 effet
505 2819 726 2898 species.
768 2818 1016 2877 Exterius
1035 2816 1232 2873 multas
1251 2811 1441 2871 defixit
1460 2810 1651 2870 sudesz

32 2925 281 2967 manente
300 2903 376 2963 ibi
394 2910 447 2962 δε
463 2900 612 2968 fossa,
634 2921 797 2980 quam
813 2899 1090 2977 prioribus>
1102 2894 1445 2975 temporibus
1463 2893 1530 2951 ab
1553 2913 1653 2949 eo-

30 2987 158 3062 dem,
174 2992 467 3076 excitatam*
488 2985 644 3067 supra
678 2984 1122 3050 memoravimus,
1167 2978 1656 3067 Summa—militurn,

1504 3067 1507 3069 ⁵
1590 3074 1649 3116 m
