1888 3428
235 191 688 251 Go'rTHmAE
730 193 1121 250 H1sToR1AE
1162 197 1439 255 L1B.1V.
1536 198 1651 270 461

35 271 348 368 prodiiffent
364 275 653 333 hominurn
673 293 836 354 opera
861 274 1015 330 tecta
1020 272 1286 333 laetar'nine
1315 278 1515 356 diuque
1541 278 1661 337 fota

34 359 90 412 in
111 360 400 415 animantia
419 357 611 415 enasci.
654 358 786 415 Haec
819 357 961 414 diffca
988 355 1150 413 rebus
1172 376 1228 414 ut
1247 362 1620 452 approbarent
1642 402 1660 430 ‚

34 439 223 495 multis
258 462 355 496 eos
387 440 594 508 verbis,
630 439 1017 516 donorumque
1048 442 1357 520 ingentium
1393 442 1658 519 promiffis

34 519 280 578 hortatus
318 520 393 578 est
430 528 754 601 Impeiffator
808 523 885 578 Illi
923 488 1141 577 reversiD
1146 525 1201 577 in
1239 523 1515 601 Serindarn
1551 545 1660 581 ova

31 604 357 684 Byzantium
378 603 653 661 referunt.
684 624 800 682 quae
819 601 1136 682 postquam
1124 624 1178 660 in
1198 626 1408 661 vermes
1438 627 1656 662 memoe

34 703 141 741 rata
168 690 275 760 jam
313 706 423 744 arte
455 684 1001 753 transformaverant‚
1045 684 1266 764 pascunt
1303 691 1447 743 mori
1479 686 1656 755 foliis,

33 786 194 846 atque
216 791 279 826 ex
300 773 361 826 iis
383 766 608 826 faciendi
630 767 770 846 apud
792 768 1080 825 Romanos
1101 766 1247 827 serici
1266 770 1425 827 dant
1414 773 1658 827 initium.

30 850 288 911 Diximus
308 853 373 910 de
395 849 537 907 bello
571 851 858 908 Romanos
891 852 1031 909 inter
1061 849 1384 931 Persasque:
1419 853 1658 910 diximus

33 938 86 988 δέ
108 933 172 990 dei
189 932 354 990 serico
373 955 488 1013 quae
509 932 730 990 dicenda
751 950 916 990 erant.
957 934 1175 1013 Hyeme
1207 932 1359 992 finita
1377 934 1657 1013 profecfitus

32 1014 97 1071 ad
116 1014 278 1072 Chos
268 1037 398 1072 roen
428 1036 551 1071 cum
585 1019 829 1124 pecuniis
848 1015 1195 1096 Isdiaguna5‚
1237 1039 1353 1095 quae
1389 1038 1515 1074 curn
1548 1022 1656 1073 Im*

30 1115 276 1174 peratore
295 1100 445 1177 pafia
466 1100 666 1154 retulit.
701 1099 887 1166 seille,
907 1117 1126 1193 accepto
1147 1121 1309 1166 aum,
1334 1097 1656 1179 statimpro-

13 1178 174 1245 ,bavit
195 1181 461 1239 inducias:
498 1201 676 1258 neque
694 1199 876 1238 tamen
897 1202 964 1238 eo
982 1185 1151 1260 magis
1169 1185 1416 1239 Lazicam
1436 1182 1650 1239 dimisit.

31 1265 165 1340 quin
187 1265 248 1319 iis
269 1261 388 1340 ipsis
406 1265 647 1341 pecuniis
666 1263 971 1320 εοηάιιξῖοε
1005 1285 1207 1343 magno
1228 1285 1458 1320 numero
1479 1266 1654 1320 Hun—

33 1365 135 1401 nos
167 1344 434 1412 Saberos‚
475 1344 670 1401 additis
712 1352 765 1402 δε
799 1344 964 1402 Persis
1002 1348 1316 1409 nonnullis,
1354 1344 1460 1403 sine
1501 1368 1656 1403 mora

30 1429 197 1484 mittit
244 1428 607 1495 Mermeroae,
650 1430 805 1506 eique
842 1431 1104 1506 imperat,
1144 1427 1288 1485 bello
1330 1447 1388 1485 ut
1416 1428 1652 1502 insistat,-

0 1531 2 1534 ’
30 1530 161 1566 mox
182 1516 235 1567 δε
271 1509 592 1608 elephantos
624 1509 933 1589 complures
956 1529 1015 1568 ut
1044 1508 1277 1579 habeat,
1307 1507 1455 1568 facit.
1498 1508 1656 1569 Mer-

30 1613 243 1649 meroes
283 1593 461 1671 'igitur
496 1613 619 1649 curn
673 1595 827 1648 omni
877 1591 1152 1650 Persarum
1198 1594 1655 1674 Hunnorumque

28 1680 267 1731 exercitu
288 1672 577 1731 Mucherifi
609 1671 877 1751 degressus
898 1713 914 1738 ‚
953 1678 1009 1731 in
1041 1679 1314 1732 Lazorum
1335 1678 1655 1732 munimen-

27 1775 77 1814 ta
102 1758 403 1821 contendit,
424 1754 716 1835 elephantis
736 1755 1143 1814 comitantibus.
1184 1756 1464 1836 Nusquam
1487 1762 1534 1814 ei
1557 1779 1656 1814 oc-

28 1838 313 1896 currebant
359 1840 598 1913 Romani
631 1879 647 1906 ‚
699 1836 786 1896 sed
838 1839 1085 1896 Martino
1122 1840 1260 1897 duce
1298 1841 1363 1897 ad
1400 1838 1652 1897 Phasidos

8 1921 180 1987 ostia,
202 1922 451 1978 locorum
474 1920 714 2000 praesidio
734 1924 873 1989 tuti,
892 1921 1379 2001 conquiescebanr:
1414 1921 1507 1980 ubi
1527 1944 1655 1981 cum

25 2008 99 2061 eis
119 2023 230 2061 erat
259 2009 790 2082 Lazorumquoque
812 2025 902 2060 rex
940 2004 1218 2062 Gubazes.
1265 2006 1403 2062 Rara
1431 2002 1654 2062 fortuna

8 2087 215 2145 raccidit
235 2129 249 2154 ‚
287 2108 469 2143 tant-us
491 2106 549 2143 ut
571 2086 870 2143 Medorum
891 2091 1154 2144 exercitus
1178 2089 1329 2144 nullo
1351 2089 1551 2145 damno
1575 2085 1657 2144 af*

26 2167 208 2227 ficeret
242 2190 333 2228 aut
350 2171 636 2226 Romanos
673 2189 763 2244 aut
795 2173 988 2227 Lazos·
1034 2173 1277 2227 Primum
1312 2174 1458 2226 enim
1500 2170 1657 2227 Mer-

28 2273 238 2309 meroes
258 2266 277 2317 ‚‘
312 2253 438 2309 csrm
472 2251 762 2309 audissetis]
782 2251 995 2309 castello
1024 2254 1264 2330 quodam
1285 2250 1656 2310 sororemeffe'

29 2335 272 2392 Gubazis
297 2378 312 2402 ‚
350 2357 468 2392 eam
491 2337 687 2413 quovis
708 2334 877 2392 modo
896 2350 1080 2413 capere
1120 2339 1340 2413 cupiens
1359 2377 1374 2402 ‚
1407 2337 1531 2392 illuc
1553 2336 1658 2392 du-

27 2421 116 2474 cit.
164 2419 264 2475 Sed
286 2418 424 2475 bene
444 2416 492 2475 se
513 2418 821 2475 tutantibus
844 2420 934 2495 qui
961 2416 1202 2495 praefidio
1236 2436 1386 2475 erant
1409 2458 1424 2484 ‚
1463 2425 1517 2476 &
1549 2416 1657 2497 ipsa

27 2499 220 2574 adjutis
240 2503 487 2557 locorum
510 2504 730 2568 natural-i
749 2498 1168 2560 firmitate,irriti
1187 2502 1312 2555 inde
1329 2499 1505 2556 abiere
1524 2503 1660 2557 Ear—

31 2580 182 2650 bari„
218 2601 378 2660 atque
400 2586 453 2640 in
476 2581 722 2661 Abasgos
742 2585 841 2638 iter
861 2590 1138 2660 cepernnt.
1184 2582 1286 2639 Sed
1310 2586 1402 2659 qui
1438 2582 1656 2640 Tzibu‘·

29 2665 134 2734 lam
171 2663 542 2722 custodiebant
577 2666 853 2731 Romani,
890 2684 1161 2743 occuparo
1191 2663 1451 2734 transitu,
1490 2687 1658 2744 quem

32 2745 398 2825 descripsimus
428 2746 550 2804 alibi
581 2749 788 2804 aldium
809 2753 862 2803 δε
883 2747 1173 2825 abruptis
1161 2750 1411 2815 invium,
1444 2748 1661 2823 objece-

33 2847 89 2884 re
107 2826 225 2885 sese.
267 2831 386 2886 Nec
427 2829 612 2886 videns
649 2831 990 2886 Mermeroes
1026 2829 1316 2908 quomodo
1349 2849 1660 2909 perrumpe-

32 2926 117 2966 ret
137 2910 376 2969 adversos
396 2951 410 2972 ‚
447 2929 590 2968 retro
611 2911 798 2979 duxit,
819 2911 1165 2991 Arcliaeopoli
1183 2908 1424 2968 infestus.
1469 2911 1570 2966 Sed
1590 2910 1656 2966 ab

7 2989 231 3051 .insultu
252 2994 488 3071 dejectus
524 2997 780 3055 maenium
802 3033 818 3064 ,
847 2994 971 3054 hinc
990 3015 1213 3073 quoque
1231 2994 1377 3052 abiit.
1418 2992 1660 3128 Rorspani

1457 3094 1510 3130 in
1565 3095 1661 3155 :in-¹
