1888 3428
757 181 807 238 E
886 200 923 238 L
999 200 1037 235 o
1119 200 1156 236 o
1233 197 1257 234 1
1336 199 1395 237 A·
1887 221 1888 234 ,

323 210 429 350 {de
444 268 695 324 Deorum
716 261 962 322 &radios
989 264 1176 340 capitis
1209 260 1400 339 aspici,
1436 256 1694 338 persuafio
1715 260 1809 320 ad·

319 352 457 428 jicit.
497 349 628 405 Illuc
648 344 813 427 usqne
830 386 847 413 ,
865 341 903 402 fi
920 365 1040 405 vera
1057 340 1198 400 fama
1213 384 1230 410 ,
1248 360 1460 400 tantum
1480 360 1681 399 natura.
1728 343 1822 400 er->

323 454 398 513 go
410 437 522 507 jam
543 430 734 492 dextro
755 429 965 486 Suevici
979 429 1138 483 maris
1153 428 1336 483 littore
1351 422 1656 502 AEstyorum
1677 424 1824 506 gen?

323 533 404 571 tes
424 514 732 571 alluuntur:
765 509 963 590 quibus
984 513 1117 566 ritus
1148 505 1466 586 habitusque
1487 509 1816 575 Suevorum‚

324 597 509 676 lingua
539 598 855 652 Britannicae
875 593 1118 672 propior.
1159 590 1397 648 Matrem
1428 590 1614 646 Deum
1653 609 1817 646 vene-

322 698 524 735 rantur.
569 677 772 758 infigne
790 672 1176 753 superstitionis
1190 714 1208 740 ,
1229 669 1431 730 formas
1451 691 1706 751 aprorum
1724 692 1820 751 ge·
1864 713 1869 722 ,

328 759 485 818 stant.
534 760 589 817 id
624 780 724 836 pro
745 759 905 816 armis
938 758 1300 835 omniumque
1334 755 1536 820 tutela,
1577 751 1823 810 securum

325 845 459 901 Deae
478 842 744 900 cultorem
760 843 922 898 etiam
940 841 1081 895 inter>
1098 837 1276 895 hostes
1295 834 1520 916 praestat.
1552 855 1696 892 rarus
1714 832 1825 891 fer-

323 929 405 992 ri,
438 922 692 1004 frequens
739 920 964 980 fustium
1000 918 1142 978 usus.
1180 916 1454 978 frumenta
1498 915 1824 995 caeterosque

323 1005 533 1066 fruetus
573 1009 860 1085 patientius
890 1024 1053 1083 quam
1088 1025 1185 1083 pro
1228 1001 1377 1061 solita
1413 1003 1825 1076 Germanorum

326 1091 520 1147 inertia
539 1087 808 1146 laborant.
851 1086 955 1144 Sed
973 1091 1027 1142 &
1044 1107 1188 1142 mare
1210 1083 1510 1143 scrutantur
1529 1123 1546 1147 ,
1569 1103 1625 1138 ac
1646 1078 1742 1140 soli,
1762 1102 1827 1137 o·-

73 1179 201 1229 eonfer-
218 1177 293 1226 Cas-
330 1175 540 1228 mnium
560 1169 832 1228 succinum
858 1209 873 1229 ,
919 1167 1071 1247 quod
1088 1166 1180 1246 ipsi
1199 1167 1403 1249 glesum
1424 1184 1623 1225 vocant
1639 1198 1667 1229 ,ν
1691 1166 1830 1219 inter

60 1239 230 1292 fiodorum

70 1295 152 1332 Lib.
179 1305 219 1330 v.

73 1350 173 1403 epzst:
195 1362 251 1387 11.

333 1255 464 1313 vada
481 1272 640 1332 atque
674 1255 732 1309 in
761 1249 875 1329 ipso
906 1250 1089 1307 littore
1105 1253 1313 1328 legunt.
1358 1269 1460 1306 nec
1488 1268 1607 1325 quae
1641 1262 1833 1301 natura

333 1357 518 1416 quaeve
537 1337 676 1391 ratio
709 1335 900 1411 gignat
920 1370 937 1397 ‚
974 1349 1034 1411 ut
1055 1331 1324 1397 barbam,
1358 1327 1637 1409 quaefitum
1673 1346 1832 1382 com-

333 1436 653 1498 pertumve:
684 1414 777 1471 diu
810 1415 1106 1491 quinetiam
1139 1415 1279 1469 inter
1298 1430 1483 1470 caetera
1500 1409 1829 1484 ejefftamen-

333 1517 387 1557 ta
405 1501 565 1556 maris
576 1495 798 1574 jacebat.
817 1495 992 1552 donec
1013 1495 1225 1552 luxuria
1247 1492 1428 1551 nostra
1445 1493 1589 1551 dedit
1605 1511 1832 1548 nomen.

332 1580 457 1660 ipfis
474 1583 531 1637 in
550 1579 699 1638 nullo
721 1575 836 1636 usu.
877 1575 1008 1633 rude
1026 1576 1226 1654 legitur
1243 1616 1261 1643 ‚
1289 1573 1528 1633 informe
1548 1570 1834 1654 perfertur,
1879 1631 1885 1634 ,

335 1666 681 1742 pretiumque
702 1662 956 1715 mirantes
971 1659 1259 1735 accipiunt.
1305 1661 1533 1714 Succum
1555 1676 1738 1714 tamen
1757 1676 1841 1711 ar-

334 1744 538 1802 borum
559 1740 657 1799 effe
687 1741 986 1818 intelligas:
1015 1743 1139 1818 quia
1169 1756 1376 1796 terrena
1407 1739 1652 1819 quaedam
1673 1756 1836 1816 atque

337 1829 502 1883 etiam
525 1826 755 1883 volucria
774 1821 1020 1879 animalia
1037 1823 1358 1879 interlucent
1376 1862 1394 1889 ‚
1428 1840 1547 1900 quae
1566 1821 1841 1899 implicata*

335 1906 569 1965 humore
590 1948 607 1974 ‚
637 1927 766 1963 mox
785 1901 1090 1963 durescente
1111 1907 1327 1960 materia
1347 1943 1362 1966 ,
1377 1903 1689 1961 cluduntur.
1719 1902 1838 1973 *Fe-

339 1989 598 2047 cundiora
633 1990 798 2067 igitur
833 2007 1058 2043 nemora
1092 1984 1383 2065 lucosque,
1424 1984 1555 2041 ficut
1592 1985 1839 2042 Orientis

339 2069 551 2129 secretis
570 2115 584 2136 ‚
620 2070 715 2126 ubi
734 2067 891 2126 thura
923 2064 1255 2146 balsamaque
1274 2066 1528 2125 sudantur
1547 2110 1560 2131 ‚
1596 2069 1671 2124 ita
1688 2068 1840 2124 occi-

272 2168 275 2169 ’
339 2153 518 2211 ἀεηῑίἐ
537 2150 720 2209 insulis
736 2147 992 2228 terrisque
1009 2147 1165 2218 ineffe
1179 2148 1514 2209 crediderim,
1540 2169 1656 2227 quae
1677 2149 1840 2205 vicini

341 2238 480 2292 Solis
499 2235 656 2292 radiis
694 2230 923 2311 expreffa
943 2249 1103 2310 atque
1137 2233 1398 2310 liquentia
1426 2233 1483 2288 in
1520 2233 1836 2309 proximum

342 2318 778 2383 marelabuntur,
806 2335 863 2371 ac
883 2315 934 2370 vi
950 2312 1330 2392 tempestatum
1347 2318 1405 2371 in
1424 2311 1633 2372 adversa
1646 2315 1838 2385 littora

340 2400 632 2457 exundant.
679 2401 731 2454 Si
751 2413 997 2453 naturam
1031 2395 1226 2454 succini
1252 2397 1480 2470 admoto
1497 2397 1624 2474 igne
1643 2412 1838 2462 tentes,

341 2484 399 2538 in
418 2481 649 2539 modum
667 2478 811 2538 taedae
831 2477 1137 2537 accenditur
1151 2519 1168 2545 ‚
1196 2480 1392 2557 alitque
1412 2476 1689 2536 flammam
1714 2480 1840 2555 pin-

317 2568 319 2587 '
340 2585 510 2644 guem
529 2570 583 2621 δε
598 2565 861 2620 olentem:
882 2578 1097 2625 mox,ut
1114 2563 1169 2617 in
1185 2565 1359 2639 picem
1375 2560 1706 2639 resinamque
1722 2560 1840 2615 len-

339 2644 641 2703 tescit.Suio
651 2643 808 2702 nibus
823 2646 1079 2701 Sitonum
1095 2661 1281 2700 caetera
1293 2641 1484 2700 fimiles
1497 2661 1690 2723 gentes
1705 2659 1851 2699 con-.

345 2730 645 2785 tinuantur.
671 2746 780 2783 uno
800 2722 1062 2784 differunt
1084 2766 1099 2791 ‚
1123 2725 1273 2804 quod
1291 2722 1494 2782 femina
1510 2726 1846 2782 dominatur.

344 2813 401 2867 in
421 2828 630 2868 tantum
648 2830 759 2878 non
782 2808 950 2864 modo
970 2805 997 2863 Ξι
1014 2807 1255 2872 libertate
1274 2849 1291 2874 ,
1329 2805 1415 2865 sed
1432 2810 1593 2864 etiam
1620 2807 1648 2864 ὲ
1676 2804 1844 2863 servi-

349 2909 470 2950 tute
523 2891 862 2970 degenerant.
919 2889 1003 2945 hic
1042 2892 1257 2957 Sueviaer
1292 2886 1435 2945 finis·
1478 2891 1842 2947 Peucinorum
1877 2892 1879 2894 ’

351 2975 819 3055 Veneriorumque
851 2973 1236 3030 &Fennorum
1268 2975 1513 3029 nationes
1550 2972 1842 3029 Germanis

1777 3068 1843 3105 an
