1888 3428
240 167 359 245 306
437 235 442 238 ,
572 159 966 220 Pnoeoian
1009 143 1600 233 ‘CAEsAREENsts
1666 153 1713 234 ſs

231 247 415 325 equi-te
435 256 825 324 protereretur‚
842 241 1129 322 diligenter
1145 236 1401 299 servabat.
1421 244 1595 297 Poma
1610 235 1675 312 de
1689 236 1854 301 arboa-

212 329 382 387 ¹ribus
401 328 589 389 tollere
608 328 816 384 nemini
846 321 942 381 sub
969 344 1037 380 eo
1057 318 1382 402 permiffum.
1422 323 1544 380 Nec
1565 325 1744 379 minor
1761 329 1858 382 tire

172 453 184 469 2
229 433 291 469 ca
312 430 565 469 venerem
585 410 795 490 religio.
831 405 1147 462 cunctarum
1165 401 1489 462 feminarum
1512 407 1706 479 notitia
1723 423 1865 483 prae-i

229 510 314 550 ter
345 492 645 574 legitimam
681 509 909 548 uxorem
932 485 1252 544 abstinebat.
1295 488 1416 544 Tot
1440 487 1711 565 perductis
1729 488 1794 545 ad
1810 485 1860 544 se

227 564 511 634 Vandalici
525 573 892 650 Gotthicique
912 573 1124 649 generis
1144 569 1460 628 mulieribus
1480 610 1496 636 ‚
1531 566 1709 642 forma
1728 590 1877 648 prae-

230 657 490 716 stantiore
526 677 689 736 quam
725 652 1008 732 quisquam
1045 648 1253 709 vidiffet
1288 652 1604 708 mortalium
1635 657 1659 720 ,‘
1681 645 1872 709 :etiam

233 738 529 818 conspeetu
556 779 574 803 ‚
603 737 738 795 adeo
755 737 1034 812 colloquio
1053 734 1418 811 contactuque
1454 731 1727 791 abstinuit.
1763 734 1863 790 Ad

230 820 344 879 haec
363 840 471 879 erat
485 863 503 889 ,
525 819 561 877 fi
580 817 860 900 quisquam
877 858 897 885 ,
913 816 1093 873 sollers
1113 814 1580 894 promptusquein
1601 818 1862 894 perplexis
1886 873 1888 875 ,

229 904 391 963 rebus
410 906 618 982 optima
633 903 870 981 reperire
891 923 905 956 ι
928 898 1018 956 Ad
1037 898 1165 955 belli
1186 899 1418 976 pericula
1436 919 1560 954 cum
1579 896 1872 969 forti-tudi-

229 1007 302 1044 ne
318 1005 526 1047 cautus,
547 990 601 1041 &
621 1005 747 1041 cum
767 985 975 1053 ratione
991 980 1215 1047 audenS,
1230 1000 1288 1035 ac
1306 1020 1321 1040 ‚
1340 1000 1503 1057 prout
1522 983 1717 1037 utilitas
1734 1000 1862 1037 exe-

231 1089 404 1148 gerat,
426 1071 480 1124 in
499 1065 712 1124 hostem
736 1063 963 1130 subitus,
978 1080 1068 1119 aut
1088 1063 1392 1118 cunstator.
1432 1068 1690 1120 Praeterea
1707 1065 1762 1118 in
1784 1082 1864 1118 re-

231 1150 338 1207 bus
359 1147 588 1208 adverfis
612 1167 788 1225 neque
808 1147 922 1223 spes
942 1147 1185 1200 animum
1206 1142 1480 1200 dest-,rebat
1497 1184 1514 1210 ,
1543 1165 1721 1223 neque
1741 1163 1862 1221 per-

231 1231 485 1288 turbabat
507 1238 685 1286 metus
715 1252 729 1284 :
774 1228 868 1283 ubi
889 1225 1136 1304 prospera
1155 1244 1445 1282 evenerant
1465 1267 1483 1292 ‚
1515 1224 1758 1304 superbia
1776 1227 1862 1282 lu-

232 1312 435 1392 xusque
468 1310 705 1368 aberant.
766 1308 996 1366 Ebrium
1039 1304 1347 1364 Belisarium
1382 1329 1549 1365 nemo
1585 1307 1720 1365 vidit
1755 1323 1885 1385 unu-2

233 1400 432 1475 quarm
509 1389 614 1451 Per
658 1391 751 1449 has
800 1394 1025 1447 virtutes
1060 1429 1074 1449 ‚
1127 1388 1391 1469 quamdiu
1442 1410 1533 1468 per
1579 1386 1822 1448 Africam
1842 1429 1860 1452 2
1886 1444 1888 1448 .

234 1476 498 1557 quamdiu
534 1469 631 1553 per
667 1476 872 1531 Italiam
907 1474 1176 1529 Romanis
1222 1475 1380 1529 armis
1421 1468 1637 1550 praefuit
1677 1513 1694 1539 ‚
1719 1475 1884 1545 ‘vin-J

234 1581 354 1618 cere
399 1556 612 1615 hostem
656 1553 924 1635 terrasque
974 1558 1126 1613 terris
1172 1554 1318 1611 bello
1366 1574 1540 1633 partas
1574 1554 1888 1616 annectere

221 1647 520 1719 >nunquam
559 1637 710 1696 defiit
727 1679 742 1695 .
802 1638 1097 1716 Postquam
1147 1658 1276 1694 vero
1307 1637 1630 1717 Byzantium
1656 1640 1862 1696 accitus

237 1724 392 1782 venit
424 1764 438 1786 ,
503 1738 626 1778 tum
664 1740 794 1776 vero
832 1722 1008 1776 multo
1045 1739 1210 1798 quam
1253 1737 1377 1775 ante
1417 1722 1602 1776 clarius
1638 1723 1862 1778 emicuit

238 1807 357 1863 viri
379 1801 724 1883 magnitudo.
764 1803 962 1880 Neque
997 1807 1142 1858 enim
1172 1798 1297 1857 solis
1325 1802 1492 1858 animi
1524 1801 1774 1858 laudibus
1805 1825 1862 1860 a·

237 1889 342 1944 lios
361 1884 636 1953 anteibat,
661 1880 746 1941 sed
781 1889 836 1940 &
873 1904 1043 1961 opum
1075 1882 1438 1951 abundantia,
1474 1881 1864 1965 satellitumque

227 1973 298 2026 ⁴&
320 1969 699 2046 protectorum
720 1962 1013 2022 numeroso
1033 1970 1249 2045 agmine
1270 2006 1284 2026 ,
1320 1968 1556 2023 multum
1578 1966 1741 2023 duces
1764 1970 1861 2045 qui

241 2051 368 2109 ante
396 2047 610 2106 fuerant
643 2046 960 2127 exsuperans
992 2088 1006 2113 ,
1044 2046 1306 2104 militibus
1339 2046 1493 2105 simul
1529 2045 1862 2129 ducibusque

242 2130 656 2194 formidabatur,
673 2128 740 2187 fic
759 2151 924 2187 nemo
948 2148 1006 2186 ut
1027 2125 1151 2186 esset
1169 2169 1184 2195 ,
1214 2133 1306 2209 qui
1323 2128 1471 2203 juffis
1496 2129 1675 2187 obniti
1695 2129 1863 2189 aude-

244 2226 327 2274 ret
347 2258 361 2279 ,
386 2234 553 2271 nemo
574 2216 801 2292 quinon
821 2213 1042 2268 alacrem
1063 2213 1111 2283 se
1131 2211 1434 2270 ostenderet
1454 2213 1667 2292 exsequi
1687 2215 1880 2293 impe*

244 2315 372 2360 rata,
395 2317 490 2375 per
508 2297 864 2353 reverentiam
883 2297 1095 2351 virtutis
1115 2314 1205 2350 aut
1225 2316 1288 2351 ex
1310 2296 1361 2350 vi
1383 2313 1608 2353 metum.
1624 2325 1626 2327 >
1640 2297 1862 2372 Septem
1876 2317 1888 2357 ὁ

245 2382 496 2458 equitum
517 2377 680 2434 millia
696 2375 761 2433 de
781 2375 868 2433 sua
887 2374 1172 2433 exhibebat
1189 2377 1361 2433 domo
1383 2419 1399 2444 ‚
1435 2399 1674 2456 quorum
1693 2398 1861 2435 nemo
1876 2387 1888 2442 ἐξ

245 2479 358 2520 erat
379 2481 544 2538 quem
567 2456 754 2517 censor
771 2462 1115 2537 quantumvis
1133 2457 1341 2515 severus
1364 2463 1621 2534 rejiceret.
1643 2465 1888 2517 'omnes

245 2548 407 2624 primi
427 2540 559 2599 stare
580 2544 637 2598 in
655 2543 784 2607 acie,
807 2538 1037 2597 hostium
1058 2538 1414 2597 ferocifflmos
1434 2562 1728 2619 provocare
1745 2544 1885 2599 avi-..⁴

245 2626 324 2683 di.
366 2624 498 2682 Ideo
530 2626 917 2681 Romanorum
952 2621 1096 2679 senes
1129 2643 1253 2679 cum
1275 2621 1464 2680 obsessi
1487 2623 1513 2680 ὲ
1535 2622 1762 2681 G'otthis
1779 2619 1875 2701 fa-23‘

247 2710 434 2764 cinora
451 2707 538 2763 illa
570 2708 624 2761 in
645 2706 833 2783 praeliis
853 2708 1063 2786 egregia
1082 2702 1450 2783 conspicerent
1468 2750 1483 2771 ‚
1520 2708 1696 2763 mirati
1714 2706 1888 2767 dice->233-

245 2789 382 2846 bant
402 2833 416 2854 ‚
453 2785 818 2845 Theuderichi
842 2808 972 2865 opes
1003 2787 1068 2844 ab
1097 2790 1255 2844 unius
1283 2786 1522 2845 hominis
1556 2786 1756 2845 familia
1773 2783 1883 2866 cle-‘ij

248 2869 396 2928 strui.
442 2874 524 2928 Sic
544 2867 817 2927 Belisarius
836 2876 889 2926 &
907 2869 1169 2950 dignitate
1188 2875 1241 2927 &
1260 2866 1510 2937 sollertia,
1532 2888 1590 2927 ut
1608 2870 1885 3008 diximus}

251 2957 499 3033 eminens
515 2975 575 3014 ea
594 2949 954 3013 constituebat
986 2974 1105 3035 quae
1125 2973 1188 3012 ex
1208 2949 1304 3030 usu
1335 2971 1484 3017 erant
1514 2953 1834 3036 Imperatori
1859 2975 1884 3019 ,a

1663 3040 1719 3093 δε
1737 3048 1868 3096 con-'

1886 3177 1888 3193 l

1886 3200 1888 3209 i

1886 3219 1888 3227 A

1886 3243 1888 3261 Ι
