1888 3428
204 163 646 222 Gorrmcffl
687 156 1093 217 H‘1s'roR1ffi
1135 163 1383 223 L1B.11.
1524 191 1640 251 237

31 267 183 306 num.
230 251 278 303 Is
311 244 375 301 ad
415 239 718 300 Belisarium
752 239 1044 320 perduchis
1073 243 1234 302 verba
1262 269 1360 324 pro
1382 252 1643 311 omnibus

31 327 176 387 fecit.
199 328 404 385 Bellum
425 347 601 403 neque
620 322 774 382 vobis
790 362 804 384 ‚
823 325 1021 401 inquit,
1041 346 1217 404 neque
1234 327 1415 397 nobis,
1431 335 1645 392 conclu-

24 433 143 469 cere
161 453 177 478 ‚
197 411 383 468 docuit
403 426 662 486 utrosque
678 403 784 484 ipsa
821 405 1090 463 malorum
1110 411 1453 486 experientia.
1488 416 1645 481 Quid

25 497 175 550 enim
189 499 343 567 juvet
357 509 448 547 aut
464 511 561 546 vos
581 505 669 544 aut
688 508 790 543 nos
826 507 1019 567 negare
1038 510 1156 567 quae
1179 495 1234 546 &
1269 491 1431 549 nobis
1451 500 1506 551 δε
1542 518 1646 554 vo-

23 573 106 632 bis
126 597 192 632 ex
208 594 363 654 aequo
383 571 750 650 suntcognita.
791 570 879 626 Ne
897 569 950 627 id
970 570 1191 649 quidem
1229 573 1322 629 nifi
1351 576 1503 633 valde
1534 581 1645 635 im-

25 657 259 736 prudens
289 656 563 734 negaverit
582 693 598 720 ,
628 648 928 731 sapientum
963 673 1078 708 non
1100 652 1198 712 efl'e
1217 696 1234 723 ‚
1274 658 1535 734 prolatare
1550 683 1645 739 per

23 739 138 796 odii
165 740 509 816 pertinaciam
546 733 773 790 miserias
805 775 821 800 ‚
858 755 916 790 ac
949 756 1066 791 non
1100 758 1160 792 ea
1175 741 1361 816 potius
1380 744 1639 820 cogitare,

21 819 312 900 quomodo
329 817 378 874 se
419 818 570 873 malis
587 818 869 894 explicent.
913 820 1054 883 Quae
1073 839 1197 876 curn
1236 841 1358 878 vera
1375 820 1480 879 lint*
1496 864 1513 891 ‚
1548 848 1642 905 par

21 900 99 958 est
120 899 391 979 utriusque
405 901 585 980 gentis
601 898 652 954 id
670 918 870 962 curare,
891 919 958 955 ne
977 899 1201 958 salutern
1225 900 1317 959 fibi
1333 911 1641 982 parentium

17 983 139 1062 post
158 983 274 1041 suas
311 982 507 1060 glorias
532 979 732 1041 ductant
751 1021 768 1048 ‚
804 978 892 1037 sed
911 1002 970 1037 ea
999 984 1199 1062 eligant
1219 1006 1338 1062 quae
1357 1008 1508 1064 aequa
1537 988 1641 1048 sint

18 1071 74 1122 &
89 1063 383 1122 commoda
401 1085 513 1120 non
535 1063 638 1119 suis
652 1081 861 1120 tantum
875 1061 960 1120 sed
981 1069 1035 1120 δέ
1056 1066 1266 1124 adversa
1292 1066 1638 1130 sectantibus:

17 1164 181 1226 atque
201 1168 266 1204 eo
294 1145 462 1202 modo
481 1143 758 1224 praesentes
779 1142 1025 1224 superent
1044 1146 1639 1233 difficultatesQuippe

17 1228 248 1286 modicis
267 1246 591 1285 contentum
606 1225 886 1292 effe‚rebus
900 1235 1245 1307 quantumvis
1267 1236 1415 1290 malis
1431 1239 1636 1295 exitum

20 1313 259 1368 invenit:
298 1315 652 1368 contumaciae
685 1305 858 1366 fatum
894 1309 969 1367 est
984 1350 1000 1376 ,
1025 1310 1159 1368 nihil
1195 1315 1347 1391 quod
1383 1335 1637 1394 oporteat

16 1390 274 1450 effe&um
295 1392 428 1450 dare.
462 1390 585 1447 Nos
616 1388 783 1446 finem
807 1411 1106 1470 quaerentes
1129 1392 1253 1452 huic
1268 1394 1413 1454 bello
1450 1395 1635 1461 ad‘vos

18 1475 339 1533 advenimus
358 1515 372 1535 ‚
395 1471 721 1551 proposituri
759 1495 877 1550 quae
897 1477 952 1529 in
990 1495 1287 1534 commune
1306 1477 1427 1537 sunt
1446 1483 1595 1539 utilia
1615 1526 1632 1554 ‚

17 1561 180 1614 etiam
196 1580 323 1614 cum
342 1559 523 1633 aliquo
539 1558 672 1629 juris
687 1554 856 1611 nostri
876 1555 1221 1614 detrimento.
1261 1561 1515 1619 Vestrum
1537 1570 1635 1625 erit

16 1661 200 1698 cavere
221 1681 238 1707 ,
258 1661 325 1696 ne
345 1677 360 1702 ,
384 1640 612 1693 nimium
638 1636 915 1693 tendendo
934 1681 948 1701 ‚
966 1640 1021 1693 in
1041 1644 1325 1716 pernitiem
1348 1650 1512 1701 ruatis
1526 1667 1635 1724 po·-

11 1725 120 1779 tius
138 1743 298 1801 quam
331 1740 446 1798 quae
481 1715 627 1775 saluti
655 1716 775 1776 sunt
806 1717 1026 1776 sumatis
1046 1762 1060 1775 .
1106 1723 1239 1780 Non
1272 1724 1446 1805 longo
1489 1731 1632 1788 inter

13 1825 118 1862 nos
137 1801 430 1869 verborum
450 1800 661 1857 ambitu
696 1801 1010 1858 certandum
1033 1800 1144 1859 est:
1175 1809 1379 1885 quippe
1412 1812 1484 1866 ita
1503 1832 1636 1890 per-

12 1883 141 1943 suafi
155 1883 251 1943 esse
265 1884 549 1946 debemus,
573 1882 757 1961 siquid
772 1882 1077 1942 altrinsecus
1090 1886 1296 1945 dicatur
1313 1891 1465 1969 quod
1486 1910 1634 1951 tem-

13 1971 136 2047 pori
153 1989 264 2026 non
285 1968 568 2023 conveniat
589 2007 605 2033 ‚
626 1966 830 2024 alteros
849 1964 952 2023 fine
972 1988 1125 2024 mora
1143 1970 1295 2048 quod
1328 1994 1391 2028 ex
1414 1972 1507 2031 usu
1528 1974 1630 2033 suo

14 2052 332 2130 rectumque
347 2049 707 2123 judicaverint
725 2045 984 2105 faetums.
1023 2052 1201 2108 Placet
1221 2074 1326 2131 qua
1354 2054 1531 2114 dicitis
1549 2061 1630 2116 le-

14 2154 86 2214 ge
105 2136 244 2190 inter
264 2154 368 2189 nos
390 2129 593 2194 differi,
619 2130 788 2187 reddit
805 2128 1083 2197 Belisarius
1105 2155 1205 2191 vos
1224 2153 1284 2191 ut
1302 2155 1454 2216 aequa
1487 2146 1542 2197 δε
1562 2142 1629 2198 ad

11 2235 199 2292 pacem
216 2212 464 2272 facientia
480 2215 802 2292 loquamini,
823 2216 1068 2288 monitos
1089 2238 1185 2273 vos
1208 2216 1480 2278 habetote.
1498 2223 1627 2281 Post

11 2295 122 2356 haec
142 2296 489 2355 Gotthorum
508 2297 671 2375 legati
690 2298 983 2375 excipiunt.
1010 2302 1208 2373 Injuria
1223 2322 1324 2357 nos
1341 2299 1587 2362 affecistis
1605 2346 1624 2371 ,

13 2379 250 2437 Romani
275 2422 291 2448 ‚
309 2381 477 2458 quiin
500 2380 704 2434 amicos
723 2384 777 2434 &
812 2377 986 2436 socios
1024 2403 1169 2438 arma
1191 2381 1298 2440 fine
1330 2385 1478 2443 causa
1517 2386 1627 2445 sus-

12 2465 276 2540 ceperitis.
310 2465 444 2518 Non
465 2463 558 2517 alia
576 2457 876 2517 adferemus
895 2484 1059 2540 quam
1078 2468 1244 2522 cuivis
1270 2466 1501 2525 vestrum
1518 2491 1627 2526 no-

13 2560 86 2602 ta.
106 2547 262 2615 'Non
283 2546 333 2601 vi
356 2545 621 2600 Romanis
637 2543 845 2599 Italiam
865 2548 1106 2623 eripuere
1126 2548 1348 2607 Gotthi.
1370 2550 1627 2610 Odoacer

12 2647 131 2685 eam
167 2630 510 2707 Imperatoris
543 2646 666 2682 cum
703 2624 843 2683 caede
885 2646 1091 2705 raptam
1115 2632 1163 2686 vi
1194 2631 1413 2690 tenebat
1436 2674 1452 2700 ‚
1497 2656 1623 2693 cum

11 2709 145 2766 alter
160 2714 460 2788 Imperator
476 2710 766 2764 Orientem
784 2706 1041 2768 obtinens
1058 2713 1240 2782 Yen0,
1263 2712 1433 2772 ulcisci
1453 2719 1623 2774 inter-

11 2787 217 2848 fectum
237 2833 254 2858 ‚
272 2793 472 2849 Italiam
488 2789 699 2848 servitio
726 2792 958 2848 eximere
986 2814 1257 2872 quaerens,
1296 2795 1384 2854 sed
1403 2800 1620 2863 virium,

14 2891 147 2949 quas
179 2872 438 2930 Odoacro
458 2890 782 2952 opponeret,
803 2893 914 2930 non
931 2872 1050 2932 satis
1080 2878 1220 2956 apud
1248 2879 1297 2935 se
1319 2884 1583 2956 reperiens
1602 2922 1616 2943 ‚
1688 2926 1695 2933 ,

10 2950 455 3017 Theuderichum
470 2953 765 3036 principem
782 2955 1145 3039 nostrum‚qui
1163 2963 1177 3017 i
1182 2959 1258 3040 psi
1274 2978 1390 3020 tum
1408 2963 1620 3096 Zsenoni

11 3027 70 3039 *⁴
1349 3040 1421 3098 ob
1448 3040 1618 3099 idium
