1888 3428
203 190 647 248 Go-rTmcffi
687 188 1094 245 H1s'ToR1AE
1133 189 1405 246 L1B.IV.
1515 199 1642 265 *455

29 269 479 352 quadringentaS,
512 291 572 329 ut
595 270 623 328 ἃ
639 268 900 329 violandis
918 268 1151 325 induciis
1167 289 1235 325 eo
1256 272 1402 327 velut
1421 272 1652 350 pignore

31 355 338 413 Chosroem
375 355 645 413 retineret.
685 351 775 410 sed
807 347 1105 408 concess'ere
1134 350 1355 408 tandem
1386 354 1653 420 Romani,

30 437 410 517 summamque
438 455 614 494 totam
650 432 900 514 praesente
918 435 1146 512 pecunia
1163 431 1537 501 exsolverunt,
1578 454 1650 490 ne

31 541 209 578 annua
229 520 431 577 tributa
449 519 681 600 pendere
697 515 1024 574 viderentur.
1067 515 1230 573 Adeo
1250 515 1517 576 vocabula
1534 536 1652 571 ma-

30 606 114 682 gis
134 607 310 681 turpia
334 643 348 666 ‚
387 624 552 681 quam
573 621 653 658 res
668 597 800 677 ipsas
820 596 1038 659 aversari
1058 639 1075 666 ,
1098 619 1221 655 mos
1242 597 1534 655 hominum
1553 594 1652 652 est.

28 687 159 741 Erat
176 689 317 741 inter
335 683 514 742 Persas
531 687 611 742 vir
636 701 844 762 magnae
875 682 1124 738 claritatis
1143 722 1160 749 ‚
1190 678 1443 738 Bersabas
1462 681 1653 736 nomi-

32 789 132 833 ne,
171 767 432 827 Chosroae
465 770 604 824 inter
623 769 829 844 primos
863 767 1098 831 amicus,
1128 785 1296 844 quem
1329 765 1649 822 Valerianus

33 851 217 929 praelio
249 854 307 908 in
338 851 615 908 Armeniis
652 847 829 905 victor
862 850 1139 924 captivum
1158 844 1388 912 fecerat,
1436 847 1651 924 Byzan-

33 937 287 1012 tiumque
320 933 385 990 ad
416 938 803 1011 Imperatorem
825 927 1034 987 miserat
1054 971 1072 998 ‚
1114 928 1210 987 ubi
1238 927 1538 986 custoditus
1557 926 1653 983 diu

34 1017 200 1072 vixit:
244 1036 342 1072 nec
358 1015 570 1073 auditus
589 1031 700 1070 erat
718 1009 993 1069 Chosroes
1011 1054 1028 1080 ,
1049 1033 1271 1092 magnas
1288 1013 1542 1091 pecunias
1561 1005 1654 1066 of·-

32 1095 210 1155 ferens
229 1116 288 1154 ut
307 1119 433 1156 eum
458 1094 795 1177 postliminio
816 1098 1096 1173 reciperet.
1139 1102 1250 1152 Iam
1273 1116 1403 1152 vero
1422 1092 1654 1172 poscen-

33 1183 78 1236 ti
110 1201 236 1237 eum
273 1179 563 1261 Isdiagunae
595 1175 745 1236 facile
782 1178 1005 1235 donavit
1036 1184 1358 1257 Imperator.
1414 1177 1655 1233 Pollice-

35 1261 195 1319 batur
215 1265 362 1320 enim
381 1267 425 1320 is
454 1265 663 1341 legatus
692 1264 1043 1338 Imperatori,
1077 1259 1126 1317 se
1145 1259 1378 1316 consiliis
1397 1257 1500 1316 suis
1519 1255 1654 1315 effe-

34 1347 254 1402 &curum
277 1385 291 1406 ,
307 1363 370 1402 ut
388 1345 416 1402 e
433 1348 620 1401 Lazica
637 1346 931 1401 exercitum
952 1342 1203 1400 educeret
1223 1340 1520 1399 Chosroes.
1551 1345 1656 1396 Pa-

35 1428 133 1484 &ae
150 1425 272 1485 sunt
287 1426 366 1492 hae
385 1428 611 1486 induciae
629 1427 898 1483 Romanis
914 1423 1187 1504 Perfisque
1204 1469 1217 1489 ,
1251 1445 1376 1481 cum
1397 1426 1653 1503 quintum

35 1515 92 1567 &
127 1507 440 1568 vicefimum
476 1512 806 1590 principatus
841 1529 1043 1565 annum
1079 1506 1402 1565 Iustinianus
1435 1522 1654 1584 ageret,

35 1613 94 1650 ac
124 1591 275 1651 fuere
309 1597 363 1650 in
383 1591 583 1651 offensa
602 1591 744 1670 apud
769 1593 1154 1648 Romanorum
1175 1591 1467 1668 plerosque
1486 1628 1502 1653 ,
1531 1593 1654 1661 jure

33 1696 102 1732 an
126 1677 351 1749 injuria,
382 1696 442 1733 ut
468 1695 607 1732 unus
627 1678 682 1731 in
706 1674 924 1752 parendi
958 1673 1279 1743 conditione
1315 1669 1654 1750 positorum,

31 1757 209 1816 dicere
239 1777 354 1813 non
383 1756 579 1814 audeo.
629 1757 904 1813 Caeterum
935 1754 1045 1813 haec
1076 1756 1149 1813 illi
1180 1751 1493 1810 adferebant
1512 1794 1530 1821 ‚
1573 1748 1659 1807 fa-

35 1841 187 1898 &um
221 1837 376 1897 fedus
407 1835 514 1896 hoc
548 1838 576 1895 :i
604 1836 772 1896 Persis
790 1859 915 1894 cum
936 1837 1109 1895 v'alida
1142 1834 1464 1916 poffess‘ione
1498 1854 1657 1891 tene-

35 1940 156 1980 rent
185 1925 430 1980 Lazicam
451 1964 469 1990 ‚
496 1943 564 1978 ne
594 1942 688 2001 per
704 1923 1144 2000 quinquennium
1172 1922 1467 1999 quicquam
1486 1923 1657 1974 inter-

36 2007 251 2063 cederet
271 2046 287 2072 ,
326 2025 441 2083 quo
477 2009 658 2061 minus
677 2021 800 2061 tuto
818 2024 873 2059 ac
895 2006 1025 2060 citra
1055 2021 1266 2060 metum
1298 2000 1658 2081 pulcherrima

39 2087 321 2146 Colchidis
353 2086 716 2145 inhabitarent
746 2130 758 2152 ‚
813 2085 957 2143 unde
989 2107 1085 2142 eos
1119 2084 1260 2142 bene
1298 2082 1659 2141 confirmatos

39 2172 184 2228 nulla
201 2191 445 2249 unquam
466 2189 616 2229 aetate
637 2171 903 2248 nullisque
921 2167 1226 2225 rationibus
1253 2166 1512 2246 depellere
1532 2167 1659 2229 Ro-⁰

39 2257 185 2310 mani
207 2255 460 2310 valerent.
504 2251 777 2310 Accedere
798 2292 815 2318 ‚
853 2251 1004 2328 quod
1023 2274 1086 2308 ex
1104 2252 1205 2308 illis
1223 2252 1472 2307 locisiter
1487 2245 1658 2306 Perfis

38 2338 363 2415 Byzantium
401 2333 567 2414 usque
601 2339 915 2412 aperiretur.
959 2335 1088 2390 Hoc
1117 2338 1284 2414 igitur
1318 2335 1373 2389 in
1405 2351 1657 2411 tempore

43 2417 445 2497 prospeffantes
480 2418 683 2475 multos
716 2417 876 2473 dolor
907 2419 961 2472 in
991 2414 1212 2496 praesens
1239 2457 1256 2483 ,
1315 2419 1371 2472 in
1404 2413 1656 2473 futurum

43 2520 219 2558 metus
247 2499 521 2557 invaserat.
563 2502 684 2558 Nec
714 2498 989 2555 tacebatur
1019 2544 1033 2564 ‚
1075 2499 1227 2578 quod
1264 2497 1474 2578 pridem
1503 2514 1663 2574 opta-

42 2599 161 2639 tum
193 2583 358 2641 Persae
391 2603 504 2640 non
536 2582 680 2639 bello
699 2622 716 2648 ‚
750 2602 865 2638 non
897 2580 1012 2638 astu
1046 2583 1299 2639 obtinere
1333 2583 1618 2660 quiverant
1639 2619 1658 2645 ‚

45 2667 407 2723 utRomanos
442 2665 536 2722 fibi
572 2664 831 2721 haberent
862 2662 1268 2743 stipendiarios,
1313 2665 1367 2721 id
1399 2681 1545 2719 nnnc
1587 2664 1664 2718 eis

47 2746 322 2829 contigisse
370 2747 467 2804 sub
516 2747 855 2805 induciarum
892 2751 1150 2805 nomine.
1203 2747 1350 2803 Nam
1394 2766 1517 2802 cum
1547 2750 1660 2821 jam

47 2830 253 2908 pridem
299 2828 574 2887 Chosroes
622 2849 868 2886 annuum
915 2829 1187 2886 tributum
1239 2827 1663 2908 quadringenta-

49 2932 170 2968 rum
228 2912 484 2970 librarum
537 2914 821 2991 imponere
869 2913 1137 2969 Romanis
1194 2907 1452 2990 flagrasset
1483 2949 1500 2975 ‚
1551 2913 1665 2982 jam

46 2991 151 3054 sub
191 2994 528 3055 induciarum
561 2992 730 3077 specie
783 2995 1004 3054 honesta
1040 2997 1177 3051 intra
1209 3013 1382 3051 annos
1414 2988 1669 3047 undecim

971 3075 1054 3134 Ff
1089 3098 1131 3153 4
1194 3117 1197 3119 -
1514 3090 1677 3150 men-3
