1888 3428
274 134 711 196 GoTTHICAE
753 135 1152 203 tusa-omit:
1192 138 1401 196 LtB.I.
1528 158 1640 220 205

47 221 177 279 dum
198 218 346 301 gesta
361 220 447 279 est.
485 221 677 299 apertis
695 223 749 275 &
767 215 843 273 ibi
863 218 1033 292 portis
1051 219 1106 272 in
1126 216 1384 277 barbaros
1401 224 1650 282 incautos

47 322 369 383 proruptum
391 325 404 359 ε
430 304 612 382 illique
632 295 816 357 omifl'a
835 296 1145 356 defensione
1165 318 1312 380 terga
1333 303 1520 361 dantes
1539 325 1653 364 tru-

47 386 204 443 cidati
224 425 240 451 ,
278 383 498 443 incensae
532 383 716 439 itidem
737 379 992 438 machinae
1012 421 1028 447 ,
1072 382 1143 437 ita
1166 399 1223 438 ut
1244 385 1431 440 multis
1452 384 1604 445 fimul
1622 389 1653 446 ἐ

46 466 289 546 partibus
323 471 461 524 muri
492 464 707 522 flamma
737 460 1149 519 collucescerent
1182 486 1197 519 ε
1241 464 1500 545 latiusque
1537 490 1655 526 ma—

47 567 210 606 nante
229 551 427 629 pavore
444 591 460 616 ‚
480 545 736 627 quicquid
756 542 973 624 usquam
995 548 1193 602 circum
1215 546 1403 604 urbem
1424 569 1533 606 erat
1554 551 1654 607 ho-

45 629 241 698 stium,
277 628 407 710 fuga
438 629 488 687 se
522 631 834 707 proriperet.
897 632 1096 707 Ingens
1130 632 1382 708 utrinque
1419 632 1653 699 clamor,

46 711 170 769 hinc
191 714 256 769 de
275 734 434 769 muro
455 710 828 790 persequentes
847 709 1249 767 adhortantium
1268 753 1284 778 ‚
1317 712 1442 771 inde
1476 718 1530 770 in
1564 736 1656 772 ca—

45 792 164 851 stris
187 796 537 852 calamitatem
558 811 761 848 tantam
792 791 1213 871 deplorantium.
1257 798 1457 873 quippe
1476 818 1542 852 eo
1567 799 1656 856 die

46 880 265 955 triginta
299 873 644 933 Gotthorum
681 875 843 930 millia
879 873 1079 952 periisse
1108 916 1125 942 ‚
1175 875 1376 933 ducum
1414 876 1654 957 ipsorum

45 957 398 1015 affirmatione
419 960 742 1035 accepimus.
783 957 1188 1014 vulneratorum
1221 965 1656 1043 quoqueingens

45 1039 216 1097 turba.
248 1062 374 1096 nam
396 1059 454 1097 ut
475 1044 527 1096 in
547 1037 835 1120 numeroso
856 1044 1070 1119 agmine
1087 1062 1199 1097 non
1220 1041 1535 1101 aberrabant
1551 1048 1658 1104 tela

45 1121 111 1178 de
143 1122 419 1180 moenibus
456 1120 636 1189 missa,
674 1127 727 1178 &
748 1125 839 1197 qui
862 1142 1200 1180 excurrerant
1234 1125 1404 1181 inulta
1423 1127 1564 1184 caede
1598 1129 1657 1185 in

45 1199 271 1281 'pavidos
300 1211 354 1261 δε
390 1202 661 1283 fugientes
699 1202 1080 1282 graffabantur.
1131 1207 1300 1263 Hunc
1332 1205 1499 1264 finem
1539 1208 1654 1266 sero

46 1283 258 1364 vespere
286 1284 476 1342 habuit
511 1308 666 1342 mane
701 1304 878 1364 coepta
907 1291 1269 1366 oppugnatio.
1313 1290 1659 1348 Nocfitemin-

46 1364 360 1447 sequentem
388 1366 692 1425 insomnem
724 1387 951 1444 egerunt
972 1389 1089 1446 pars
1108 1387 1334 1448 utraque
1358 1393 1371 1426 :
1415 1373 1678 1431 Romani·

46 1451 104 1518 in
136 1448 410 1507 moenibus
446 1470 701 1515 ovanteS,
745 1447 1030 1529 faustisque
1053 1453 1361 1509 attollentes
1380 1455 1658 1513 ominibus

45 1531 350 1597 Belisarium
374 1573 388 1593 ‚
422 1534 591 1589 incliti
628 1550 974 1588 mortuorum
1005 1530 1218 1612 spoliis:
1273 1534 1477 1593 Gotthi
1509 1535 1658 1594 refo-

47 1633 234 1672 ventes
273 1612 493 1670 suorum
529 1616 784 1680 vulnera,
817 1612 891 1670 ob
927 1613 1138 1671 amiffos
1174 1616 1349 1672 moesti
1384 1618 1658 1696 lugentes-

45 1717 169 1772 que.
216 1718 343 1751 mox
362 1697 536 1752 literas
555 1698 618 1751 ad
648 1701 1037 1772 Imperatorem
1070 1700 1238 1754 mittit
1253 1697 1529 1756 Belisarius
1549 1701 1657 1759 hoc

44 1775 360 1858 fignificatu.
402 1779 666 1834 Venimus
686 1782 740 1833 in
758 1778 960 1834 Italiam
982 1796 1039 1835 ut
1052 1777 1286 1853 jufferaS,
1310 1785 1658 1863 multumque

45 1878 300 1917 terrarum
320 1899 336 1924 ,
356 1857 629 1937 postremo
653 1867 703 1917 δέ
719 1860 958 1916 Romam
982 1866 1220 1939 cepimus
1241 1903 1256 1926 ‚
1283 1863 1349 1920 de
1360 1863 1515 1941 pulfis
1534 1864 1658 1922 bar-

47 1940 223 2008 baris:
265 1946 499 2021 quorum
533 1941 725 1999 ducem
757 1942 1042 2000 Leuderim
1082 1965 1195 2001 non
1229 1949 1299 2002 ita
1320 1967 1491 2025 nuper
1517 1948 1582 2004 ad
1602 1968 1658 2006 te

46 2022 180 2080 misi.
223 2020 310 2080 sed
329 2025 514 2082 accidit
534 2023 694 2081 nobis
715 2043 774 2082 ut
794 2065 810 2089 ‚
844 2024 973 2082 dum
997 2026 1061 2083 ad
1099 2030 1282 2085 Siciliae
1317 2050 1375 2086 ac
1407 2032 1659 2087 munito-

47 2126 168 2163 rum
204 2126 319 2184 quae
350 2110 405 2162 in
439 2109 585 2163 Italia
617 2110 778 2185 potiti
812 2104 993 2164 sumus
1029 2109 1327 2166 custodiam
1362 2112 1657 2171 dividimus

48 2190 274 2245 militem
296 2230 312 2255 ‚
346 2193 604 2245 exercitus
624 2190 687 2246 ad
709 2189 1020 2267 quindecim
1041 2193 1204 2248 millia
1223 2191 1284 2249 fit
1302 2197 1652 2254 imminutUS.

45 2273 126 2324 At
142 2290 266 2327 vero
287 2270 464 2327 hostes
484 2273 536 2327 in
559 2293 660 2328 nos
680 2275 906 2328 veniunt
925 2278 1123 2330 centies
1154 2281 1208 2332 δε
1243 2277 1660 2356 quinquagesies

50 2352 208 2410 mille.
252 2352 322 2409 Et
342 2357 578 2430 primum
615 2354 831 2433 quidem
869 2377 989 2411 cum
1031 2354 1362 2433 speculatum
1397 2359 1462 2416 ad
1480 2361 1660 2419 Tibe-

18 2431 22 2438 “
47 2435 147 2490 rim
167 2435 425 2514 progreffi
446 2434 669 2493 essemus
691 2478 708 2503 ,
742 2435 945 2514 nosque
961 2436 1233 2495 neceffitas
1249 2440 1429 2520 egifl'et
1448 2446 1502 2499 in
1522 2463 1661 2521 prae-

47 2513 178 2572 lium
200 2557 217 2583 ,
253 2521 541 2575 minimum
578 2515 750 2575 abfuit
772 2523 904 2596 quin
922 2516 1077 2577 hastis
1109 2521 1485 2582 obrueremur.
1532 2525 1660 2582 Post

48 2615 171 2654 cum
196 2600 251 2654 in
271 2603 469 2656 moenia
493 2601 732 2680 undique
754 2620 877 2657 toto
900 2606 1112 2683 agmine
1128 2603 1402 2662 insiliffent
1419 2607 1655 2677 barbari,

47 2681 331 2757 ingenti&
354 2681 718 2740 machinarum
740 2704 923 2761 paratu
941 2725 958 2751 ,
978 2689 1184 2745 tantillo
1207 2690 1460 2746 minus&
1482 2711 1584 2747 nos
1603 2696 1660 2748 δε

47 2759 238 2818 urbem
269 2768 444 2841 primo
477 2786 662 2844 cepere
695 2769 922 2846 impetu.
967 2772 1122 2825 Bona
1140 2766 1433 2828 fortunaid
1453 2775 1663 2830 malum.

49 2841 325 2902 evasimus,
369 2867 485 2926 quae
519 2852 664 2904 enim
699 2852 906 2928 negotii
940 2850 1191 2931 cujusque
1228 2872 1471 2911 naturam
1498 2854 1660 2931 supe-

47 2941 188 3011 rant,
204 2947 264 2988 ea
285 2949 398 2992 non
419 2929 663 2997 humanae
686 2930 950 2994 industriae
969 2974 987 3006 ,
1014 2931 1099 2996 sed
1118 2940 1375 3015 potentiae
1398 2935 1660 3016 superiori

1416 3032 1420 3039 ·
1503 3036 1657 3073 acce-
