1888 3428
273 191 351 253 72
499 173 954 233 V'Psso‘eopn
993 171 1695 232 effiszt'Rmmxrstst'‘'⁵

266 252 516 334 plancius
550 258 859 315 mulierum.
914 256 1077 313 Nulla
1106 276 1287 312 rerum
1327 277 1446 334 quae
1478 256 1694 312 aderant
1726 263 1871 316 cur22

267 339 411 394 nulla
442 340 823 417 proximorum
857 339 1267 395 lamentantium
1302 335 1587 394 miseratio.
1636 336 1731 393 fibi
1766 360 1874 417 qna.

175 436 179 437 ⁷
265 437 478 497 poterat
509 418 735 500 quisque
769 417 958 498 fugam
992 419 1253 498 capiebat.
1297 424 1376 475 Ita
1408 441 1574 476 vacua
1596 417 1769 488 ‘castra
1803 423 1888 477 o-ri

263 522 564 580 mnemque
593 506 877 581 pecuniam
909 523 969 560 ac
993 499 1374 580 supelletstilem
1406 503 1649 575 Romani
1670 478 1888 573 hab-ue-‘l

264 602 323 640 re
343 606 358 640 ε
403 604 581 662 neque
600 605 668 641 eo
688 587 869 653 minus
886 586 1109 641 noetem
1127 601 1299 641 totam
1317 580 1649 662 insequendo
1668 577 1888 640 ducena-⁴

265 681 346 722 tes
360 705 378 733 ,
395 667 561 734 virm,
579 663 932 745 quoscunque
949 668 1113 733 naffi,
1130 664 1553 723 interficiebant:
1575 663 1804 723 feminas
1817 670 1888 733 δε,

262 749 526 825 puerilem
544 764 754 806 aetatem
775 751 1041 828 mancipia
1070 746 1356 805 faciebant.
1398 750 1699 828 Nunquam
1715 751 1771 803 in
1791 738 1888 823 ul⁴ff

264 831 323 885 lo
342 828 467 886 loco
489 830 647 887 militi
676 847 837 887 tantae
856 852 989 910 opes
1020 848 1274 910 repertae,
1305 848 1521 908 quantae
1542 832 1643 887 illis
1675 825 1888 908 castrisqi

264 910 412 969 Nam
444 911 676 971 Vandali
708 913 915 992 pridem
943 914 1220 970 Romanas
1250 929 1412 970 terras
1442 914 1687 992 populati
1705 911 1888 973 multa}

262 990 444 1050 secum
472 996 530 1050 in
562 991 806 1052 Africam
839 995 1092 1053 tulerant.
1127 995 1346 1052 Deinde
1366 994 1535 1072 ipsum
1566 991 1763 1052 Africae
1783 990 1888 1052 so-t

260 1076 377 1132 lum
406 1074 541 1132 uber
558 1082 614 1133 &
634 1096 874 1156 quorum
905 1080 1137 1134 maxime
1157 1082 1266 1134 vita
1297 1076 1508 1157 indiget
1526 1074 1834 1134 faecund‘um
1854 1077 1888 1154 ἐξ

260 1158 379 1234 quo
412 1157 589 1215 evenit
617 1199 633 1225 ,
677 1176 740 1214 ut
767 1162 865 1237 qui
899 1159 1025 1215 inde
1065 1158 1498 1238 percipiebantur
1529 1158 1728 1216 reditus
1756 1163 1888 1223 non}

259 1257 504 1296 mercatu
537 1241 649 1297 ullo
675 1242 795 1296 alias
828 1243 886 1296 in
917 1260 1037 1296 oras
1076 1239 1560 1317 transportarentur
1588 1280 1604 1306 ,
1663 1237 1748 1296 sed
1778 1236 1888 1317 ipsi

258 1319 406 1397 apud
437 1318 489 1377 se
517 1341 774 1399 agrorum
811 1322 1024 1379 domini
1062 1343 1158 1378 eos
1188 1321 1540 1379 custodirent.
1567 1316 1661 1400 Per
1701 1339 1888 1382 anno&

256 1404 503 1479 quinque
536 1410 593 1459 &
625 1405 922 1483 nonaginta
943 1443 971 1469 ,-
1021 1423 1159 1483 quot
1193 1402 1566 1462 Vandalorum
1602 1407 1659 1458 in
1690 1399 1888 1480 Africa}

255 1481 454 1540 mansit
471 1488 738 1563 potentia.
781 1487 970 1543 Tanto
992 1502 1240 1564 tempore
1262 1487 1440 1543 aufias
1471 1489 1524 1542 in
1546 1483 1888 1553 immensum}

256 1564 471 1642 divitias
498 1587 605 1624 una
633 1568 746 1624 dies
776 1570 832 1623 in
863 1569 1248 1627 Romanorum
1282 1589 1475 1625 manus
1507 1568 1742 1645 pertulit.
1796 1562 1888 1645 Ita}

256 1664 566 1726 pugnatum
586 1688 604 1713 ‚
622 1648 831 1724 disjeffl
849 1649 1077 1705 Vandali
1097 1690 1114 1716 ‚
1149 1667 1301 1727 capta
1318 1670 1507 1706 eorum
1530 1647 1690 1707 castra
1706 1652 1888 1713 tertio}

248 1730 547 1807 postquam
565 1731 807 1787 Romani
828 1729 1217 1809 Carthaginem
1247 1748 1505 1789 venerant
1526 1731 1611 1787 die
1631 1772 1648 1799 ,
1674 1728 1888 1788 finien-a

257 1827 315 1867 te
342 1810 657 1868 Decembri.
697 1811 907 1869 Videns
938 1811 1214 1869 Belisarius
1247 1814 1562 1870 redeuntem
1600 1812 1888 1889 &victoriag

255 1890 458 1972 absque
489 1913 614 1950 cura
633 1934 650 1961 ,
693 1892 892 1973 absque
924 1894 1208 1951 ordinibus
1242 1898 1539 1957 exercitum
1559 1935 1576 1962 ,
1613 1896 1886 1962 indoluit,·

256 1993 593 2053 peromnem
612 1996 728 2053 quae
742 1974 916 2033 secuta
933 1975 1009 2033 est
1027 1977 1247 2033 noctem
1268 1997 1516 2034 metuens
1538 2016 1554 2045 ,
1591 1998 1659 2033 ne
1678 1977 1743 2035 ad
1762 1975 1888 2046 bo-g:

256 2075 387 2113 nam
422 2075 660 2114 mentem
713 2056 904 2115 reversi
946 2060 1322 2137 recolleffique
1358 2058 1536 2117 hostes
1567 2059 1706 2118 male
1739 2079 1888 2134 eumg

257 2138 565 2217 traetarent.
613 2140 787 2218 Qod
819 2138 857 2196 si
889 2160 1003 2218 quo
1035 2141 1206 2198 modo
1239 2140 1537 2203 accidisset,
1587 2143 1887 2204 neminem{

255 2218 489 2277 arbitror
521 2222 907 2279 Romanorum
943 2218 1193 2280 futurum
1217 2218 1370 2281 fuiffe
1387 2228 1480 2303 qui
1510 2222 1680 2281 salvus
1697 2220 1888 2302 praeda}

256 2299 542 2366 frueretur.
588 2304 795 2360 Milites
814 2306 962 2363 enim
981 2304 1044 2361 ad
1062 2304 1116 2362 id
1133 2323 1350 2385 tempus
1367 2306 1519 2367 valde
1542 2309 1730 2385 inopes
1745 2346 1763 2374 ‚
1792 2300 1888 2378 ita}

256 2381 447 2446 subito
462 2389 808 2462 pecuniarum
827 2387 1131 2465 eximieque
1159 2383 1528 2448 formosorum
1569 2382 1885 2466 corporumss

259 2463 387 2526 faeti
405 2465 618 2529 domini
637 2509 655 2534 ‚
697 2488 875 2546 neque
893 2465 1090 2525 statum
1112 2472 1308 2526 mentis
1325 2468 1526 2527 servare
1543 2508 1561 2535 ‚
1593 2490 1770 2548 neque
1788 2468 1888 2538 sa-‡

172 2580 175 2581 ν
257 2549 388 2604 tiare
406 2546 456 2604 se
473 2547 818 2627 praesentibus
836 2568 1106 2626 poterant.
1151 2550 1462 2614 Ebriidulci
1481 2549 1701 2614 fortuna
1720 2540 1888 2630 quis-'l¹

254 2649 366 2708 que
384 2649 509 2687 cum
541 2633 701 2709 partis
718 2628 879 2688 rebus
897 2636 1091 2690 reverti
1122 2631 1413 2711 cupiebant
1441 2631 1827 2713 Carthaginem
1846 2635 1888 2705 :l

254 2713 452 2789 partim
483 2732 596 2769 non
617 2709 882 2778 conferti,
926 2712 1014 2775 sed
1033 2714 1225 2794 {iuguli
1249 2733 1342 2771 aut
1375 2719 1513 2772 terni
1549 2716 1888 2794 palabantur·

254 2813 364 2870 qua
385 2791 499 2872 spes
514 2796 736 2859 tulerat,
770 2798 956 2852 omnia
972 2799 1172 2857 circum
1192 2799 1470 2864 rimanteS,
1494 2818 1587 2877 per
1602 2798 1764 2859 saltus
1780 2802 1886 2860 εις-4

255 2895 363 2952 que
383 2878 497 2931 avia
517 2915 533 2936 ‚
569 2880 729 2933 etiarn
751 2875 786 2932 si
807 2898 913 2954 qua
931 2877 1124 2937 alicubi
1145 2877 1328 2956 specus
1363 2878 1485 2936 effet
1504 2896 1597 2936 aut
1613 2882 1860 2957 periculis
1877 2882 1888 2953 ξί

254 2955 536 3023 &insidiis
564 2958 841 3023 obnoxius
871 2958 1041 3022 locus.
1081 2962 1218 3026 Non
1247 2961 1370 3025 illos
1395 2979 1574 3026 metus
1600 2961 1668 3026 ab
1687 2957 1888 3036 hosted

1540 3050 1546 3053 “
1731 3060 1851 3099 non
1876 3037 1888 3134 {3

1876 3135 1881 3154 l

1859 3170 1866 3172 ⁷
1877 3159 1880 3209 ἒ

1874 3233 1888 3428 Ε
