1888 3428
189 195 634 253 Goermicffi
673 195 1088 273 HtsToRtAE
1129 199 1274 251 LIB.
1313 189 1432 254 1'11.
1490 217 1632 275 ¹309

6 297 16 309 ¹·
31 277 283 334 militans.
346 280 388 333 is
424 298 616 354 procus
648 273 894 333 formosae
931 277 1170 332 mulieris
1203 280 1399 334 mirum
1433 285 1545 355 ejus
1579 283 1636 334 in

31 380 274 416 amorem
308 357 579 427 exarserat.
622 357 722 416 Sed
755 377 880 413 cum
920 355 1096 436 missus
1126 361 1182 414 in
1216 357 1635 426 hostesabiiffet,

31 439 288 499 insultum
319 461 444 497 cum
476 442 589 498 aliis
617 442 672 496 in
701 460 796 495 eos
828 435 1064 495 facturus
1086 480 1102 505 ,
1129 438 1635 497 Ildibaldusinterea

29 520 125 600 ipsi
146 522 465 589 adamatam,
482 527 754 602 ignoranS‚
775 541 838 576 an
861 519 1007 589 causa
1026 524 1195 600 aliqua
1213 522 1428 588 duetus,
1445 525 1500 577 in
1521 542 1636 576 ma·-

31 608 351 680 trirnonium
370 607 519 680 alteri
537 605 835 660 collocavit.
884 603 1055 670 Quod
1075 625 1196 660 cum
1219 601 1457 662 reversus
1475 605 1529 659 in
1551 623 1640 658 ca-

30 684 132 742 stra
151 688 298 743 Vi'las
318 682 666 749 intellexisset,
685 685 968 742 iracundus
985 688 1212 765 ‘ingenio
1238 726 1255 752 ,
1280 707 1393 742 non
1413 686 1640 741 tulitin-

26 772 256 844 juriam,
290 767 375 825 sed
410 771 675 824 continuo
709 767 952 823 occidere
985 766 1304 825 Ildibaldum
1339 765 1638 831 constituit,

26 847 241 928 sperans
254 866 466 929 gratum
485 846 532 904 se
552 851 606 904 in
629 869 692 905 eo
715 848 941 905 Gotthis
959 848 1217 906 omnibus
1240 848 1528 907 facturum.
1563 849 1637 903 Et

30 952 155 988 cum
176 934 259 989 ille
290 930 634 988 Gotthorum
656 929 982 1009 primoribus
1003 934 1316 989 convivium
1336 933 1481 989 daret
1503 975 1516 995 ,
1556 950 1642 985 ar—

28 1016 191 1092 ripuit
224 1012 420 1070 infidiis
453 1030 668 1092 tempus
706 1034 719 1068 ε
754 1035 877 1069 nam
912 1013 1191 1092 prandenti
1213 1017 1323 1095 regi
1345 1016 1476 1071 alios
1493 1034 1639 1092 quo-

28 1116 158 1174 que,
179 1094 264 1152 sed
283 1092 533 1152 satellites
544 1093 831 1173 praesertim
851 1096 1046 1152 adstare
1068 1117 1189 1152 mos
1210 1096 1387 1154 habet.
1433 1098 1552 1153 Rex
1575 1093 1641 1150 de

26 1178 171 1233 lecto
209 1197 413 1254 pronus
447 1180 502 1234 in
530 1177 682 1233 cibos
719 1176 1051 1256 antepositos
1071 1179 1359 1252 injectabat
1393 1197 1640 1238 manum,

26 1256 315 1337 subitoque
348 1261 498 1315 Vilas
532 1259 840 1316 inclinatam
862 1263 1120 1317 cervicem
1141 1261 1318 1340 gladio
1338 1259 1470 1316 ferit.
1518 1258 1642 1314 Ad-

28 1338 207 1397 hucin
233 1340 1014 1399 manibuslldibaldihaerebant
1031 1340 1268 1420 sumpta,
1290 1348 1534 1415 cumjam
1557 1361 1645 1397 ca-

29 1440 131 1500 put
149 1425 205 1479 in
225 1421 401 1480 mensa
419 1424 727 1481 volveretur
753 1464 769 1490 ,
797 1426 1008 1502 ingenti
1040 1427 1290 1487 omnium
1311 1428 1405 1502 qui
1424 1423 1643 1481 aderant

28 1503 266 1583 stupore.
309 1506 442 1563 Haec
463 1526 609 1584 paena
629 1505 877 1562 trucidati
912 1510 1088 1563 Vrai'aer
1115 1505 1433 1563 Ildibaldnm
1466 1504 1644 1562 secuta

30 1584 123 1643 est.
165 1586 486 1665 Eodemque
526 1605 771 1665 tempore
803 1589 984 1644 exac0ta
1014 1587 1199 1666 hyems
1234 1587 1412 1644 clausit
1438 1607 1643 1643 annum

30 1667 150 1727 belli
183 1667 341 1743 hujus
377 1668 527 1746 quod
563 1670 833 1746 Procopio
866 1667 1110 1726 scribitur
1140 1666 1364 1726 sextum.
1420 1670 1547 1723 Erat
1582 1672 1642 1724 in

27 1748 376 1806 Gotthorurn
396 1752 629 1806 exercitu
643 1750 945 1817 Erarichus‚
966 1752 1180 1830 Rugius
1198 1770 1322 1808 ortu
1346 1792 1362 1817 ‚
1390 1771 1644 1829 magnam

27 1834 168 1890 inter
201 1825 455 1888 barbaros
487 1832 710 1911 adeptus
730 1837 1047 1908 potentiam.
1098 1833 1268 1912 Rugii
1290 1852 1469 1890 autem
1492 1836 1640 1889 natio

30 1915 84 1970 ’δε
107 1910 212 1993 ipsa
230 1913 497 1971 Gotthica
516 1911 591 1970 est
610 1955 627 1981 ,
658 1911 747 1971 sed
767 1918 1118 1992 propriisjam
1139 1917 1271 1972 olim
1302 1918 1484 1971 vivens
1503 1917 1643 1993 legi-

28 1994 150 2053 bus.
196 1997 343 2054 Cum
365 2000 562 2054 caeteris
580 1999 794 2075 populis
815 1996 1239 2054 aTheudericho
1261 1997 1363 2054 suis
1382 2000 1544 2054 exciti
1561 1996 1643 2053 se-

29 2077 188 2136 dibus
205 2081 273 2135 ita
289 2081 342 2135 in
365 2097 586 2157 gentem
609 2099 770 2135 unam
791 2081 1096 2136 coaluerant
1112 2120 1128 2146 ,
1158 2079 1407 2137 laborum
1429 2084 1642 2158 pericu-

26 2161 317 2239 lorumque
335 2162 390 2216 in
412 2159 590 2217 hostes
605 2159 855 2218 indivulfi
876 2203 892 2228 ‚
916 2178 976 2217 ut
994 2180 1173 2234 tamen
1194 2164 1349 2219 alieni
1371 2160 1642 2241 sanguinis

1 2243 345 2312 ,mulieribus
391 2240 717 2299 abstinentes
749 2244 1013 2323 integram
1042 2246 1520 2324 incorruptamque
1548 2264 1641 2322 ge-

29 2327 169 2381 neris
186 2321 564 2381 succeffionem
584 2323 862 2382 servarent.
907 2326 1075 2397 Hunc
1091 2325 1406 2383 Erarichum
1424 2368 1441 2394 ‚
1462 2326 1640 2382 turbi-

30 2405 111 2463 dis
129 2405 298 2465 adhuc
317 2428 411 2484 per
428 2405 663 2464 Ildibaldi
684 2428 869 2464 neceam
887 2406 1043 2464 rebus
1065 2446 1081 2473 ‚
1118 2430 1181 2465 ex
1201 2406 1496 2487 improviso
1516 2411 1639 2466 Ru-

29 2490 105 2566 gii
123 2509 305 2569 regem
326 2489 526 2546 dixere.
566 2488 624 2545 Id
641 2488 772 2545 dure
801 2508 1077 2567 acceptum
1098 2492 1124 2546 Ξι
1144 2490 1375 2547 Gotthis
1403 2532 1420 2558 ,
1456 2491 1639 2546 multis

32 2575 88 2626 ὃ(
103 2592 205 2648 prae
222 2570 411 2627 dolore
428 2571 619 2644 dejecit
637 2573 846 2628 animos
867 2611 884 2638 ,
915 2570 1091 2629 amiffa
1107 2571 1192 2650 spe
1214 2614 1231 2640 ‚
1263 2594 1426 2651 quam
1446 2576 1498 2628 in
1517 2570 1638 2627 Ildi-

32 2650 192 2708 baldo
225 2673 396 2730 nuper
426 2656 816 2711 collocaverant
847 2653 1104 2712 reddendi
1134 2655 1406 2711 Gotthico
1428 2655 1642 2710 nomini

35 2732 342 2790 dominatus
376 2737 433 2791 in
465 2735 668 2791 Italiam
689 2777 703 2791 .
752 2736 877 2792 Nec
911 2757 1050 2793 certe
1083 2739 1374 2815 quicquam
1412 2736 1640 2815 dignum

35 2832 342 2872 memoratu
364 2813 490 2873 fecit
507 2816 788 2874 Eraricbus
806 2858 822 2883 ‚
840 2815 997 2875 sedin
1018 2821 1136 2875 otio
1156 2816 1426 2874 transactis
1449 2815 1643 2874 menfi-

37 2894 141 2951 bus
160 2899 405 2975 quinque
435 2897 579 2955 hunc
599 2899 812 2955 vivendi
833 2897 1000 2956 finem
1021 2899 1230 2957 habuit.
1271 2900 1489 2956 Totilas
1514 2897 1644 2953 Ildi—

34 2975 177 3036 baldi
194 2975 351 3036 fratre
370 2983 608 3058 genitus,
630 2983 706 3043 vir
724 2998 834 3039 erat
854 2984 1079 3063 ingenio
1099 2980 1276 3040 sollers
1295 3025 1308 3049 ,
1346 3001 1460 3037 acer
1480 2978 1542 3034 ad
1565 2998 1644 3031 res

1 3074 13 3079 ’
964 3066 1017 3120 V
1065 3084 1088 3138 3
1466 3079 1655 3141 gerenff
