1888 3428
219 131 630 222 HISToRtAE
672 165 1156 236 VA'NDALICAE
1197 159 1424 218 L1ss.1.'
1580 176 1657 238 55

40 264 148 322 tate
184 244 297 303 dira
330 245 500 326 paffos
518 287 535 312 ‚
568 244 645 302 ob
665 243 720 301 id
754 242 958 299 bellum
989 246 1382 319 Imperatorem
1420 240 1661 301 indixisse

41 329 293 387 Vandalis
328 351 342 385 z
378 328 665 408 indignum
702 342 884 383 autem
913 321 1067 390 fore,
1101 321 1140 379 fi
1163 322 1295 399 quid
1316 322 1557 401 ipsorum
1577 322 1663 382 fa„-

41 413 134 469 &0
157 414 394 471 eveniret
426 413 525 468 illis
546 412 698 476 mali,
743 427 980 486 quorum
1010 404 1230 463 libertas
1263 404 1406 461 bello
1427 405 1660 482 praescri-

38 493 277 551 beretur.
323 494 427 552 His
446 493 636 559 dietis,
670 486 1018 569 introgreffus
1037 487 1228 545 urbem
1262 485 1373 544 esta
1419 508 1659 566 cumque

38 576 171 632 nihil
205 574 397 632 hostile
429 591 733 654 appareret,
769 575 1063 651 in.regiam
1086 568 1450 628 conscendens
1471 611 1488 638 ‚
1523 568 1660 627 sedit

37 658 423 716 in‘Gelimeris
452 658 608 715 solio·
665 654 739 712 ibi
773 654 839 712 ad
881 675 1009 712 eum
1051 656 1233 710 multo
1265 674 1391 710 cum
1423 654 1661 710 clamore

40 740 302 798 concursu
323 738 468 798 facto
491 781 508 807 ,
548 757 875 796 mercatores
910 736 1032 794 satis
1051 739 1247 805 multi,
1286 742 1342 793 δε
1378 735 1580 814 quibus
1598 738 1661 792 in

38 822 221 892 littore
251 822 548 890 habitatin,
591 822 957 901 querebantur
993 841 1076 878 res
1115 818 1211 876 fibi
1244 837 1532 876 nautarum
1562 837 1659 898 per

37 904 308 966 licentiam
343 905 524 965 exaeta
553 905 724 963 modo
760 904 925 961 noste
958 902 1174 963 ablatas,
1231 903 1388 963 Tum
1410 901 1662 980 Calony-

37 1007 192 1048 mum
218 987 567 1065 jurejurando
599 988 767 1067 adigit
784 985 1098 1055 Belisarius‚
1135 985 1472 1065 prolaturum
1492 985 1662 1042 inlu-

35 1089 151 1127 cem
176 1088 324 1149 rapta
343 1074 545 1129 omnia.
589 1075 669 1129 At
684 1071 772 1128 ille
790 1077 826 1138 ,ξ
843 1076 900 1127 &
918 1069 1044 1128 dato
1059 1068 1417 1146 jurejurando
1429 1108 1448 1134 ,
1467 1073 1527 1125 ’δε
1542 1072 1660 1144 ejus

33 1149 203 1231 spreta
233 1156 494 1234 religione
515 1196 532 1220 ‚
573 1156 630 1211 in
650 1152 874 1233 praesens
900 1152 1125 1229 quidem
1142 1153 1350 1210 laetatus
1381 1149 1457 1219 est
1486 1148 1662 1217 farte,

34 1253 89 1290 at
109 1233 227 1313 post
242 1276 258 1303 ‚
289 1239 612 1315 Byzantium
631 1258 756 1294 cum
776 1234 998 1295 veniffet
1017 1276 1035 1302 ‚
1052 1231 1227 1315 paenas
1244 1235 1541 1313 impietatis
1559 1232 1660 1292 de-

35 1316 136 1373 dit.
178 1316 398 1396 stupore
418 1322 562 1376 enim
582 1322 826 1399 corporis
859 1321 1137 1397 animique
1164 1315 1370 1374 insania·
1394 1334 1659 1383 tentatu3‚

35 1401 110 1455 ita
128 1416 189 1456 ut
219 1402 535 1481 &linguam
554 1399 651 1458 fibi
682 1401 962 1459 mordicus
981 1401 1231 1459 avelleret
1247 1440 1264 1467 ‚
1296 1400 1417 1456 talis
1433 1399 1663 1455 interiit.

33 1481 108 1543 Et
125 1479 235 1540 haec
256 1484 478 1561 quidem
498 1483 699 1561 postea.
732 1486 898 1540 Tunc
917 1503 1048 1542 vero
1067 1480 1344 1544 Belisarius
1359 1523 1378 1549 ,
1410 1499 1473 1538 ut
1493 1482 1661 1538 meri-

37 1563 149 1620 dies
169 1584 386 1621 venerat
405 1606 435 1632 ,v
453 1566 738 1643 prandium
756 1563 861 1622 suis
889 1565 1120 1642 praebuit
1138 1606 1155 1631 ‚
1197 1564 1398 1621 eodem
1420 1565 1527 1620 loci
1560 1561 1659 1620 ubi

36 1645 200 1703 duces
217 1646 496 1704 Vandalos
516 1648 687 1725 epulis
705 1650 940 1725 accipere
959 1647 1210 1702 Gelimer
1229 1643 1431 1702 solebat
1452 1666 1468 1700 ε
1515 1645 1659 1701 Del-

36 1726 247 1807 phicam
267 1731 508 1787 Romani
527 1747 726 1786 vocant
744 1769 761 1795 ‚
782 1748 898 1784 non
918 1725 1014 1785 suo
1035 1726 1121 1785 sed
1144 1726 1364 1795 Graec0,
1384 1748 1499 1807 quo
1518 1729 1659 1784 olim

37 1808 146 1876 ufi,
177 1811 441 1871 sermone.
482 1814 628 1870 Nam
649 1814 706 1869 in
741 1812 948 1869 Palatio
978 1811 1177 1870 Romae
1196 1851 1213 1878 ,
1249 1832 1366 1890 quo
1397 1814 1523 1868 loco
1542 1815 1658 1867 Im-

36 1911 310 1971 peratores
338 1894 531 1955 mensae
565 1892 933 1959 accumbunt,
971 1896 1144 1972 tripus
1170 1899 1283 1971 jam
1305 1894 1441 1949 olim
1464 1891 1658 1961 stabat,

36 1978 124 2032 cui
146 1978 339 2054 pocula
363 1977 728 2057 imponebant
762 1974 953 2035 mensae
989 1975 1232 2038 ministri.
1279 1975 1530 2055 Tripoda
1556 1995 1656 2033 au·-

34 2074 147 2116 tem
176 2059 497 2140 Delphicam
535 2063 776 2122 Romani
809 2076 1007 2118 vocant
1038 2100 1057 2127 ,
1096 2058 1251 2138 quod
1280 2057 1512 2139 Delphis
1543 2061 1662 2138 pris

0 2161 4 2164 ·
39 2159 191 2200 mum
210 2145 266 2199 in
288 2142 382 2202 usu
400 2140 581 2206 fuerit,
624 2146 812 2223 Atque
826 2141 956 2201 »inde
973 2160 1094 2202 tum
1113 2143 1392 2219 Byzantii,
1427 2159 1551 2198 tum
1584 2158 1656 2199 11⁴-

38 2222 309 2304 bicunque
328 2226 662 2286 accumbunt
693 2231 1090 2305 Imperatores,
1133 2224 1189 2282 id
1219 2222 1396 2304 ipsum
1417 2222 1658 2303 Delphi·-

38 2326 154 2364 cam
185 2326 414 2367 vocant}
460 2309 749 2390 quomodo
772 2314 827 2365 δε
858 2310 1205 2388 Imperatoris
1238 2306 1409 2375 aedeS,
1453 2309 1654 2387 pariter·

39 2388 276 2447 deducto
313 2391 342 2448 a
376 2393 587 2450 Graecia
608 2389 879 2450 vocabulo
901 2432 917 2458 ‚
956 2392 1153 2449 Palatia
1168 2393 1349 2448 Latini
1366 2390 1654 2468 appellant.

25 2471 183 2530 'Nam
218 2476 344 2553 quia
358 2474 528 2532 Pallas
545 2514 562 2542 ,
593 2479 673 2532 vir
694 2475 956 2541 GraecuS,
995 2480 1108 2551 jam
1126 2474 1363 2530 antellii
1378 2472 1656 2530 excidium

40 2575 109 2611 eo
130 2554 241 2634 ipso
262 2559 318 2614 in
335 2559 460 2615 loco
492 2557 739 2615 habitans
758 2557 992 2615 domum
1009 2553 1131 2614 satis
1163 2554 1506 2634 conspicuam
1523 2554 1656 2614 aedi-

42 2634 288 2695 ficaverat
306 2679 323 2706 ‚
354 2642 479 2698 inde
499 2641 764 2698 Palatium
782 2639 886 2699 dici
904 2657 1135 2717 caeptum
1152 2638 1249 2701 est.
1290 2638 1362 2695 Et
1380 2641 1510 2718 quia
1526 2641 1654 2694 Au·-

43 2717 231 2798 gustus
249 2722 456 2802 imperii
484 2727 693 2801 potitus
713 2721 920 2781 ibidem
935 2719 1174 2780 habitare
1192 2721 1452 2802 dilegerat
1473 2761 1491 2790 ,
1527 2719 1658 2778 inde

43 2820 238 2859 omnes
266 2808 661 2883 Imperatorum
682 2806 884 2886 ubique
906 2804 1043 2863 aedes
1057 2805 1202 2863 idem
1221 2804 1554 2862 vocabulum
1575 2822 1658 2860 ac-

43 2903 249 2963 cepere·
292 2887 382 2945 Ad
416 2909 527 2947 rem
559 2908 621 2948 ut
653 2888 900 2957 redeam,
931 2891 989 2945 in
1019 2887 1286 2967 Delphica
1319 2884 1658 2968 prandebant

43 2986 173 3031 cum
206 2968 452 3033 Belisario
473 2973 733 3036 exercitus
752 2975 1048 3054 primores:
1085 2977 1140 3031 &
1169 2967 1660 3106 forte-eveneratdut

928 3055 988 3114 D
1032 3073 1075 3133 4
1492 3051 1575 3129 pri
1615 3047 1668 3109 ie
