1931 3428
351 147 684 204 Lt-BER
759 141 1282 215 'Qv1NTv5.
1505 145 1623 223 887

429 291 483 350 C
564 314 602 351 A
680 311 732 349 Ρ.
827 289 1231 348 XXXVII.

280 431 353 478 De
373 435 529 478 morte
544 419 808 479 Bertaridi,
833 420 892 482 (φ
912 436 1053 493 regno
1073 414 1341 471 cuniberti.
1369 494 1375 500 .

147 559 221 619 Vi
247 579 372 616 curn
394 559 459 616 de
471 580 587 616 cern
610 564 661 615 ἃ
685 557 818 614 octo
841 557 992 613 annis
1012 595 1027 618 ‚
1051 558 1104 610 δεῖ
1125 554 1362 629 primum
1381 548 1614 619 solus‚&

34 704 36 707 ,
159 639 277 719 post
298 662 423 698 cum
445 639 579 707 filio,
602 661 827 721 regnum
848 633 1091 695 tenuiffet
1114 675 1129 701 ,
1153 634 1219 690 ab
1238 633 1333 690 hac
1353 636 1469 691 luce
1490 632 1617 691 sub-

31 724 205 783 ratstus
224 723 297 781 est
313 766 330 792 ‚
351 723 653 801 corpusque
673 724 980 795 illiusjuxta
999 716 1265 775 bafilicam
1289 717 1506 773 domini
1526 715 1618 774 sal-

28 805 207 865 'atoris
229 847 243 868 ‚
290 820 454 886 quam
502 796 788 862 Aiibertus
824 807 938 876 ejus
971 805 1188 881 genitor
1228 795 1621 865 construxerat,

29 892 276 968 epultutn
295 890 390 946 est.
431 890 554 944 Fuit
574 905 753 944 autem
773 884 1182 963 stattira‘decens
1198 922 1215 949 ,
1253 903 1484 960 corpore
1503 882 1621 958 ple-

52 993 110 1030 us
131 1013 148 1038 ,
185 972 331 1028 mitis
349 990 442 1048 per
459 973 647 1025 omnia
668 1007 683 1029 ,
714 974 768 1025 &
790 965 975 1025 suaviS.
1024 969 1101 1024 At
1137 985 1265 1022 vero
1283 964 1624 1022 Cunibertus

6 1076 98 1112 rex
118 1053 529 1110 Hermelindam
551 1073 612 1108 ex
642 1053 920 1107 Saxonum
955 1048 1269 1127 Anglorum
1301 1068 1496 1128 genere
1517 1046 1622 1104 du-

5 1141 84 1195 xit
106 1156 353 1193 uxorem.
403 1137 546 1203 Quae
568 1154 691 1191 cum
714 1137 767 1190 in
788 1133 983 1189 balneo
1005 1129 1344 1187 Theodoten
1364 1130 1622 1210 puellam,

7 1240 72 1277 ex
109 1216 344 1275 nobiliss]
354 1238 446 1274 mo
481 1218 869 1274 Romanorum
906 1232 1101 1293 genere
1136 1229 1312 1268 ortam
1337 1253 1353 1279 ‚
1383 1213 1624 1291 eleganti

0 1320 240 1380 lcorpore
259 1341 274 1367 ‚
299 1306 352 1357 δε
373 1298 522 1356 flavis
541 1297 865 1376 prolixisque
885 1297 1081 1374 capillis
1099 1314 1236 1372 pene
1258 1293 1424 1373 usque
1441 1297 1506 1350 ad
1523 1313 1624 1370 pe·-

5 1385 99 1443 des
119 1382 427 1439 decoratam
452 1422 468 1448 ‚
502 1378 707 1437 vidiflet
726 1421 742 1447 ,
777 1386 889 1455 ejus
911 1374 1367 1459 pulchritudinem
1385 1372 1482 1432 suo
1504 1380 1622 1434 viro

8 1465 320 1538 Cuniberto
341 1467 453 1543 regi
471 1463 725 1521 laudavit.
747 1465 864 1525 Qui
879 1462 944 1518 ab
964 1480 1130 1517 uxore
1145 1458 1249 1516 hoc
1267 1457 1497 1515 libenter
1523 1479 1623 1515 au.-

5 1550 118 1608 dire
135 1544 553 1611 diffimulan3,in
576 1566 838 1624 magnum
862 1562 1044 1599 tamen
1065 1543 1252 1618 puellae
1270 1539 1456 1596 exarsit
1472 1561 1624 1596 amo-

9 1642 145 1690 rem.
189 1631 307 1688 Nec
327 1650 482 1686 mora
508 1671 523 1696 ‚
554 1647 809 1683 venatum
831 1629 887 1681 in
914 1625 1095 1683 silvam
1112 1643 1281 1701 quam
1301 1621 1509 1679 Vrbem
1528 1643 1623 1699 ap-

9 1716 208 1793 pellant
224 1714 455 1789 perrexit
473 1750 489 1777 ,
519 1708 808 1787 secumque
827 1705 969 1764 suam
991 1710 1286 1783 conjugem
1304 1706 1623 1761 Hermelin-

11 1796 135 1854 darn
158 1797 337 1853 venire
357 1795 624 1869 praecepit.
672 1794 787 1858 Qui
818 1789 1011 1846 exinde
1033 1785 1202 1843 noffu
1222 1786 1502 1866 egrediens
1514 1788 1624 1844 Ti-

11 1882 196 1936 einum
218 1875 371 1932 rediit
389 1915 405 1940 ,
446 1880 522 1935 δε,
545 1874 608 1930 ad
630 1874 680 1931 se
717 1872 1056 1930 Theodoten
1093 1871 1322 1947 puellam
1343 1872 1524 1925 venire
1538 1865 1626 1926 fa-

7 1961 153 2018 ciens
169 1999 183 2023 ,
222 1979 345 2015 cum
375 1978 435 2014 ea
457 1958 771 2013 concubuit.
819 1956 1007 2023 Quam
1027 1970 1208 2009 tamen
1227 1949 1412 2028 postea
1431 1952 1485 2007 in
1506 1971 1627 2010 mo-

8 2040 333 2107 nasterium,
364 2038 515 2117 quod
552 2040 618 2096 de
644 2042 779 2097 illius
805 2038 1033 2094 nomine
1052 2036 1190 2092 intra
1224 2036 1491 2091 Ticinum
1527 2053 1625 2116 ap-

9 2124 266 2205 pellatum
284 2119 381 2187 est,
400 2119 559 2177 misit.
611 2155 613 2157 .

393 2283 445 2339 C
527 2306 565 2339 A
644 2263 1234 2342 p.XXXV111.

216 2411 465 2490 Qomodo
482 2411 665 2467 Alachis
679 2411 922 2487 palatium
941 2410 1195 2468 cuniberti
1213 2406 1412 2482 invafit.

23 2553 145 2680 A
160 2549 353 2607 Lachis
391 2570 520 2608 vero
536 2554 646 2624 jam
675 2547 884 2606 dudum
923 2567 1246 2628 conceptam
1284 2545 1631 2623 iniquitatem

163 2631 860 2711 parturiens‚annitentibus
878 2632 1099 2689 Aldone
1120 2638 1174 2688 &
1193 2625 1481 2686 Gra-,usone
1502 2627 1637 2680 Bre-

19 2715 192 2772 xianis
208 2714 413 2773 civibus
431 2756 448 2782 ‚
470 2714 557 2772 sed
576 2720 627 2770 &
648 2714 760 2770 aliis
780 2717 964 2773 multis
983 2735 1046 2771 ex
1063 2707 1438 2793 Langobardis
1459 2748 1473 2769 ,
1493 2705 1634 2763 obli-

22 2813 110 2853 tus
126 2815 411 2855 tantorum
430 2793 821 2854 beneficiorum
841 2837 866 2864 ,‚
894 2817 1012 2875 quae
1028 2800 1084 2853 in
1099 2816 1225 2852 eum
1243 2814 1334 2850 rex
1355 2787 1634 2848 Cuniber-

21 2894 114 2934 tus
146 2879 483 2958 impenderat
500 2920 515 2945 ‚
552 2876 756 2934 oblitus
788 2882 950 2936 etiam
981 2877 1318 2955 jusjurandi,
1355 2893 1467 2948 quo
1499 2872 1568 2953 ei⁴
1583 2866 1634 2923 se

19 2957 382 3022 fidelissimum
404 2958 503 3020 esse
523 2957 886 3040 spoponderat
903 2981 1029 3017 cum
1053 2959 1393 3018 Cunibertus
1418 2950 1637 3013 abdier,

0 3065 3 3069 ’
107 3048 118 3059 ’
832 3045 892 3102 K
905 3041 988 3101 kk
1027 3063 1068 3120 4
1409 3050 1643 3113 regnum
