1888 3428
239 165 354 235 '302
455 146 457 148 ’
558 155 979 217 ›Pnocopn
1024 148 1492 222 CAEQAREENS
1515 157 1619 208 131*
1728 228 1731 231 Ι

232 255 400 316 quam
416 231 568 313 quod
586 233 614 290 a
627 233 775 291 Persa
792 234 996 292 bellum
1016 234 1324 289 immineret
1342 272 1358 293 ,
1377 230 1684 289 Belisarium
1704 229 1848 290 illico

234 335 473 382 revocat,
487 315 690 383 ‚ducem
707 319 764 373 in
785 315 985 374 Medos
1003 313 1249 372 futurum
1279 337 1292 371 :
1331 315 1491 372 Italiae
1509 333 1691 371 curam
1708 312 1849 372 Besae

233 397 570 476 Iohannique
591 397 645 455 δε
663 401 757 477 qui
773 400 870 455 illis
891 399 1105 456 aderant
1125 395 1413 453 mandabat
1446 417 1460 452 t
1494 394 1849 455 Constantia-2

235 504 313 540 no
334 503 397 539 ex
422 481 693 537 Dalmatia
710 477 846 554 juffo
867 481 1185 538 Ravennam
1205 475 1487 558 proficisci.
1537 476 1739 535 Gotthi
1756 480 1852 555 qni
1883 509 1888 514 ·

234 567 559 623 Ravennam
591 563 907 642 Padumque
926 563 1060 619 ultra
1075 559 1220 619 sedes
1235 559 1506 618 habebant
1531 601 1547 628 ,
1577 560 1756 619 audita
1772 557 1854 617 fa·-

236 669 328 704 ma
358 649 594 703 revocati
622 643 850 702 Belisarii
871 686 888 713 ,
922 647 1080 701 initio
1113 664 1229 701 rem
1263 640 1596 700 contemsere
1616 684 1633 709 ‚
1669 645 1855 700 neuti-

238 749 403 807 quam
424 727 662 784 arbitrati
677 725 926 784 Belisario
945 725 1109 783 fidem
1130 730 1191 783 in
1218 721 1604 804 imperatorem
1624 744 1728 804 prae
1745 729 1853 781 Ita-

238 811 320 869 liae
355 806 670 888 poffeffione
707 807 840 866 fore.
884 812 964 866 At
981 809 1075 866 ubi
1093 809 1286 866 ωηᾶα
1308 810 1372 865 ad
1393 810 1495 865 iter
1510 811 1676 886 parari
1698 809 1852 864 certis

236 890 506 951 indicibus
541 893 826 970 cognitum
857 931 873 958 ‚
903 891 969 949 de
1002 892 1291 970 compacto
1325 893 1418 968 qui
1457 889 1721 947 restabant
1755 891 1855 947 viri

238 977 507 1054 principes
538 977 798 1041 Vrai'am,
831 972 1012 1030 sorore
1050 977 1297 1052 genitum
1329 973 1528 1053 Vitigis
1561 975 1616 1027 in
1651 975 1853 1028 Piceno
1879 980 1885 985 '

240 1058 581 1113 conveniunt
614 1079 628 1112 ι
667 1061 721 1111 &
740 1055 859 1133 post
882 1056 1074 1112 multas
1096 1058 1236 1113 ultro
1258 1059 1502 1134 citroque
1519 1056 1774 1129 lacrymas
1796 1056 1855 1109 in

238 1136 351 1196 haec
369 1137 528 1194 verba
546 1157 909 1214 prorumpunt
937 1160 951 1193 ε
989 1138 1265 1194 Malorum
1297 1158 1413 1215 quae
1433 1157 1579 1194 tanta
1597 1135 1855 1193 Gottho-

237 1241 360 1276 rum
377 1223 530 1298 genti
546 1217 896 1297 supervenere
915 1240 1030 1275 non
1049 1219 1179 1274 'alius
1198 1218 1225 1274 a
1258 1238 1310 1275 te
1339 1218 1488 1275 causa
1524 1219 1618 1278 est.
1659 1221 1856 1275 Avun-

239 1304 424 1358 culum
444 1319 600 1357 tuum
640 1300 873 1358 desidem
909 1321 1022 1357 non
1057 1304 1236 1357 m'inus
1271 1321 1433 1380 quam
1452 1298 1853 1358 infortunatum

236 1400 411 1462 regno
429 1383 638 1460 pridem
656 1381 1139 1450 exsolviffemus,ut
1156 1401 1277 1440 ante
1296 1381 1855 1463 Theudatum,quan-

235 1469 442 1524 tumvis
458 1464 841 1528 Theudericho
863 1464 1237 1544 propinquum
1259 1505 1276 1532 ,
1314 1463 1408 1523 nifi
1427 1484 1479 1522 te
1498 1469 1708 1524 reveriti
1726 1483 1883 1525 tuae-

238 1570 347 1627 que
365 1551 577 1607 virtutis
592 1545 794 1604 famam
815 1589 829 1610 ,
849 1552 902 1606 V
905 1551 1021 1628 itigi
1039 1569 1246 1605 nomen
1268 1551 1416 1628 regni
1440 1545 1850 1629 reliquiffemus,

240 1648 303 1687 ut
338 1633 414 1687 vis
442 1632 652 1707 imperii
683 1630 1030 1687 Gotthorurn
1064 1652 1226 1708 penes
1245 1649 1296 1687 te
1315 1629 1456 1687 esset.
1503 1631 1604 1691 Sed
1621 1629 1731 1689 haec
1747 1651 1853 1687 no-

240 1711 344 1768 stra
368 1716 424 1768 in
451 1730 504 1768 te
525 1713 904 1768 benevolentia
923 1733 1125 1768 nomen
1158 1715 1404 1770 amentiae
1424 1717 1624 1792 accepit
1642 1753 1658 1779 ,
1690 1715 1849 1790 origo

238 1813 327 1851 tot
345 1790 576 1850 cladium
593 1789 746 1849 facia.
794 1797 902 1849 Scis
919 1797 1128 1871 optime
1141 1797 1304 1851 Vra'i'a
1323 1835 1337 1861 ,
1356 1793 1702 1852 Gotthornm
1728 1794 1854 1872 plu-

240 1880 408 1933 rimos
436 1874 781 1953 optimosque
813 1877 1000 1952 praeliis
1032 1875 1321 1932 absumtos,
1363 1878 1575 1934 Florem
1605 1874 1854 1954 supersti-

242 1977 363 2015 tum
386 1999 402 2024 ‚
438 1956 720 2034 ipsumque
737 1960 967 2036 Vitigim
987 1964 1039 2014 &
1057 1960 1308 2035 pecunias
1339 1956 1448 2015 abit
1466 1956 1644 2015 secum
1674 1954 1851 2015 ferens

241 2035 542 2097 Belisarius.
584 2039 730 2095 Idem
751 2061 848 2095 vos
869 2061 1082 2096 manere
1101 2040 1194 2118 qui
1213 2046 1264 2096 &
1283 2043 1436 2118 pauci
1455 2047 1508 2098 &
1525 2038 1676 2098 invisi
1691 2038 1852 2097 resta}-

239 2124 328 2186 tis,
343 2142 537 2200 negare
555 2142 719 2177 nemo
745 2122 949 2179 audeat.
999 2122 1147 2178 Cum
1167 2139 1253 2178 tot
1272 2143 1371 2178 nos
1392 2120 1601 2180 adversa
1617 2124 1852 2178 circum-s-

240 2203 382 2262 stent
401 2225 523 2260 cum
543 2203 696 2259 lande
716 2209 854 2260 mori
873 2204 1028 2260 satius
1049 2245 1065 2271 ,
1085 2225 1248 2282 quam
1268 2211 1529 2285 conjuges
1547 2245 1564 2270 ,
1602 2225 1765 2284 quarn
1786 2206 1851 2261 li-

241 2284 407 2343 beros
425 2286 600 2342 videre
620 2287 684 2342 ab
707 2285 952 2343 hostibus
971 2288 1140 2363 abripi
1160 2291 1213 2342 in
1246 2289 1432 2344 ultima
1450 2305 1732 2344 terrarum.
1773 2290 1851 2342 Ita

240 2387 421 2428 autem
441 2368 706 2424 credimus
723 2364 959 2424 facturos
979 2391 1079 2426 nos
1096 2372 1297 2447 egregii
1316 2369 1514 2447 aliquid
1537 2411 1552 2436 ‚
1581 2366 1616 2424 fi
1634 2387 1685 2427 te
1702 2370 1851 2447 prina-

238 2454 357 2531 cipe
378 2450 645 2508 utiliceat.
687 2447 989 2527 Respondit
1022 2452 1085 2508 ad
1115 2452 1247 2507 Haec
1268 2451 1495 2508 Gotthis
1512 2455 1717 2507 Vrai'as.
1759 2455 1850 2506 1n⁴

237 2551 321 2591 ter
338 2533 468 2591 dura
485 2552 599 2611 quae
618 2552 718 2587 nos
738 2549 954 2609 urgent,
969 2534 1196 2611 pericula
1213 2536 1392 2612 potius
1411 2532 1666 2590 sumenda
1683 2552 1848 2611 quam

238 2615 546 2673 servitutem
584 2613 740 2670 vobis
771 2614 1048 2672 consentio
1067 2659 1079 2672 .
1140 2616 1241 2672 Sed
1277 2636 1363 2671 me
1400 2614 1631 2672 Gotthis
1662 2635 1848 2693 regem

239 2699 475 2776 imponi,
497 2699 724 2752 noxium
747 2697 1000 2754 universis
1014 2695 1282 2763 existim0‚
1302 2699 1540 2775 primum
1559 2696 1712 2777 quod
1731 2694 1851 2752 san-

240 2781 423 2860 guinis
442 2759 663 2836 vinculo
698 2796 806 2834 tam
845 2800 1010 2857 prope
1043 2781 1369 2853 conjunctus
1394 2777 1568 2860 Vitigi
1589 2817 1607 2848 ,-
1638 2778 1850 2837 homini

237 2862 375 2920 adeo
394 2858 607 2928 infelici,
628 2861 732 2917 hoc
751 2858 863 2939 ipso
885 2861 1023 2918 hosti
1047 2866 1101 2919 in
1122 2879 1462 2920 contemtum
1482 2880 1639 2943 pateo
1670 2885 1684 2920 ε
1721 2881 1849 2917 cum
1870 2900 1875 2904 2

165 2973 169 2976 ·
239 2941 473 3006 fortuna:
489 2946 805 3025 contagium
825 2942 887 3005 ad
903 2962 1170 3026 cognatos
1187 2942 1420 3006 defluere
1436 2943 1678 3012 censeant
1697 2942 1851 3001 mor-‘-

547 3028 549 3030 ’
1457 3029 1462 3032 ’
1547 3030 1581 3034 ’”
1708 3025 1855 3083 tales,

183 2102 216 2134 4
