1888 3428
12 229 15 239 ,
169 160 663 217 *Gor-rmcffi
703 155 1106 214 His-roruffi
1148 158 1426 225 L1B.11L
1521 178 1634 235 329

7 241 304 303 inducunt.
346 240 505 298 Isauri
524 239 839 321 conglobati
855 241 993 295 inter
1007 233 1077 304 se,
1094 256 1248 315 capto
1265 242 1510 317 quamvis
1525 262 1630 319 op,—

21 324 151 405 pido
171 366 187 392 ‚
223 322 488 404 effugium
518 343 756 398 reperere
775 361 792 387 ‚
829 339 954 376 cum
982 320 1199 376 interim
1235 321 1635 398 oppidanorum

22 411 229 464 nemini
251 425 523 485 parcerent
543 403 743 461 Gotthi
769 446 783 466 ,
809 400 894 458 secl
913 402 1120 458 cunetis
1142 403 1305 458 vitam
1321 401 1637 464 adimerent,

21 493 184 546 etiam
203 487 459 545 sacer-doti
481 528 495 549 ,
523 487 673 566 quod
701 484 990 564 quomodo
1032 482 1258 543 fecerint
1278 524 1293 544 ‚
1326 505 1637 562 quanquam

23 574 251 631 minime
286 575 503 650 ignarus
530 613 545 635 ,
598 587 801 626 narrare
839 565 1054 645 refugio
1090 606 1106 627 ,
1137 587 1202 622 ne
1233 564 1642 632 inhumanitatis

25 653 270 730 exempla
288 653 353 709 ad
371 651 612 730 posteros
629 671 873 729 augeam.
916 654 975 704 In
1006 648 1087 704 his
1108 654 1160 704 δέ
1186 649 1433 708 Catullus
1455 651 1630 725 periit,

24 737 108 799 vir
125 738 264 794 inter
280 737 439 795 Italos
457 733 677 793 nobilis.
718 730 1015 811 Postquam
1042 730 1223 803 Tibur
1245 730 1500 787 tenebant
1520 729 1645 789 bar-

25 814 173 884 bari,
203 837 318 874 non
353 818 576 894 amplius
610 813 640 871 ὲ
672 813 908 871 Thuscia
928 834 1019 891 per
1037 811 1285 869 Tiberim
1303 830 1641 869 commeatus

25 901 268 958 Romam
306 895 527 976 perferri
564 915 816 974 poterant
838 938 854 964 ‚
889 900 1013 976 quia
1046 895 1310 974 oppidum
1330 895 1461 951 illud
1481 893 1645 952 stadia

28 1001 248 1041 centum
283 987 338 1038 &
362 981 554 1060 viginti
583 979 736 1060 supra
759 982 998 1041 Romam
1019 976 1178 1034 situm
1199 977 1392 1036 devehi
1413 978 1648 1036 volenti-

27 1061 132 1122 bus
163 1067 304 1127 viam
325 1060 660 1121 obstruebat.
720 1063 854 1126 Haec
886 1060 1009 1121 sunt
1044 1083 1162 1139 quae.
1197 1060 1408 1125 Tibure
1443 1081 1640 1117 evene-

11 1163 172 1205 runt.
217 1150 293 1201 At
312 1142 589 1201 Belisarius
608 1148 762 1201 omni
797 1166 922 1201 cum
954 1146 1190 1203 exercitu
1211 1146 1530 1201 Ravennam
1550 1143 1646 1212 de,-

17 1228 164 1297 “latus
183 1226 434 1285 Gotthos
459 1268 472 1288 ‚
503 1231 596 1306 qui
618 1226 692 1284 ibi
713 1225 1011 1284 manserant
1031 1270 1045 1289 ‚
1080 1224 1470 1303 Romanosque
1490 1223 1647 1281 fimul

26 1311 224 1367 milites
241 1313 481 1366 inunam
503 1327 725 1375 vocatos
743 1312 1067 1367 concionem
1087 1307 1152 1363 fic
1169 1310 1492 1385 alloquitur:
1510 1308 1647 1373 Non
1714 1383 1716 1385 ‚

26 1413 174 1458 nuuc
199 1396 475 1470 primum,
510 1394 738 1459 militeS,
774 1394 985 1449 virtutis
1013 1411 1176 1468 opera
1210 1394 1351 1447 vitiis
1383 1387 1650 1463 destructa

28 1473 388 1543 sunt-„Vetus
410 1475 476 1531 -id
515 1493 881 1553 agna-tumque
907 1472 1153 1531 humanis
1172 1473 1374 1537 rebus2'
1407 1493 1465 1527 ac
1483 1470 1647 1549 saepea

1 1608 13 1615 ,
27 1578 406 1635 numer02quae
426 1558 523 1612 viri
544 1559 743 1635 egregii
765 1575 1100 1635 pepererant,
1115 1577 1175 1612 ea
1191 1553 1441 1634 flagitiosi
1458 1553 1646 1618 homi,-

20 1660 126 1703 *nes
145 1657 398 1716 corrupta
421 1656 567 1694 retro
585 1640 772 1695 tulere.
816 1644 1002 1716 Atque
1031 1637 1084 1694 id
1112 1640 1646 1715 nuper‘lmperatoris

0 1780 11 1787 ‚
29 1740 112 1781 res
143 1718 436 1788 labefecit:
471 1724 564 1797 qui
594 1724 728 1791 tanti
748 1719 1024 1792 ae—stimavit
1051 1722 1219 1784 aliena
1237 1721 1501 1798 corrigere
1523 1740 1648 1796 pec-

32 1804 488 1871 cata‚utminoris
502 1798 698 1873 faciens
716 1802 780 1874 de
802 1801 965 1874 Persis
985 1802 1322 1879 triumphum
1343 1801 1645 1878 deportare³

33 1906 120 1952 me
139 1884 311 1950 inhuc
333 1887 585 1941 locorum
609 1883 805 1945 miserit
826 1926 840 1951 ,
880 1905 937 1940 ut
969 1885 1180 1941 medear
1219 1883 1255 1940 si
1282 1905 1390 1962 qua
1408 1884 1570 1940 duces
1589 1886 1647 1944 in

30 1966 283 2027 Gotthos
302 1966 474 2024 sivein
492 1968 686 2024 milites
703 1988 817 2032 non
838 1988 900 2023 ex
920 1968 1069 2035 refto
1089 1964 1349 2023 fecerunt.
1382 1963 1534 2027 Nihil
1554 1964 1649 2023 de<²

30 2050 273 2129 linquere
306 2048 606 2107 humanum
637 2071 750 2105 non
769 2048 842 2113 est
868 2090 883 2110 ‚
915 2071 1091 2128 neque
1111 2049 1164 2105 id
1182 2046 1283 2114 fert
1303 2068 1506 2107 natura.
1548 2048 1650 2104 Sed

33 2153 150 2211 quae
169 2130 383 2189 admiffa
400 2130 520 2188 sunt
540 2131 843 2200 emendare,
862 2154 942 2188 res
960 2132 1122 2212 digna
1141 2137 1486 2211 Imperatore,
1511 2136 1562 2191 ,δι’
1587 2129 1652 2185 ab

34 2235 102 2270 eo
139 2215 284 2293 diligi
313 2236 605 2293 magnum,
638 2220 886 2292 quamvis
917 2215 1046 2272 dure
1075 2215 1344 2281 tractaris,
1379 2212 1646 2270 solatium.

19 2297 180 2364 ¹Huic
196 2301 342 2359 enim
369 2299 446 2353 rei
484 2298 820 2375 consequens
838 2295 911 2352 est
932 2337 949 2362 ,
985 2318 1100 2353 non
1127 2297 1297 2353 modo
1320 2318 1384 2352 ex
1403 2293 1647 2358 adversis,

33 2376 123 2446 sed
161 2385 214 2437 δε
249 2380 684 2439 benevolentiam
739 2382 1082 2459 Imperatoris
1125 2378 1286 2436 rebus
1325 2377 1447 2456 ipsis
1487 2398 1650 2456 expe-

34 2462 124 2517 riri
158 2502 176 2529 ,
224 2458 535 2539 frucfflmsque
583 2466 698 2535 ejus
740 2482 924 2538 capere
959 2464 1148 2540 quavis
1179 2465 1406 2540 pecunia
1437 2460 1648 2527 dulcio-

34 2563 137 2605 res,
181 2545 330 2601 Cum
362 2565 493 2622 ergo
529 2547 584 2601 in
621 2543 726 2600 hoc
758 2543 917 2601 adfim
938 2586 954 2612 ,
983 2543 1141 2602 vestri
1161 2543 1235 2601 est
1263 2541 1461 2612 officii,
1492 2544 1653 2598 omni-

22 2645 143 2702 >ope
177 2628 233 2681 in
268 2626 327 2685 id,
359 2629 460 2685 niti
493 2644 553 2684 ut
587 2625 749 2683 obvia
780 2625 928 2688 bona
970 2625 1178 2706 possitis
1215 2624 1645 2706 apprehendere.

38 2709 93 2762 Si
128 2709 213 2762 cui
252 2728 382 2786 ergo
408 2707 642 2766 vestrum
677 2711 971 2788 propinqui
989 2728 1081 2766 aut
1097 2711 1251 2766 amici
1272 2707 1413 2788 apud
1434 2705 1649 2764 invaso—

35 2807 151 2845 rem
168 2789 413 2846 Totilam
431 2788 552 2847 sunt
569 2831 586 2859 ,
607 2794 648 2847 is
668 2811 763 2846 eos
780 2812 945 2869 quam
967 2794 1204 2870 primum
1227 2788 1517 2870 significata
1536 2793 1648 2846 Im-

24 2874 297 2948 peratoris
332 2874 612 2931 voluntate
645 2893 881 2930 revocet.
935 2877 1009 2930 ita
1040 2877 1186 2947 enim
1220 2872 1376 2929 vobis
1412 2870 1560 2928 simul
1591 2873 1646 2922 ὃς

14 2972 164 3037 ρας-ς
183 2957 237 3024 ὃς
256 2958 596 3035 Imperatoris
617 2953 985 3028 munificentia
1000 2954 1107 3025 frui
1126 2954 1358 3015 dabitur.
1390 2954 1513 3032 Ego
1528 2968 1647 3088 Solu

1007 3040 1061 3098 X
1109 3056 1133 3115 5
1569 3050 1593 3087 c
1616 3032 1654 3098 ιζ-
