1888 3428
265 145 381 224 524
450 144 848 205 ExcERPTA
889 166 974 205 Ex
1016 150 1338 208 ARCANA
1380 151 1772 217 H15T0R1A

260 245 344 285 res
363 228 638 284 Romanas
665 229 836 286 illisin
858 230 990 287 locis
1017 233 1267 289 everterit
1286 271 1302 297 ‚
1332 232 1462 290 dum
1498 232 1663 294 fidem
1689 240 1882 295 Lessa--v

246 309 365 366 *this
400 331 491 387 per
522 311 815 390 Evangelia
850 316 1080 386 juratam
1112 316 1307 370 nullius
1344 315 1491 372 ducit
1510 358 1525 383 ,
1569 324 1624 376 δε
1654 321 1865 399 ¹legatos

262 392 545 472 octoginta
562 391 666 449 fine
690 392 836 450 causa
853 391 1136 462 interficit,
1163 399 1393 473 propriis
1426 398 1559 454 locis
1591 404 1866 479 explicavi.

258 475 389 530 Hoc
406 492 618 530 tantum
633 477 690 531 in
708 473 803 531 hac
820 473 1073 532 reservata
1092 494 1237 554 parte
1254 477 1557 535 addendum
1576 482 1669 550 est,
1690 502 1867 561 neque

260 554 390 612 dolo
409 559 550 613 malo
576 556 639 613 ad
673 560 916 637 Sergium
937 578 1030 614 eos
1049 556 1242 615 veniffe
1260 599 1276 625 ,
1309 580 1407 616 nec
1434 561 1724 642 quicquam
1749 568 1870 622 Ser-

260 642 355 716 gio
374 635 682 717 suspicionis
700 636 974 716 praebuisse
993 680 1010 706 ,
1029 637 1115 697 sed
1134 640 1196 697 ad
1218 662 1427 698 coenam
1446 663 1671 724 vocatos
1688 687 1702 707 ‚
1722 646 1872 703 dein-

261 719 328 776 de
347 718 411 776 ab
431 741 496 776 eo
517 717 831 777 interfectos
849 717 993 778 foede
1014 742 1072 778 ac
1092 720 1293 799 perfide
1312 728 1340 790 ,’
1362 726 1512 803 quod
1541 724 1747 786 exitiale
1765 726 1874 786 fuit

261 806 316 857 &
337 803 628 859 Solomoni
661 809 715 860 &
746 807 1000 860 exercitui
1032 806 1289 862 Romano
1327 811 1382 862 δε
1416 804 1566 865 Afris
1598 808 1870 867 universis,

258 882 407 940 Nam
427 884 501 949 ob
517 884 569 941 id
590 903 709 941 turn
728 903 849 941 ante
868 926 884 951 ‚
922 903 1039 942 tum
1061 889 1291 944 maxime
1315 887 1579 947 exstinCto
1616 894 1875 950 Solomo-

258 985 331 1022 ne
348 1007 367 1034 ,
393 965 500 1023 dux
523 986 686 1021 nemo
703 1007 718 1032 ‚
740 967 892 1023 miles
914 989 1079 1024 nemo
1099 968 1223 1025 belli
1243 974 1472 1047 pericula
1488 972 1659 1031 subire
1681 977 1869 1031 voluit.

231 1048 562 1126 'Praecipuus
600 1068 728 1103 vero
759 1069 951 1128 pugnae
974 1049 1331 1120 detrectator,
1361 1055 1530 1133 Sergii
1564 1056 1698 1113 odio
1719 1098 1736 1124 ‚
1769 1053 1877 1114 fuit

188 1184 195 1187 ,
259 1128 529 1185 Iohannes
551 1126 778 1184 Sifinioli
800 1168 815 1192 ‚
851 1129 1028 1187 donec
1046 1135 1102 1188 in
1122 1130 1365 1190 Africam
1383 1136 1757 1195 Areobinthus
1779 1139 1876 1195 ad-

183 1277 188 1284 ,
261 1213 431 1266 venit.
473 1211 600 1265 Erat
617 1213 818 1288 quippe
854 1215 1070 1291 Sergius
1103 1215 1288 1270 animo
1310 1217 1487 1273 mollis
1506 1236 1666 1296 atque
1684 1218 1877 1278 imbel4

259 1292 323 1348 lis
344 1314 357 1347 ε
388 1310 637 1348 caeterum
655 1312 768 1347 non
787 1310 935 1349 aetate
954 1312 1167 1353 tantum
1187 1292 1276 1352 sed
1294 1301 1348 1353 δε
1368 1297 1613 1357 moribus
1628 1301 1879 1375 valdeju-

260 1373 563 1440 venilibuS‚
587 1374 799 1433 invidiae
834 1371 1100 1454 fastusque
1119 1381 1174 1434 in
1208 1398 1402 1437 omnes
1434 1381 1642 1439 nullum
1673 1382 1878 1440 habens

261 1455 494 1513 modum
514 1500 527 1520 ‚
551 1458 671 1514 vitae
691 1459 747 1512 in
765 1457 953 1514 luxum
975 1455 1146 1528 effusae
1160 1501 1176 1527 ,
1191 1460 1303 1539 ipso
1324 1483 1546 1542 quoque
1562 1467 1669 1521 oris
1688 1464 1880 1535 habitu

261 1536 396 1595 flans
427 1539 643 1617 glorias,
688 1538 789 1596 Sed
822 1544 945 1619 quia
977 1542 1020 1597 is
1053 1564 1280 1619 procum
1318 1543 1510 1625 agebat
1541 1547 1723 1624 puellae
1758 1567 1879 1628 quae

263 1623 442 1699 neptis
473 1638 583 1676 erat
617 1623 914 1682 Antoninae
947 1621 1173 1681 Belisarii
1207 1631 1456 1706 conjugis
1475 1670 1489 1696 ‚
1523 1628 1773 1709 Augusta
1808 1652 1878 1688 ne

254 1704 550 1779 imperium
568 1701 788 1780 quidem
810 1707 856 1760 ei
872 1704 1032 1762 adimi
1053 1744 1071 1771 ‚
1098 1706 1232 1764 adeo
1252 1729 1364 1763 non
1389 1708 1705 1788 supplicium
1724 1711 1791 1769 de
1810 1733 1879 1769 eo

262 1780 398 1840 sumi
416 1783 549 1861 paffa
568 1782 641 1839 est
660 1825 675 1845 ‚
710 1805 1021 1864 quanquam
1047 1787 1234 1846 videns
1253 1787 1492 1847 Africam
1508 1792 1677 1850 indies
1709 1798 1880 1874 magis

265 1864 542 1945 magisque
561 1865 773 1922 collabi.
821 1871 1175 1927 Solomonem
1195 1892 1418 1950 quoque
1433 1877 1710 1949 juniorem
1728 1917 1747 1942 ,
1774 1875 1881 1932 fra-¹

263 1947 664 2022 tremxdejusdem
685 1951 852 2029 Sergii
872 1950 1058 2008 eadem
1090 1951 1409 2033 Augusta&
1428 1960 1726 2034 Imperator
1743 1959 1882 2033 libe-

265 2025 949 2107 raruntPegaiiiimerfeffi
969 2035 1191 2091 crimine
1212 2079 1226 2100 ‚
1252 2035 1405 2114 quod
1425 2039 1580 2114 quale
1600 2038 1661 2095 sit
1681 2040 1875 2098 dicam.

263 2109 558 2190 Postquam
582 2111 724 2169 hunc
744 2114 1149 2175 solomonem&
1167 2117 1419 2175 Levathis
1453 2119 1699 2200 Pegafius
1729 2143 1879 2180 eme-

198 2235 203 2238 ,
264 2211 344 2252 rat
361 2234 378 2262 ,
396 2191 607 2251 barbari
627 2194 844 2271 quidem
864 2195 1094 2255 domum
1112 2197 1258 2256 suam
1276 2199 1476 2258 rediere
1497 2242 1513 2267 ‚
1533 2221 1584 2260 at
1610 2206 1879 2261 Solomon

265 2296 390 2333 cum
412 2274 715 2333 redemtore
746 2275 966 2358 Pegasio
988 2280 1354 2361 militibusque
1378 2287 1558 2361 paucis
1591 2283 1880 2367 Carthagi<-

265 2378 394 2415 nem
431 2354 801 2436 proficiscitur.
848 2364 907 2416 In
939 2364 1129 2419 itinere
1159 2383 1283 2421 cum
1321 2366 1596 2423 Solomon-
1633 2368 1876 2447 quaedam

265 2459 454 2519 praeter
483 2461 698 2518 aequum
733 2460 912 2521 ageret
931 2484 948 2510 ,
968 2448 1186 2503 monuit
1198 2467 1321 2503 eum
1341 2447 1590 2527 Pegafius
1609 2469 1665 2506 ut
1684 2454 1880 2507 memi-

265 2519 419 2581 nisset
436 2523 543 2579 Dei
560 2519 608 2579 se
628 2543 849 2580 munere
865 2544 1048 2583 recens
1066 2525 1300 2586 hostium
1324 2551 1512 2586 manus
1528 2529 1747 2587 evafifl'e.
1790 2533 1878 2588 ille

266 2607 413 2661 velut
430 2602 873 2681 exprobratorem
892 2611 1213 2685 captivitatis
1245 2610 1518 2690 Pegafium
1547 2614 1691 2669 illico
1711 2615 1879 2669 truci-

265 2684 373 2742 dat.
415 2684 523 2752 Vbi
537 2689 970 2765 jamByzantium
1004 2711 1223 2749 venerat
1255 2695 1554 2761 Solomon,
1583 2698 1880 2771 Imperator

267 2788 393 2827 eum
424 2765 704 2824 homicidii
733 2790 930 2846 purum
967 2776 1366 2849 pronuntiavit,
1415 2782 1474 2832 ut
1513 2780 1609 2854 qui
1634 2779 1888 2834 Romani·

263 2850 473 2927 imperii
488 2849 820 2927 proditorem
841 2853 1139 2912 occidiffet:
1175 2854 1425 2934 scriptum
1447 2862 1607 2913 etiam
1626 2862 1673 2914 ei
1689 2861 1878 2933 impu-

267 2933 421 2993 nitati
439 2928 710 2996 firmandae
728 2933 895 2996 dedito
937 2937 1020 2994 Sic
1040 2939 1211 2997 vitato
1225 2935 1484 3019 supplicio
1514 2939 1755 3021 gaudens
1775 2944 1878 2996 So-

1678 3023 1870 3081 lomon
