1888 3428
415 186 464 243 E
541 205 576 242 L
654 204 690 241 o
773 203 812 241 c,
884 203 911 242 1
946 221 949 223 -
992 183 1050 244 A]
1419 194 1450 250 8
1462 212 1494 271 ς

21 266 164 324 r‘anni
181 262 336 325 sunt:
371 260 680 346 quanquam
698 263 839 324 forte
865 265 971 323 hoc
1005 271 1229 326 nomine
1250 268 1345 326 fibi
1371 294 1498 351 gra-

21 351 284 417 :ulentur,
321 354 445 428 quia
464 356 729 428 potens&
763 348 1095 406 honoratum
1131 347 1231 408 effe
1263 351 1496 412 videtur.

20 447 134 487 nam
154 437 208 489 &
230 432 466 488 latrones
490 429 659 489 ferme
689 451 880 487 omnes
895 431 1137 510 gaudent
1166 439 1222 491 δε
1252 434 1498 511 glorian-

20 530 100 570 tur
114 533 146 580 ‚·
166 511 202 569 fi
231 518 524 571 atrociores
551 513 845 570 admodum
865 534 1028 591 quam
1045 512 1168 571 sunt
1187 514 1288 572 effe
1308 517 1495 574 dican-

21 612 121 652 tur.
166 597 307 675 Qs
324 617 454 676 ergo
473 636 489 658 ,
520 613 578 653 ut
612 595 719 652 dixi
738 635 754 662 ‚
770 597 935 666 ⁴locus
953 594 1026 653 est
1047 595 1139 653 ubi
1161 596 1318 655 nona
1342 603 1496 676 prin-

21 675 274 755 cipalibus
292 680 569 735 civitatum
586 705 617 744 ς
643 677 924 734 viduarum
959 684 1013 735 &
1046 681 1378 759 pupillorum
1411 685 1496 741 vi-

20 756 155 814 scera
185 758 543 827 devorentur,
574 765 629 815 &
651 780 775 816 cum
809 760 887 816 his
904 758 1074 818 ferme
1103 767 1357 819 omnium
1375 763 1496 821 san-

20 840 273 902 storum?
308 848 504 899 nam&
537 841 638 898 hos
655 839 798 921 quasi
834 842 1017 900 viduas
1047 849 1103 899 &
1136 847 1369 924 pupillos
1401 847 1498 903 ha-

20 920 149 980 bent
167 963 184 989 ,
221 926 317 1001 qui
351 927 488 980 tueri
522 921 571 981 se
590 943 680 983 aut
699 941 798 1004 pro
819 923 994 984 studio
1015 925 1360 1005 profeffionis
1392 926 1495 987 suae

20 1005 252 1072 nolunt,
287 1023 377 1063 aut
411 1010 510 1085 pro‘
537 1010 849 1066 innocentia
877 1027 1037 1089 atque
1058 1008 1358 1068 humilitate.
1377 1032 1496 1068 non

21 1084 254 1165 poffunt.
296 1090 482 1147 Nemo
515 1091 696 1170 itaque
724 1090 924 1148 horum
950 1110 1098 1149 tutus
1128 1090 1235 1159 est,
1275 1114 1371 1149 nec
1404 1094 1497 1151 ulli

20 1167 313 1228 admodum
339 1211 357 1238 ,
399 1191 588 1251 praeter
618 1171 858 1231 summos
889 1215 904 1235 ‚
948 1173 976 1231 a
1010 1173 1301 1234 vastatione
1331 1177 1501 1233 latro-

21 1252 147 1308 cinii
180 1255 486 1330 populantis
517 1258 787 1312 immunes
808 1298 824 1323 ‚
845 1298 847 1301 ι
867 1255 960 1312 nisi
999 1261 1095 1334 qui
1126 1256 1247 1337 ipfis
1274 1261 1502 1315 latroni-

25 1329 128 1389 bus
160 1353 250 1410 par
283 1333 358 1391 est
390 1338 447 1391 in
464 1334 562 1393 hac
593 1338 928 1395 conditione.
972 1342 1084 1394 imo
1117 1340 1172 1395 in
1204 1339 1308 1396 hoe
1333 1341 1502 1397 scelus

21 1432 107 1470 res
125 1413 377 1474 devoluta
398 1413 472 1472 est
491 1458 509 1484 ,
541 1435 601 1475 ut
636 1416 730 1475 nifi
749 1422 869 1498 quis
896 1422 1064 1477 malus
1094 1416 1258 1476 fuerit
1279 1462 1295 1487 ‚
1331 1419 1504 1484 salvus

21 1492 119 1552 efl'e
138 1516 252 1552 non
271 1495 558 1574 possit-Sed
578 1499 825 1557 videlicet
839 1522 961 1558 cum
984 1518 1069 1558 tot
1092 1501 1191 1559 {int
1211 1507 1304 1581 qui
1320 1502 1502 1560 bonos

21 1574 252 1644 vastant,
284 1574 406 1634 sunt
428 1576 641 1635 fortaffe
675 1582 840 1659 aliqui
874 1585 971 1660 qui
1001 1585 1056 1637 in
1077 1581 1173 1639 hac
1207 1583 1503 1641 vastatione

21 1654 319 1718 succurrant
337 1697 355 1724 ‚
392 1663 484 1738 qui
503 1699 519 1726 ‚
542 1678 600 1717 ut
616 1658 871 1740 scriptum
890 1662 965 1720 est
982 1706 996 1727 ,
1022 1666 1248 1742 eripiant
1266 1686 1505 1746 egenum

21 1745 77 1797 &
109 1760 395 1820 pauperem
413 1740 478 1799 de
503 1763 667 1799 manu
690 1746 984 1822 peccatoris
1002 1785 1019 1812 ‚
1053 1767 1168 1802 non
1199 1745 1274 1803 est
1309 1752 1403 1827 qui
1421 1746 1506 1805 fa·-

21 1825 121 1879 ciat
141 1821 388 1890 bonum,
425 1845 537 1880 non
572 1821 645 1881 est
679 1825 815 1904 pene
850 1825 1012 1906 usque
1042 1828 1106 1885 ad
1141 1850 1334 1886 unum.
1376 1830 1503 1888 ideo

21 1902 129 1962 dixi
147 1902 462 1985 Peneusque
479 1906 543 1964 ad
558 1928 748 1964 unum.
795 1912 920 1987 quia
937 1928 1084 1968 tanta
1101 1908 1176 1967 est
1196 1915 1377 1969 raritas
1397 1911 1505 1969 bo-

22 2005 217 2044 norum
234 2028 250 2055 ,
270 2005 330 2045 ut
350 1987 487 2068 pene
512 2011 653 2046 unus
670 1987 768 2048 effe
786 1990 1040 2049 videatur.
1087 1996 1229 2070 Quis
1248 1997 1393 2050 enim
1410 2017 1506 2052 ve-

22 2071 156 2126 xatis
187 2087 349 2148 atque
380 2069 752 2128 laborantibus
783 2094 952 2151 opem
979 2074 1212 2143 tribuat,
1246 2096 1370 2133 cum
1405 2081 1507 2134 im·-

23 2150 324 2228 proborum
357 2151 648 2211 hominum
697 2156 965 2212 violentiae
1013 2160 1174 2238 etiam
1209 2156 1505 2217 sacerdotes

23 2234 252 2312 Domini
271 2255 385 2292 non
401 2234 637 2293 resistant
654 2243 691 2314 ἓ,
712 2259 837 2294 nam
869 2257 960 2295 aut
976 2257 1153 2297 tacent
1172 2243 1387 2319 plurimi
1406 2263 1505 2298 eo·-

24 2334 177 2382 rum5
213 2335 302 2374 aut
321 2315 512 2375 similes
530 2317 650 2375 sunt
668 2319 967 2377 tacentibus
985 2363 1001 2388 ,
1036 2321 1238 2380 etiamsi
1269 2326 1508 2402 loquan-

23 2411 140 2454 tur:
176 2398 353 2456 &hoc
385 2403 540 2458 multi
559 2423 672 2458 non
712 2401 1100 2472 inconstantia,
1134 2403 1222 2461 sed
1244 2404 1468 2464 consilio
1491 2448 1509 2470 ‚

2 2502 3 2505 ¹
24 2495 84 2534 ut
102 2498 323 2557 putant,
340 2499 504 2563 atque
524 2486 743 2541 ratione.
788 2482 1046 2543 exsertam
1066 2490 1211 2544 enim
1229 2492 1510 2547 veritatem

0 2591 2 2609 ι
25 2558 260 2638 proferre
290 2567 487 2622 nolunt
505 2606 522 2633 ,
558 2571 684 2646 quia
702 2588 819 2623 eam
839 2568 989 2625 aures
1006 2569 1390 2648 improborum
1404 2570 1512 2628 ho·-

26 2644 234 2701 minum
252 2642 499 2704 sustinere
516 2669 629 2705 non
645 2647 881 2726 possunt:
902 2671 999 2722 nec
1016 2648 1190 2710 solum
1209 2649 1511 2733 refugiunt,

26 2719 114 2781 sed
146 2728 307 2784 etiam
337 2727 571 2787 oderunt
606 2736 662 2787 &
702 2731 1071 2791 exsecrantur:
1107 2741 1163 2791 &
1190 2756 1307 2791 non
1337 2736 1510 2794 modo

26 2804 260 2866 auditam
293 2829 408 2867 non
446 2831 757 2871 reverentur
790 2833 882 2872 aut
912 2826 1199 2883 metuunt,
1234 2815 1321 2874 sed
1349 2822 1513 2875 etiam

27 2893 226 2963 majore
243 2888 604 2971 superbientes
623 2899 912 2974 pertinacia
928 2899 1354 2977 perduellionem
1376 2921 1514 2956 con-
1594 2947 1598 2953 .

0 2986 2 3022 f
28 2981 295 3029 temnunt.
338 2974 410 3033 Et
424 2974 547 3034 ideo
573 2994 753 3036 tacent
772 2983 934 3036 etiam
953 2985 1050 3062 qui
1084 2984 1239 3062 loqui
1259 2978 1509 3062 possunt,

819 3058 852 3117 f
891 3084 913 3139 3
1377 3060 1512 3118 dum
