1888 3428
221 180 340 235 204
539 160 931 215 PRocoPn
974 149 1519 211 CAEsAREENSIs

214 244 447 299 laterum
465 255 749 317 compage.
807 234 912 292 Sed
943 237 1115 313 campi
1135 254 1319 312 aequor
1347 250 1495 290 extra
1513 233 1711 290 moenia
1734 238 1820 308 ja-

218 345 345 381 cens
365 320 657 400 parietibus
679 317 1062 397 sepserantjam
1077 317 1211 372 olim
1230 318 1502 380 Romani,
1519 335 1633 371 non
1653 313 1717 371 ad
1734 317 1820 371 lo-

215 409 264 462 ci
284 407 507 462 tutelam
543 408 758 481 (neque
792 401 936 470 enim
957 416 1047 455 aut
1077 400 1302 455 turrium
1323 397 1659 468 firmamenta
1680 437 1696 464 ‚
1730 407 1823 453 aut
1862 460 1869 468 x

217 493 396 567 pinnae
414 486 629 543 aderant
647 525 663 551 ,
707 501 797 539 aut
815 483 914 538 alia
930 480 1080 538 solita
1100 477 1342 536 adversus
1362 482 1469 536 vim
1489 477 1724 535 hostium
1745 499 1823 534 re-
1846 524 1849 531 .

217 573 378 649 periri
413 564 744 626 defensandis
781 563 1092 634 moenibus)
1143 560 1230 634 sed
1259 565 1316 618 in
1346 560 1498 618 usum
1533 561 1826 638 voluptatis

217 672 385 731 quem
405 670 519 707 non
551 647 874 705 laudaverim
897 688 913 712 ‚
952 663 1009 701 ut
1027 648 1211 701 leones
1242 665 1469 723 quaeque
1489 645 1583 699 alia
1612 640 1707 699 feri
1737 645 1826 698 in-

132 805 135 807 ·
218 737 367 812 genii
401 732 521 789 suut
553 731 798 787 animalia
827 729 927 784 illis
947 727 1181 783 claustris
1215 729 1574 783 continerent.
1609 723 1750 781 unde
1771 729 1827 781 &

218 818 428 873 Vivarii
453 833 658 870 nomen
677 855 691 877 ,
735 810 1025 891 quomodo
1052 811 1292 866 Romani
1313 827 1506 865 vocant
1522 805 1830 864 custodien-
1880 828 1881 835 ¹

222 896 306 955 dis
335 897 390 954 id
406 916 577 976 genus
596 893 776 950 bestiis
796 895 930 953 loca.
972 893 1175 971 Vitigis
1193 895 1358 971 igitur
1375 932 1391 952 ‚
1429 908 1548 947 tum
1570 888 1695 946 alibi
1714 910 1830 945 ma-

222 978 405 1036 chinas
425 974 893 1052 admoverijubet,
913 992 1031 1030 turn
1051 973 1298 1030 Gotthos
1319 973 1513 1030 adoriri
1530 974 1581 1029 id
1601 970 1832 1049 septum,
1873 999 1881 1002 ’

224 1060 529 1119 existimans
558 1079 626 1114 eo
647 1075 927 1135 penetrato
951 1059 1058 1112 vim
1093 1054 1396 1134 prosperam
1431 1059 1485 1111 in
1520 1056 1721 1111 moenia
1742 1050 1832 1109 fu«
1872 1052 1878 1058 ’

222 1160 401 1200 turam
422 1182 438 1207 ‚
479 1161 596 1218 quae
620 1140 696 1196 ibi
729 1138 997 1195 imbecilla
1031 1137 1130 1194 effe
1157 1140 1496 1195 intellexerat.
1541 1140 1618 1192 At
1640 1132 1835 1191 Belisa-

223 1228 335 1283 rius
352 1224 538 1281 videns
573 1220 639 1278 ab
658 1219 903 1277 hostibus
936 1217 1149 1296 perfodi
1167 1222 1448 1277 Vivarium
1471 1259 1487 1285 ,
1518 1215 1834 1295 diversisque

221 1309 284 1363 in
319 1304 563 1383 partibus
597 1300 773 1359 assiliri
803 1303 1003 1357 moenia
1036 1341 1052 1368 ,
1095 1322 1272 1380 neque
1307 1321 1602 1380 repugnare
1637 1300 1836 1355 milites

221 1386 350 1445 suos
371 1428 389 1455 ,
423 1406 602 1466 neque
621 1384 684 1441 ad
703 1386 892 1462 pinnas
911 1404 1124 1440 manere
1147 1381 1242 1439 nisi
1262 1404 1461 1462 paucos
1479 1382 1598 1439 fivit
1616 1422 1631 1449 ,
1662 1402 1840 1458 quan-
1883 1406 1887 1412 ·

175 1461 181 1471 ¹
224 1467 516 1550 quamipse
537 1466 641 1525 flos
658 1469 919 1524 exercitus
952 1466 1092 1543 apud
1116 1464 1287 1544 ipsum
1307 1483 1445 1522 erat:
1491 1463 1576 1522 sed
1606 1462 1742 1521 infra
1773 1462 1838 1521 ad

225 1569 412 1632 portas
430 1569 645 1629 paratos
666 1570 761 1605 eos
793 1549 923 1605 stare
938 1547 1087 1621 juffit
1104 1592 1118 1612 ‚
1153 1549 1329 1604 teetos
1349 1550 1510 1604 lorica
1532 1590 1546 1611 ,
1581 1544 1720 1603 solos
1738 1566 1838 1624 pro

225 1637 389 1690 armis
405 1632 612 1712 gladios
628 1630 901 1687 habentes.
948 1630 1060 1686 Vbi
1077 1629 1265 1686 dirutis
1282 1629 1568 1707 parietibus
1584 1631 1720 1685 intra
1737 1631 1843 1686 Vi-

222 1718 440 1785 „varium
478 1712 827 1769 constiterant
860 1709 1099 1773 Gotthi,
1140 1712 1483 1788 Cyprianum·
1512 1716 1566 1767 &
1605 1731 1731 1779 eum
1771 1731 1840 1766 eo

229 1801 364 1856 alios
394 1795 574 1853 subito
608 1796 857 1850 immittit
883 1833 897 1853 ,
934 1791 1288 1870 manibusque
1322 1813 1434 1848 rem
1466 1812 1651 1869 gerere
1665 1791 1861 1867 jubet:

232 1883 452 1937 Tantus
489 1899 553 1934 ex
589 1897 655 1933 eo
693 1895 872 1932 metus
905 1872 1154 1931 Gotthos
1185 1874 1405 1940 invasit,
1452 1893 1512 1929 ut
1539 1895 1717 1952 neque
1747 1873 1844 1931 de-

232 1960 521 2023 fenderent
539 1956 588 2015 se
609 1998 625 2024 ‚
663 1964 716 2014 &
731 1955 825 2035 ipsi
844 1973 1100 2035 augerent
1121 1954 1215 2011 fibi
1239 1954 1727 2013 mortium-causam
1749 1998 1764 2024 ,
1784 1960 1845 2013 in-

233 2047 410 2101 exitus
434 2039 690 2118 angustiis
723 2042 855 2094 alius
884 2040 1049 2095 alium
1078 2043 1519 2116 comprimentes,
1571 2040 1866 2116 Improvir

233 2123 493 2183 sumhoc
529 2122 766 2179 multum
801 2119 1251 2177 consternationis
1286 2127 1339 2178 ὃς
1371 2123 1426 2176 in
1462 2137 1679 2177 caeteros
1699 2121 1861 2186 tulit,‘

234 2211 335 2285 qui
363 2205 508 2262 nulla
528 2203 785 2260 ordinum
808 2224 931 2259 cura
959 2205 1072 2259 vim
1104 2224 1298 2282 vagam
1326 2202 1431 2259 huc
1463 2202 1588 2258 illuc
1610 2206 1846 2260 circum-

233 2287 514 2349 ferebant:
545 2287 865 2365 impulitque
882 2283 1159 2342 Belisarius
1178 2326 1195 2352 ,
1214 2284 1240 2341 ἐ
1259 2287 1428 2363 portis
1447 2282 1630 2342 emiffo
1651 2305 1847 2363 repen-v

235 2387 293 2429 te
329 2371 486 2428 omni
518 2370 771 2425 exercitu.
806 2369 971 2424 ,Tum
1016 2365 1222 2424 Gotthi
1251 2365 1468 2424 salutem
1499 2387 1615 2424 non
1647 2370 1844 2426 virtute

236 2451 324 2511 sed
343 2451 474 2531 fuga
492 2471 604 2529 quo
625 2451 819 2527 cuique
854 2448 1022 2517 visum
1044 2446 1274 2529 quaerere
1294 2471 1310 2505 =v
1343 2447 1587 2526 persequi
1605 2470 1699 2504 eos
1722 2451 1844 2506 Ro-=.

236 2538 387 2594 mani
421 2540 477 2589 &
510 2549 789 2610 quotquot
819 2530 1277 2611 deprehenderant
1311 2529 1554 2587 occidere
1587 2552 1600 2585 z
1637 2530 1841 2609 diuque

236 2614 483 2674 institum
517 2612 886 2693 fugientibuS,
920 2615 1072 2692 quod
1091 2616 1254 2692 longe
1287 2610 1509 2668 &castris
1529 2611 1718 2670 urbem
1738 2633 1845 2690 ope

237 2713 544 2778 pugnatum
568 2714 821 2757 venerant
843 2695 1066 2752 Gotthi.
1108 2696 1178 2755 Et
1199 2694 1468 2750 machinas
1500 2693 1736 2755 hostium
1757 2698 1843 2750 in,-

237 2779 396 2839 cendi
420 2775 569 2853 juffit
587 2774 861 2833 Belisarius
876 2817 893 2842 ‚
930 2777 1073 2835 unde
1092 2817 1110 2842 ‚
1143 2796 1204 2833 ut
1223 2774 1284 2831 fit
1303 2818 1318 2841 ‚
1351 2779 1595 2853 proxima
1613 2796 1839 2856 quaeque

239 2864 535 2939 corripiens
564 2856 783 2920 flamma
811 2858 1099 2935 duplicavit
1129 2857 1379 2937 perculsis
1411 2879 1683 2937 pavorem.
1725 2859 1843 2913 Eo-

243 2944 369 3007 dem
399 2960 644 3021 tempore
664 2939 727 3005 ad
750 2957 966 3020 portam
994 2944 1242 3004 Salariam,
1257 2961 1338 2998 res
1370 2941 1604 2999 eundem
1625 2943 1683 3001 iu
1715 2959 1843 2998 mo<-

1711 3020 1844 3080 dum.
