1888 3428
242 104 365 161 688?
715 104 1364 161 IORNANDES
1876 158 1877 162 ,

236 183 467 242 nomine
504 178 729 239 Candax
759 184 1027 262 Scythiam
1058 187 1331 243 minorem
1360 228 1377 251 ,
1421 184 1846 271 inferioremque
1875 194 1878 202 ‘

239 263 494 324 Moefiam
522 284 784 344 accepere.
851 265 1028 341 Cujus
1064 267 1329 325 Candacis
1361 269 1846 331 AlanOWamuthis
1875 282 1877 285 ⁴

239 349 403 427 patris
426 350 529 418 mei
549 349 769 427 genitor
784 351 962 414 Peria,
1003 347 1059 406 id
1078 347 1152 405 est
1171 393 1186 415 ‚
1222 361 1376 418 meus
1399 364 1562 419 avus,
1591 359 1848 413 ¹notarius
1875 350 1879 392 j

239 427 528 509 quousque
562 429 785 487 Candax
818 428 926 510 ipse
956 434 1161 491 viveret
1193 429 1328 500 fuit3
1383 433 1600 515 ejusque
1631 458 1850 516 germa-

240 534 322 570 nae
342 510 481 571 filius
517 509 820 590 Gunthigis
837 535 854 580 ς
892 516 1061 590 qui&
1091 516 1231 572 Baza
1247 514 1561 583 dicebatur,
1598 520 1849 599 magister
1879 551 1881 554 ·

241 596 500 661 rnilitum,
517 594 656 651 filius
679 594 946 675 AndagiS,
967 594 1063 654 filii
1080 597 1322 665 Andalae,
1339 596 1404 655 de
1422 597 1661 680 prosapia
1677 606 1859 659 Ama-

239 676 422 735 lorum
441 676 778 735 descendens.
824 679 946 758 Ego
964 681 1095 736 item
1135 678 1163 755 <
1180 682 1428 758 quamvis
1457 688 1848 762 agrammatus)

240 759 555 828 Iornandes,
574 776 697 822 ante
715 758 1125 818 conversionem
1150 783 1325 819 meam
1347 769 1589 823 notarius
1607 763 1707 823 fui.
1737 767 1854 823 Ru-

244 845 301 922 gi
321 862 451 899 vero
465 880 485 906 ,
517 843 737 922 aliaeque
756 845 1005 901 nationes
1022 845 1298 902 nonnullae
1318 847 1665 915 Biozimeta3‚
1687 850 1865 911 Scan-‚

244 923 513 1003 diopolim
534 964 549 986 ‚
569 942 628 980 ut
646 925 967 993 incolerent,
981 929 1235 1005 petivere.
1276 919 1496 985 Hernac
1513 952 1739 1009 quoque
1759 936 1853 1006 ju-

245 1009 371 1064 nior
398 1007 582 1063 Attilae
601 1001 744 1084 filius
761 1025 886 1062 cum
904 1004 1009 1064 suis
1034 1011 1090 1064 in
1109 1026 1352 1065 extremo
1382 1015 1608 1068 minoris
1630 1014 1854 1091 Scythiae

245 1085 393 1146 sedes
411 1087 636 1165 delegit.
677 1086 980 1145 Emnedzar
999 1095 1053 1146 &
1071 1090 1317 1148 Vzindur
1335 1092 1718 1172 consanguinei
1738 1101 1854 1172 ejus

247 1173 306 1227 in
325 1167 495 1226 Dacia
514 1167 756 1245 Ripenfi.
798 1166 913 1226 Vto
946 1176 999 1226 δὲ
1017 1169 1265 1228 Iscalmus
1283 1211 1301 1239 ‚
1329 1176 1421 1251 qui
1444 1196 1504 1230 ea
1532 1180 1695 1252 potiti
1714 1174 1856 1244 sunt,

247 1251 517 1329 multique
536 1244 875 1308 Hunnorum
897 1247 1083 1331 passim
1104 1272 1423 1331 proruentes
1442 1274 1571 1313 tunc
1589 1254 1712 1313 sein
1732 1261 1855 1316 Ro-

248 1331 484 1390 m'aniam
506 1330 786 1390 dederunt.
827 1333 874 1389 E
903 1334 1103 1414 quibus
1133 1356 1279 1393 nunc
1300 1335 1467 1417 usque
1484 1342 1858 1399 Sacromonti-

250 1413 307 1474 sii
325 1420 379 1473 δε
395 1411 630 1472 Fosatifii
646 1414 922 1475 dicuntur.

757 1556 818 1620 C
918 1581 966 1624 A
1066 1582 1121 1624 P.
1272 1582 1379 1629 Π.

296 1705 369 1752 De
388 1697 654 1753 Gothorum
672 1697 759 1772 qui
775 1699 987 1756 Minores
1005 1697 1234 1758 dicuntur
1242 1700 1427 1775 fidibus
1441 1740 1458 1767 ,
1483 1701 1546 1763 ὠ
1566 1702 1621 1759 de
1644 1701 1816 1778 Vulfila

486 1780 692 1854 ipffirum
704 1780 932 1855 pontifice
950 1823 967 1850 ‚
1011 1787 1094 1859 qui
1114 1802 1188 1839 eos
1209 1786 1358 1840 litem
1388 1781 1624 1858 instituit.

254 1904 373 2028 E
396 1904 545 1960 Rant
561 1901 825 1982 siquidem
847 1910 901 1962 ὃς
920 1908 1004 1962 alii
1035 1906 1244 1973 Gothi,
1280 1910 1374 1984 qui
1392 1907 1646 1966 dicuntur
1664 1910 1859 1967 Mino-

397 2005 477 2040 res
495 2024 511 2049 ,
550 1986 1259 2062 popUIusimmensus‚cum
1277 1987 1371 2045 suo
1402 1989 1665 2067 pontifice
1688 2032 1701 2057 ‚
1720 1992 1861 2069 ipso-

252 2087 360 2145 que
380 2067 606 2144 primate
624 2064 828 2123 Vulfila
846 2107 860 2128 ‚
880 2073 974 2146 qui
996 2073 1069 2126 eis
1088 2069 1282 2127 dicitur
1312 2077 1364 2126 &
1383 2074 1546 2127 literis
1564 2071 1860 2141 instituiss'e,

251 2145 528 2225 hodieque
567 2146 686 2204 sunt
705 2152 759 2204 in
778 2149 969 2207 Moefia
988 2156 1210 2232 regione
1244 2152 1541 2209 incolentes
1560 2153 1861 2234 Eucopoli-

253 2247 456 2287 tanam.
501 2228 592 2287 Ad
609 2230 771 2309 pedes
789 2237 931 2289 enim
956 2239 1160 2290 montis
1177 2255 1310 2312 gens
1329 2237 1497 2292 multa
1515 2231 1645 2293 sedit
1662 2260 1862 2317 pauper

254 2309 561 2370 &imbellis
580 2351 598 2378 ‚
635 2311 769 2369 nihil
787 2313 1063 2372 abundans
1077 2357 1092 2381 ,
1110 2315 1205 2372 nisi
1223 2336 1467 2374 armento
1490 2315 1676 2375 diversi
1695 2342 1864 2399 gene-

255 2396 329 2451 ris
346 2411 605 2472 pecorum
628 2434 646 2461 ,
662 2399 715 2450 &
730 2395 951 2471 pascui3‚
974 2395 1204 2475 silvaque
1224 2398 1497 2477 lignorum
1519 2440 1533 2466 ,
1555 2421 1744 2478 parum
1766 2402 1862 2459 ha-⁴
1886 2474 1888 2478 Α

254 2474 393 2533 bens
411 2475 573 2531 tritici
605 2495 623 2541 3
674 2495 979 2535 caeterarum
1011 2478 1304 2559 specierum
1325 2479 1399 2537 est
1430 2500 1568 2538 terra
1585 2480 1861 2542 foecunda.
1886 2504 1888 2508 ·

255 2560 459 2620 Vineas
472 2576 626 2624 vem,
645 2577 740 2614 nec
759 2555 796 2615 fi
815 2558 936 2617 sunt
955 2560 1077 2619 alibi
1104 2603 1121 2630 ,
1155 2566 1282 2620 certi
1299 2583 1492 2620 eorum
1512 2564 1862 2645 cognoscent,
1886 2573 1888 2575 ’

257 2644 324 2697 eit
355 2641 546 2699 vicinis
578 2639 711 2699 locis
747 2638 843 2701 fibi
862 2645 1051 2705 vinum
1083 2648 1447 2726 negociantes.
1494 2668 1619 2705 nam
1648 2634 1782 2706 laete
1801 2668 1864 2705 a·

254 2721 463 2782 luntur.

1640 2976 1870 3034 CAR·
