1888 3428
1400 12 1413 40 l

262 181 344 250 70
479 201 484 206 >
567 172 968 229 Pnoeopu
1022 164 1569 225 CAESAREENsts

257 259 340 309 At
372 252 467 330 qui
500 250 630 309 nihil
665 254 868 330 experti
895 248 1019 308 sunt
1049 250 1380 307 contrarium
1396 289 1413 314 ‚
1447 251 1713 328 integram
1730 245 1870 320 fidu-

257 336 398 390 ciam
420 333 490 399 ad,
510 355 780 391 certamen
798 328 1065 390 adferunt.
1108 333 1199 389 Ne
1215 330 1320 387 hoc
1339 329 1558 407 quidem
1577 324 1764 387 frustra
1782 332 1871 389 ad-

258 414 487 473 diderim
527 438 541 471 :
579 415 616 473 si
636 417 867 472 victores
887 417 1083 472 erimus
1102 457 1117 478 ,
1153 434 1251 469 vos
1270 409 1541 490 potissima
1560 413 1737 468 laurus
1755 434 1874 469 ma·-

256 515 352 553 net
385 520 399 553 :
438 498 596 555 vobis
628 495 999 555 Vandalorum
1033 517 1166 576 gens
1198 493 1419 551 salutem
1454 493 1676 551 debebit
1704 492 1883 550 suam:

258 581 406 638 Nam
425 584 517 659 qui
534 580 707 653 juncti
725 582 871 656 prius
887 575 1188 635 infelicibus
1219 576 1283 634 ad
1306 578 1587 633 victoriam
1613 572 1876 654 perveness·

257 680 386 719 runt
405 703 422 728 ,
459 665 737 719 meliorem
769 659 1181 735 fortunamjure
1200 657 1293 715 fibi
1314 655 1620 715 asscribunt.
1663 660 1794 716 Haec
1815 656 1876 722 fi,

258 761 321 799 ut
340 763 580 821 oportet,
600 742 905 822 cogitabitis
923 783 939 808 ,
958 742 1139 800 licebit
1157 745 1413 820 imperare
1434 741 1692 797 uxoribus
1712 758 1875 819 atque

257 824 437 884 liberis
453 829 688 883 lamenta
708 845 766 881 ut
783 823 1040 890 desinant,
1059 824 1315 901 bonaque
1334 844 1459 879 cum
1478 822 1560 901 spe
1581 822 1887 880 Deum'ad--

258 923 457 964 vocent
477 910 794 986 propitium.
840 906 1095 965 Vestrum
1115 925 1295 965 autem
1316 909 1415 963 erit
1434 945 1449 966 2
1468 908 1675 985 ingenti
1690 909 1876 962 animo

255 986 382 1047 ferri
401 991 456 1046 in
475 990 683 1046 hostem
705 1031 722 1057 ‚
753 993 932 1068 praeire
950 987 1317 1069 popularibus.
1363 987 1520 1044 Talia
1537 990 1737 1044 elocuti
1751 988 1877 1052 tum

258 1070 512 1129 Gelimer
543 1091 663 1129 tum
694 1075 917 1138 TzaZO,
947 1071 1178 1128 eduxere
1209 1070 1489 1128 Vandalos
1510 1111 1525 1137 ‚
1563 1089 1725 1151 atque
1760 1069 1886 1146 ipso'

258 1152 467 1233 prandii
486 1164 734 1233 tempore
753 1195 770 1221 ‚
800 1155 1068 1210 Romanis
1101 1151 1304 1210 mensas
1321 1152 1628 1231 parantibus
1647 1193 1663 1214 ‚
1691 1151 1880 1211 adsunt

257 1234 618 1314 impi·0vifi,&
639 1237 696 1291 in
713 1234 819 1313 ipsa
838 1239 949 1313 ripa
968 1238 1134 1291 aciem
1155 1233 1380 1293 struunt.
1417 1234 1492 1290 est
1511 1238 1659 1291 euim
1678 1256 1744 1291 eo
1763 1232 1878 1312 ipso

259 1320 317 1373 iu
344 1320 469 1373 loco
489 1320 662 1373 amnis
679 1358 694 1379 ‚
716 1338 951 1396 perenne
969 1316 1154 1373 labens
1171 1316 1393 1395 quidem
1414 1356 1431 1382 ‚
1464 1313 1552 1372 sed
1569 1335 1680 1373 tam
1699 1321 1885 1374 tenuis

259 1416 323 1454 ut
359 1419 425 1454 ne
447 1401 673 1457 nomine
703 1399 927 1478 quidem
960 1399 1212 1477 dignatus
1232 1397 1292 1454 fit
1311 1397 1378 1454 ab
1397 1397 1698 1478 indigenis,
1731 1402 1880 1458 velut

261 1499 476 1537 torrens
497 1478 662 1538 foret.
705 1485 924 1539 alteram
945 1485 1057 1555 ejus
1077 1483 1246 1558 ripam
1275 1483 1518 1538 Romani
1535 1479 1882 1549 obtinebant,

263 1566 358 1639 qui
389 1562 632 1620 videntes
667 1561 716 1619 se
736 1567 790 1620 in
810 1563 1048 1643 praelium
1070 1566 1230 1642 cogi,
1265 1566 1432 1620 aciem
1459 1562 1525 1619 fic
1552 1563 1883 1622 ordinavere·-

261 1648 324 1700 In
342 1644 478 1700 laevo
499 1665 670 1701 cornu
690 1662 839 1702 erant
858 1646 1148 1711 Martinus,
1161 1647 1494 1706 Valerianus,
1512 1649 1883 1724 IoanneS,Cy-.

263 1728 483 1804 prianus
505 1767 522 1792 ,
548 1725 754 1783 Althias
775 1766 792 1792 ,
829 1727 1121 1782 Marcellus
1141 1733 1194 1783 &
1218 1729 1309 1805 qui
1330 1728 1413 1783 alii
1432 1724 1678 1783 federatis
1697 1729 1881 1786 duces-

262 1808 479 1865 Dextro
498 1806 702 1865 stabant
721 1815 926 1886 pappus
949 1849 965 1873 ‚
991 1805 1249 1864 Barbatus
1264 1849 1281 1875 ,
1303 1812 1479 1886 Ai'gan
1499 1814 1552 1863 Sc
1572 1813 1743 1866 caeteri
1763 1827 1882 1868 tur-

266 1910 482 1946 marum
517 1889 770 1968 praefeffti.
816 1892 1001 1949 Media
1025 1892 1133 1946 acie
1163 1895 1392 1948 Ioannes
1409 1890 1635 1947 Belisarii
1656 1889 1882 1950 satelliti-

267 1969 374 2027 bus
392 1993 449 2027 ac
468 1970 869 2050 prote&0ribus
888 1971 1220 2051 imperabat,
1257 1994 1517 2052 maguum
1553 1971 1764 2051 siguum
1799 1974 1881 2032 se-

269 2073 397 2108 cum
417 2052 642 2111 habens·
683 2055 896 2113 Eodem
919 2076 1043 2113 cum
1063 2073 1277 2134 tempus
1297 2055 1580 2113 videbatur
1610 2055 1716 2133 ipse
1733 2059 1881 2114 Beli-

268 2133 431 2192 sarius
466 2135 516 2192 se
552 2139 785 2194 contulit
801 2179 818 2206 ,
853 2140 1163 2216 quingentis
1179 2160 1302 2194 cum
1323 2138 1617 2217 equitibus,
1660 2155 1888 2218 tergum

268 2217 437 2295 pediti
471 2219 774 2297 reliquerat.
818 2218 1046 2276 Seorfim
1082 2220 1278 2276 Hunni
1309 2218 1656 2278 constiterant
1677 2259 1694 2283 ‚
1724 2242 1879 2278 more

269 2296 478 2377 semper
496 2305 673 2379 gentis
690 2342 705 2367 ‚
721 2322 789 2358 ne
809 2303 1074 2359 Romanis
1093 2301 1410 2359 misceantur
1429 2344 1446 2370 ‚
1480 2321 1609 2360 tunc
1628 2308 1683 2359 δε
1701 2301 1888 2371 confi-j

268 2382 368 2447 lio,
388 2399 447 2437 ut
467 2399 588 2438 ante
607 2384 840 2441 diximus
856 2425 874 2452 ,
897 2405 974 2441 res
996 2382 1109 2441 suas
1127 2384 1193 2441 ab
1212 2388 1452 2442 exercitu
1471 2387 1574 2442 alio
1591 2384 1888 2465 segregan-;j

271 2461 349 2519 di.
389 2464 466 2518 Ea
500 2465 765 2522 Romanis
798 2485 907 2524 erat
939 2471 1094 2523 acies·
1136 2467 1506 2527 Vandalorum
1539 2469 1597 2523 in
1620 2466 1880 2524 cornibus

271 2543 476 2601 tribuni
496 2566 643 2603 erant
664 2587 678 2607 ,
701 2547 796 2604 suo
817 2568 1044 2628 uterque
1063 2570 1188 2606 cum
1210 2551 1393 2605 milite.
1438 2554 1499 2605 Iu
1518 2549 1699 2609 medio
1719 2549 1881 2606 Geli-

274 2629 437 2682 meris
466 2623 626 2685 frater
652 2632 837 2687 Tzazo
857 2672 874 2699 ,
906 2649 1121 2711 tergum
1156 2632 1364 2686 Mauris
1390 2630 1720 2690 tenentibus,
1766 2629 1888 2710 Ipse}

275 2707 522 2765 Gelimer
538 2709 729 2768 obiens
747 2717 1038 2771 exercitum
1060 2755 1076 2781 ,
1099 2734 1244 2769 nunc
1259 2711 1345 2768 hic
1365 2734 1508 2770 nunc
1525 2715 1630 2770 illic
1647 2707 1888 2793 imperio*

276 2796 332 2846 δε
365 2790 585 2847 hortatu
616 2794 813 2867 aderat.
857 2794 1451 2874 praedie'mrnVandalis
1469 2814 1596 2860 erat,
1618 2817 1684 2852 ne
1695 2796 1877 2872 jaculo

273 2871 449 2928 'aliisve
466 2876 601 2935 telis,
622 2890 971 2954 praeterquam
991 2878 1170 2955 gladio
1188 2918 1204 2944 ‚
1229 2896 1526 2935 uterentur.
1569 2880 1718 2935 Cum
1736 2896 1877 2934 tem-

278 2957 428 3034 poris
447 2957 680 3015 multum
699 2961 864 3016 exiret
886 2999 903 3027 ,
923 2965 976 3014 ὃζ
993 2962 1231 3036 praelium
1247 2979 1364 3038 pars
1382 2978 1570 3018 neutra
1588 2959 1888 3042 ordiretur-‚fl

1690 3037 1888 3170 Iohauqt

1763 3191 1769 3198 ’
1882 3171 1888 3247 ἒ
