1888 3428
186 177 634 236 Goi-Tnicffl
672 175 1091 232 Hrs‘romffl
1131 174 1280 231 Lm.
1318 178 1438 230 111.
1525 179 1634 251 361

30 265 294 336 majorem
327 262 587 317 exercitus
624 263 678 314 in
714 256 918 335 Aldigo
953 252 1130 311 castris
1167 252 1350 331 positis
1372 253 1642 333 quiescere

27 343 185 422 jubet
203 384 219 410 ‚
247 345 340 421 qui
374 345 526 399 locus
560 361 673 398 non
703 343 773 395 ita
800 339 964 416 longe
985 336 1049 393 ab
1068 335 1220 415 Vrbe
1245 338 1300 392 in
1318 335 1563 394 occasum
1581 338 1664 415 ad,

30 443 248 482 centum
272 431 325 480 &
352 427 543 502 viginti
561 420 728 479 ferme
747 419 907 477 stadia
926 418 1091 486 abest,
1111 419 1164 476 id
1183 439 1346 498 agens
1367 439 1433 475 nc
1450 418 1649 476 Belisa-

29 509 95 564 rii
113 504 370 564 militibus
384 511 583 562 Portus
601 501 805 582 oppido
822 501 1004 582 egredi
1023 502 1227 560 liceret.
1256 499 1368 578 Ipse
1387 521 1513 555 cum
1531 499 1651 557 sua-

29 609 153 646 rum
173 591 448 665 copiarum
483 605 624 664 parte
655 587 748 641 alia
776 582 1291 651 contra,10hannem
1323 587 1377 637 &
1396 585 1652 638 Lucanos

31 671 378 749 progreditur
395 711 412 738 ,
447 671 826 728 Romanorum
865 668 958 745 qui
990 662 1240 723 senatorii
1274 683 1424 721 erant
1444 664 1650 720 ordinis

30 748 208 811 secum
231 751 444 808 trahens
460 792 476 818 ,
494 751 589 806 alia
607 752 759 806 omni
780 748 1115 806 urbanorum
1136 746 1482 805 multitudine
1516 786 1532 812 ‚
1556 749 1653 804 'vi-2-

30 837 144 892 rilis
179 834 556 911 muliebrisque
589 829 739 889 sexus
779 837 833 888 &
866 834 1047 909 pueris
1078 834 1135 887 in
1157 832 1468 908 Campaniae
1491 850 1651 908 agros

31 917 199 975 mistis
213 957 229 983 ‚
247 919 320 973 ita
338 933 397 972 ut
415 916 608 973 Romae
628 936 792 971 nemo
813 912 1106 971 hominum
1121 911 1333 970 restaret
1353 956 1367 976 ,
1402 908 1489 968 sed
1509 908 1650 968 vasta

31 1000 108 1056 ibi
130 997 253 1056 effet
270 995 523 1055 solitudo·
555 995 844 1063 IohanneS‚
860 1015 918 1053 ut
933 998 1180 1055 Totilam
1198 992 1475 1052 adversum
1494 992 1543 1049 se
1562 1006 1652 1049 ve*⁴

30 1083 147 1137 nire
166 1082 462 1159 comper-it,
496 1100 612 1135 non
651 1080 787 1139 ultra
818 1078 1146 1138 morandum
1180 1082 1235 1135 in
1255 1078 1455 1153 Apulia
1474 1093 1643 1143 ratu5‚

27 1163 377 1243 Hydruntem
398 1159 548 1219 cursu
567 1159 616 1218 se
638 1166 842 1239 recipit.
885 1166 963 1218 At
987 1164 1272 1218 Senatores
1290 1161 1532 1217 Romani
1550 1161 1647 1237 qui

29 1249 86 1302 in
106 1247 410 1324 Campania
426 1260 578 1301 erant
604 1247 818 1301 volente
837 1245 1027 1301 Totila
1045 1242 1229 1300 misere
1247 1242 1465 1300 suorum
1485 1238 1655 1318 quos-

33 1327 155 1384 dam
177 1331 232 1384 in
243 1331 493 1384 Lucanos
514 1328 610 1405 qui
626 1328 837 1382 colonis
853 1323 1092 1404 ipsorum
1109 1325 1399 1390 edicerent,
1413 1345 1479 1379 ne
1497 1322 1650 1379 sesar-

32 1413 135 1465 mis
155 1407 434 1466 miscerent
450 1447 465 1472 ,
491 1405 578 1465 sed
596 1428 754 1489 agros
771 1452 785 1473 ‚
812 1426 870 1464 ut
890 1405 1014 1464 ante
1032 1448 1048 1473 ‚
1071 1408 1308 1464 colerent
1330 1406 1414 1462 :id
1432 1424 1650 1485 gratum

33 1513 293 1571 agrorum
316 1491 551 1548 dominis
572 1531 588 1558 ‚
619 1486 844 1569 ipsisque
880 1512 994 1546 non
1016 1488 1122 1546 sine
1143 1491 1361 1568 praemio
1381 1486 1648 1545 futurum.

30 1579 111 1630 Ita
134 1575 207 1632 illi
227 1577 484 1632 Romano
505 1575 754 1629 exercitui
775 1571 823 1629 se
846 1570 1145 1630 subduxere
1167 1612 1181 1633 ‚
1213 1575 1488 1650 vitamque
1506 1575 1654 1627 iner-

31 1677 178 1712 mem
196 1660 303 1712 ruri
323 1677 500 1734 egere.
543 1651 780 1732 Aufugit
794 1655 1099 1710 Tullianus.
1157 1655 1564 1712 Antaetrecenti
1583 1651 1650 1711 ad

29 1739 328 1794 Iohannem
368 1735 417 1792 se
453 1733 761 1796 conferunt.
804 1739 877 1792 ita
897 1738 1077 1791 omnis
1110 1756 1206 1791 ora
1237 1734 1416 1792 Adriae
1438 1736 1649 1791 mariti<-

33 1841 139 1886 ma,
160 1820 346 1877 demto
364 1817 674 1895 Hydrunte,
692 1821 864 1874 rursus
883 1817 976 1874 sub
995 1816 1226 1874 Gotthis
1247 1839 1304 1874 ac
1317 1819 1507 1874 Totila
1524 1813 1646 1875 fuiti.

31 1902 173 1958 Elati
192 1900 295 1957 hoc
311 1897 537 1957 succeffu
558 1898 767 1956 barbari
789 1920 879 1977 per
897 1921 1100 1957 cuneos
1117 1898 1270 1978 sparsi
1288 1899 1392 1956 huc
1413 1902 1534 1957 illuc
1555 1920 1649 1957 va-

33 1985 316 2064 gabantur.
365 1983 617 2039 Gnarum
636 1983 707 2059 ,id
727 1983 951 2039 Iohanni
973 2023 989 2046 ,
1008 1986 1115 2060 *qui
1133 1980 1355 2039 suorum
1376 2003 1490 2039 non
1512 2002 1645 2059 pau-v

33 2087 126 2123 cos
154 2063 373 2123 immisit
406 2068 460 2121 in
487 2069 751 2142 palantes:
786 2085 944 2144 atque
974 2065 1028 2122 hi
1047 2061 1645 2143 superfufiimprovidis

34 2170 352 2227 nonparum
370 2146 553 2226 stragis
572 2148 854 2207 ediderunt
875 2172 887 2204 :
908 2151 1224 2226 cautiorque
1243 2168 1305 2209 ex
1327 2169 1396 2204 eo
1409 2146 1648 2212 Totila5‚

33 2233 241 2291 cunffitis
264 2251 396 2308 quas
429 2228 660 2286 habebat
699 2231 986 2290 contraffis
1017 2234 1188 2309 copiis
1209 2271 1224 2296 ,
1251 2230 1316 2287 ad
1336 2231 1649 2309 Gargarum

33 2316 279 2371 montem
303 2354 318 2380 ‚
353 2315 448 2388 qui
480 2309 528 2371 se
550 2311 726 2369 media
747 2315 801 2368 in
820 2314 1017 2389 Apulia
1035 2315 1190 2391 erigit
1207 2353 1224 2377 ‚
1250 2311 1423 2369 castris
1444 2309 1648 2389 pofitiS,

35 2396 131 2452 ubi
154 2394 241 2453 sua
271 2393 552 2474 quondam
603 2395 709 2451 dux
747 2400 1034 2455 Paenorum
1071 2395 1311 2452 Annibal
1346 2395 1648 2460 vallaverat,

34 2478 282 2558 quietum
311 2476 360 2538 se
394 2479 684 2533 continuit.
727 2478 857 2537 Hoc
874 2475 986 2554 ipso
1008 2495 1254 2557 tempore
1274 2498 1465 2534 eorum
1489 2495 1648 2542 unus,

35 2565 270 2639 quicum
290 2560 529 2621 Conone
548 2561 750 2624 Roma,
770 2581 895 2615 cum
916 2557 1042 2616 urbs
1066 2577 1371 2638 caperetur,
1386 2555 1652 2638 profuge-

33 2660 130 2704 rat,
146 2643 504 2702 Martinianus
523 2645 770 2708 nomine²
786 2644 1112 2719 Byzantinus
1128 2642 1322 2709 dome,
1339 2638 1650 2698 Belisarium

34 2724 287 2781 accedens
306 2763 322 2790 ‚
354 2727 523 2801 aperit
551 2725 682 2781 velle
716 2724 765 2780 se
799 2720 1100 2804 transfugio
1118 2722 1366 2781 simulato
1387 2723 1450 2781 ad
1467 2720 1648 2780 hostes

34 2808 127 2867 ire,
147 2826 367 2886 magnas
384 2804 506 2863 inde
523 2805 788 2863 Romanis
808 2807 1062 2862 utilitates
1082 2803 1449 2864 confecturus.
1496 2805 1647 2863 Cum

35 2888 301 2966 placuiffet
319 2906 696 2944 commentum
716 2886 1122 2953 Belisari0,abit.„
1141 2892 1356 2968 Ingenti
1375 2908 1501 2946 eum
1520 2905 1646 2941 cum

34 2970 241 3055 gaudio,
256 2972 459 3050 aceepit
474 2968 707 3038 Totilas,
727 2990 890 3048 quem
908 2968 1265 3047 singularibus
1285 2972 1482 3049 pugnis
1500 2985 1651 3044 egre*

987 3054 1031 3110 Z
1076 3068 1104 3125 5
1245 3110 1249 3112 ,
1495 3050 1650 3132 gium
