1888 3428
256 171 696 232 GOTTmcAE
733 171 1146 230 HISTORIAE
1185 173 1400 231 L1B.1.
1533 176 1649 253 141'

45 254 436 337 impedimento
460 254 578 313 sunt
595 254 820 312 obtenta
839 254 1005 310 littori
1022 251 1203 311 brevia
1222 294 1238 320 ,
1257 256 1426 333 spatio
1445 252 1650 314 stadio-

44 360 167 396 rum
192 340 408 418 triginta
428 337 722 395 admodum
739 380 754 401 ,
773 356 887 415 quo
905 333 966 391 fit
987 352 1047 391 ut
1069 357 1191 392 cum
1214 357 1274 392 ea
1291 357 1385 392 ora
1405 342 1650 415 proxima

43 420 288 477 videatur
307 418 701 497 navigantibu3‚
715 421 879 497 longe
897 435 1078 475 tamen
1098 417 1250 485 absit,
1265 419 1530 474 vadorum
1544 425 1650 477 cir-

41 501 349 558 cumdufiu.
409 502 605 580 Neque
639 503 808 579 magis
838 517 974 556 terra
1013 497 1238 556 acceffus
1275 498 1350 556 est
1382 499 1646 558 hostibus,

37 582 212 639 Padus
232 586 621 662 quippe‚quetti
640 583 931 639 Eridanum
953 600 1170 648 vocant,
1193 582 1218 637 ἐ
1239 582 1461 638 Gallicis
1481 603 1647 638 mon-

39 663 184 720 tibus
199 664 437 742 delapsus
452 706 469 731 ‚
512 668 703 743 aliique
736 670 791 721 &
823 662 919 741 ipsi
940 667 1158 721 navium
1182 667 1442 741 patientes
1462 685 1647 720 amnes

37 752 90 803 δε
109 747 271 814 lacUS,
292 745 481 802 urbem
501 746 737 824 undique
757 743 1127 802 circumfluam
1150 743 1368 802 faciunt.
1417 747 1527 802 Res
1548 749 1648 802 mi-

36 849 90 884 ra
110 828 355 906 quotidie
391 830 491 903 illis
509 831 560 883 in
582 830 714 885 locis
743 825 1019 905 spectatur.
1066 830 1233 884 Mane
1256 830 1500 884 amnisin
1520 850 1647 885 mo-

36 909 165 967 dum
186 908 411 966 effusum
434 931 597 977 mare,
619 928 884 988 quantum
906 911 990 966 die
1012 931 1125 966 uno
1146 914 1225 966 vir
1242 910 1518 988 expeditus
1544 914 1647 967 iter

35 988 222 1057 faciat,
253 1012 398 1051 terrae
416 996 594 1071 operit
621 1036 635 1056 ‚
667 999 719 1049 &
740 1013 857 1048 eam
879 1013 985 1071 qua
1003 994 1290 1048 continens
1310 991 1384 1049 est
1400 989 1526 1049 facit
1550 1014 1646 1050 na-

33 1073 319 1154 vigabilem
339 1116 353 1140 ,
394 1070 700 1155 iterumque
719 1076 854 1130 circa
874 1074 1144 1153 vesperam
1165 1075 1389 1132 dimittit
1407 1076 1643 1143 alveum,

34 1162 89 1213 δε
124 1177 282 1236 aquas
319 1160 513 1213 iterum
550 1161 605 1212 in
640 1156 689 1212 se
709 1156 968 1213 resorbet.
1017 1160 1201 1227 Quare
1224 1161 1537 1236 quicunque
1556 1161 1645 1214 in-

32 1235 168 1294 ferre
189 1257 282 1294 aut
300 1258 579 1316 exportare
599 1259 679 1294 res
708 1236 822 1294 suas
841 1243 1033 1296 volunt
1054 1279 1068 1298 ‚
1098 1238 1201 1295 sive
1238 1239 1506 1296 mercandi
1537 1237 1644 1297 five

33 1321 132 1375 alia
151 1320 215 1377 de
233 1318 381 1376 causa
400 1360 415 1381 ,
451 1324 743 1396 imponunt
777 1340 863 1374 eas
898 1320 1125 1376 navibus
1163 1320 1407 1377 deductis
1436 1324 1491 1377 in
1523 1342 1643 1378 eam

31 1403 308 1479 planitiem
329 1424 444 1481 quae
464 1423 598 1480 aqua
613 1400 842 1479 superari
857 1399 1010 1469 solet,
1032 1400 1218 1479 ibique
1236 1401 1389 1460 aestus
1407 1401 1642 1459 reditum

31 1482 336 1562 exspec0tant
356 1506 370 1539 τ
390 1486 485 1562 qui
506 1484 598 1541 ubi
617 1484 905 1551 advenerit,
924 1484 1178 1561 paulatim
1195 1485 1366 1540 attolli
1382 1483 1448 1540 ab
1465 1482 1640 1542 humo

31 1569 243 1645 navigia
261 1586 320 1621 ac
337 1566 528 1622 vehere
546 1568 812 1643 incipiunt
831 1605 848 1631 ‚
886 1564 1171 1644 statimque
1192 1565 1242 1621 se
1263 1584 1439 1622 nautae
1462 1571 1643 1623 accin-

28 1666 169 1726 gunt
188 1649 338 1725 operi
370 1671 384 1704 :
421 1647 584 1725 idque
604 1667 716 1702 non
736 1645 812 1701 ibi
828 1663 1042 1702 tanturn
1063 1687 1081 1712 ,
1110 1644 1198 1703 sed
1217 1667 1311 1723 per
1328 1667 1552 1704 omnem
1572 1649 1640 1704 il·-

28 1731 134 1786 lam
154 1726 216 1786 fit
232 1748 382 1785 oram
400 1771 414 1792 ‚
435 1726 601 1808 usque
620 1728 928 1806 Aquileiam
950 1751 963 1784 :
985 1748 1099 1783 non
1119 1745 1301 1785 tamen
1321 1730 1639 1806 omnitem-

32 1833 163 1891 pore
181 1811 413 1868 eundern
432 1809 496 1867 ad
517 1809 766 1867 modum.
810 1830 933 1866 nam
958 1830 1085 1866 cum
1113 1827 1277 1892 tenue
1295 1811 1439 1868 lucet
1458 1815 1636 1878 Luna,

30 1897 208 1951 minus
227 1896 388 1950 etiam
418 1913 561 1949 mare
583 1891 844 1971 procedit.
887 1890 953 1948 ab
978 1891 1162 1949 eadem
1179 1891 1397 1950 dividua
1414 1893 1477 1951 ad
1497 1894 1638 1953 divi-

27 1976 189 2034 duam
211 1978 423 2033 alteram
444 2015 460 2041 ‚
481 1970 651 2030 fertur
670 1978 875 2047 majore
895 1976 1124 2054 impetu·
1168 1980 1244 2032 Ita
1261 1972 1310 2032 se
1333 1977 1417 2033 illa
1435 1994 1635 2035 naturae
1673 2006 1676 2009 “

25 2078 143 2134 pars
158 2055 334 2114 habet.
399 2054 549 2113 Cum
575 2061 686 2131 jam
718 2060 774 2112 in
809 2060 1032 2114 tertium
1068 2078 1272 2114 annum
1310 2057 1540 2115 Gotthis
1576 2080 1635 2117 ac

27 2138 405 2197 Thendericho
425 2137 724 2195 traheretur
742 2136 954 2196 obsidio
973 2180 988 2205 ‚
1030 2138 1233 2195 Gotthi
1260 2137 1480 2198 affidere
1502 2161 1635 2197 mae-

26 2221 183 2279 nibus
200 2219 331 2289 fessi,
349 2221 589 2279 Odoacri
611 2223 806 2278 milites
825 2241 1003 2278 rerum
1022 2219 1222 2300 quibus
1242 2225 1440 2280 vivitur
1459 2244 1634 2302 penn-

24 2307 97 2360 ria
113 2308 334 2367 tentati,
367 2301 678 2384 pacificante
708 2302 978 2363 Ravennae
1013 2302 1240 2361 antistite
1259 2344 1276 2370 ‚
1304 2307 1379 2361 ita
1412 2308 1550 2362 inter
1580 2303 1633 2365 se

0 2441 2 2446 ,
25 2404 354 2465 comparant,
372 2403 432 2443 ut
453 2388 558 2464 pari
571 2390 691 2461 jure
708 2385 982 2445 Ravennae
1003 2389 1271 2464 imperent
1293 2392 1345 2444 δε
1364 2386 1630 2446 Theude-

21 2467 195 2526 richus
209 2474 261 2527 &
282 2468 553 2525 Odoacer.
598 2464 786 2524 manfit
801 2469 964 2546 pactis
985 2469 1311 2547 aliquamdiu
1328 2466 1462 2528 fides
1495 2492 1509 2525 ε
1543 2468 1633 2529 sed

23 2568 247 2607 eventus
265 2554 307 2607 is
323 2548 429 2607 fuit
452 2591 468 2617 ‚
506 2567 566 2607 ut
587 2549 906 2609 Odoacrum
924 2591 940 2617 ,
962 2549 1267 2609 insidiarum
1287 2591 1304 2619 ‚
1324 2569 1386 2608 ut
1405 2551 1630 2631 quidem

23 2629 293 2689 dicebatur
311 2673 327 2701 ,
347 2649 691 2709 compertum
711 2675 726 2697 ,
763 2631 826 2690 ad
847 2634 1024 2714 epulas
1046 2650 1300 2693 vocatum
1319 2633 1630 2692 Theuderi-

21 2710 152 2770 chus
187 2713 315 2771 dolo
349 2714 632 2779 occideret.
680 2718 730 2769 Is
770 2735 836 2771 ex
865 2737 932 2773 eo
952 2755 969 2781 ,
1005 2717 1296 2773 conciliatis
1332 2714 1426 2773 fibi
1447 2720 1539 2795 qui
1558 2716 1628 2775 de

20 2791 259 2852 hostibus
276 2795 580 2875 supererant
602 2837 619 2863 ,
640 2794 889 2855 Gotthos
911 2796 1180 2877 Italosque
1204 2798 1512 2855 moderatus
1529 2796 1625 2864 est,

20 2879 356 2954 Imperatoris
388 2881 627 2937 Romani
645 2900 821 2959 neque
840 2880 1108 2939 vocabulo
1130 2901 1306 2959 neque
1326 2878 1625 2959 insignibus

18 2954 323 3040 assumptis,
354 2981 444 3028 tex
480 2977 772 3023 contentus
806 2966 1017 3034 vocari,
1058 2962 1209 3042 quod
1237 2966 1461 3097 Imperiti)
1479 2958 1620 3099 azad

309 3077 313 3081 ’
1466 3061 1518 3097 ar
1562 3061 1619 3097 a-
