1888 3428
409 125 1260 177 PROLEGOMENA.
1579 134 1649 191 23

33 203 177 285 apud
195 200 446 260 homines
482 221 593 256 non
617 193 924 278 praefra&os
963 198 1193 256 Scanziae
1218 194 1470 255 afferuiffe
1509 193 1660 252 Got-

33 286 158 345 thos
188 284 404 348 videor,
439 279 667 358 superest
688 297 747 337 ut
764 279 829 337 de
864 277 1167 338 NWandalis
1203 284 1255 336 &
1281 277 1659 358 Langobardis

34 368 178 428 idem
210 364 417 424 faciam.
460 366 550 421 De
570 363 869 423 Wandalis
904 360 1034 440 quid
1071 359 1146 417 est
1185 359 1334 439 quod
1372 362 1657 440 quisquam

33 451 140 510 hoc
171 469 420 529 tempore
449 444 651 505 adferre
672 443 720 501 se
741 462 892 524 putet
919 441 1065 522 poffe
1099 445 1428 522 exploratius
1447 482 1460 503 ,
1493 463 1658 521 quam

34 535 178 592 mille
197 530 391 590 abhinc
406 532 556 588 annis
573 531 873 607 Procopius
893 527 1095 595 attulit,
1113 530 1206 607 qui
1223 530 1278 582 in
1293 523 1480 583 Africa
1499 565 1514 591 ,
1532 546 1659 582 cum

33 614 332 676 Wandalis
347 609 617 692 saepiffime
653 608 727 666 est
764 609 1070 667 collocutus
1086 650 1102 677 ‚
1133 627 1384 688 praeterea
1419 607 1659 663 Gilime-

30 695 562 756 remWandalorum
582 690 1479 772 regem,proceresqueWandalos
1501 690 1659 746 Con-

30 779 441 857 stantinopolim
476 777 767 856 perdufflms
816 774 1133 855 quotidiana
1166 773 1523 831 familiaritate
1561 792 1659 827 co-

11 865 263 942 gnovit?
293 859 615 917 credibilene
635 857 709 915 est
727 857 1011 915 hominem
1032 899 1047 925 ,
1079 858 1214 916 adeo
1232 860 1420 914 omnia
1437 855 1660 933 antiqua

29 943 410 1024 percunctandi
430 942 685 1020 cupidum
708 983 725 1009 ,
760 942 814 999 id
834 941 916 998 vel
935 961 1048 997 non
1066 942 1329 1020 praecipue
1347 933 1658 1019 quaefiviffe,

30 1026 173 1083 unde
190 1022 354 1082 essent
372 1027 444 1082 illi
462 1025 735 1103 Hispaniae
757 1021 1062 1102 Africaeque
1082 1020 1358 1081 insefl'ores
1388 1019 1659 1080 &Wanda-

28 1110 96 1172 li,
132 1126 223 1164 aut
240 1107 561 1165 Gilimerern
586 1113 639 1164 &
659 1108 793 1164 alios
812 1113 926 1183 ejus
944 1109 1121 1186 gentis
1146 1110 1410 1184 primores
1429 1125 1493 1160 ex
1514 1099 1658 1158 fama

28 1192 251 1269 antiqua
284 1189 718 1269 carminibusque
751 1207 1007 1268 perpetua
1028 1191 1292 1245 memoria
1318 1185 1544 1267 proditis
1571 1186 1658 1240 ni-

30 1270 102 1328 hil
122 1270 356 1329 habuiffe
375 1275 503 1330 certi
519 1272 668 1352 quod
683 1271 1138 1350 responderentPis
1157 1290 1340 1328 autern
1361 1269 1660 1345 Procopius

30 1353 503 1412 Wandalicorum
547 1356 724 1433 primo
759 1354 1082 1412 Wandalos
1115 1374 1231 1410 non
1275 1354 1457 1409 minus
1489 1368 1658 1428 quam

30 1433 433 1514 Ostrogotthos
451 1476 468 1502 ,
501 1457 665 1514 quam
687 1434 1158 1516 Westrogotthos
1175 1477 1191 1502 ,
1210 1455 1374 1514 quam
1395 1430 1660 1510 Gepida3‚

29 1518 266 1597 populos
300 1514 399 1572 effe
430 1516 561 1572 dicit
596 1517 896 1573 Gotthicos
917 1558 932 1582 ‚
978 1516 1301 1573 nominibus
1333 1514 1616 1572 distinctos
1637 1552 1656 1579 ,

27 1603 240 1677 origine
275 1618 333 1653 ac
365 1596 614 1654 moribus
647 1613 1013 1676 congruentes
1044 1621 1060 1662 3
1112 1599 1357 1676 linguam
1403 1614 1655 1674 praeterea

29 1680 151 1761 ipfis
167 1678 265 1749 effe
288 1678 613 1737 Gotthicam
631 1719 648 1747 ,
679 1701 860 1757 neque
892 1677 941 1736 se
973 1678 1218 1737 dubitare
1237 1681 1374 1759 quin
1391 1680 1527 1735 olim
1549 1697 1656 1734 una

28 1784 161 1844 gens
178 1759 403 1830 fuerint,
423 1782 481 1818 ac
499 1784 564 1819 ne
587 1781 787 1819 temere
806 1762 860 1819 id
877 1760 1056 1819 dixiffe
1077 1782 1298 1841 putetur
1313 1803 1328 1825 ‚
1350 1759 1655 1818 Gotthico-

30 1867 150 1903 rum
170 1862 369 1924 quarto
391 1842 598 1901 rursum
633 1844 913 1902 Gotthicis
934 1848 1149 1925 populis
1166 1845 1446 1904 Vandalos
1462 1863 1655 1900 accen-

30 1925 104 1984 set
127 1949 141 1983 τ
171 1924 586 2005 eosquepariter
605 1948 729 1984 cum
766 1926 997 1984 Gotthis
1017 1928 1044 1984 e
1063 1931 1232 2006 patria
1248 1920 1367 1987 sede
1387 1927 1451 1984 ad
1473 1927 1653 1982 Maeo-

29 2009 196 2066 tidem
234 2009 481 2086 paludem
516 2007 709 2068 veniffe
743 2029 1029 2067 memorat.
1072 2010 1286 2068 accedat
1316 2005 1611 2067 Iornandes
1631 2047 1650 2073 ,

29 2095 122 2170 qui
146 2091 239 2148 ubi
257 2094 484 2150 Scanziae
502 2090 737 2149 recenset
756 2094 993 2172 populos
1012 2133 1027 2161 ‚
1050 2096 1205 2172 ponit
1229 2100 1284 2150 &
1302 2090 1653 2156 Vinoviloth,

28 2195 146 2253 quae
165 2195 270 2230 vox
289 2176 670 2233 Winolorum
692 2173 1068 2254 poffeffionem
1088 2174 1364 2257 significat.
1410 2188 1480 2233 Ot
1501 2178 1648 2231 enim
1688 2215 1706 2234 ἵ
1746 2174 1862 2226 oet-

31 2253 275 2335 poffeffio
296 2255 372 2312 est
394 2261 556 2313 etiam
576 2255 750 2337 priscis
770 2258 1071 2315 Saxonibu5
1091 2299 1108 2326 ,
1133 2257 1274 2316 unde
1284 2259 1397 2335 feot
1423 2256 1528 2314 five
1534 2258 1648 2332 feo-

29 2340 142 2396 dum
160 2337 428 2396 fiduciaria
442 2336 720 2409 frufftuum
739 2337 1006 2419 possessio.
1049 2345 1086 2396 ii
1117 2360 1297 2398 autem
1331 2343 1425 2414 qui
1445 2340 1652 2398 Graecis

30 2421 267 2487 Vandili,
288 2421 402 2478 aliis
417 2421 667 2480 Vandalii
688 2464 705 2488 ‚
719 2422 969 2491 Vandali,
988 2425 1283 2491 XWandali,
1298 2421 1527 2480 Tabulae
1555 2443 1652 2479 ve-

32 2506 131 2559 teri
146 2502 381 2560 Vanduli
403 2545 418 2570 ‚
451 2506 615 2561 Paulo
635 2505 1000 2564 W⁷arnefredi
1017 2507 1138 2563 sunt
1155 2507 1370 2566 W'inili
1388 2546 1404 2572 ,
1425 2505 1649 2562 Adamo

33 2584 304 2641 Bremenfi
323 2588 507 2644 Vinuli
526 2628 544 2654 ‚
567 2588 682 2645 aliis
698 2590 936 2648 Winuli
954 2592 1174 2647 mutatis
1191 2589 1492 2656 vocalibuS,
1511 2607 1569 2643 ac
1589 2588 1645 2642 D

41 2668 188 2724 litera
222 2685 311 2724 aut
332 2668 505 2726 addita
524 2689 614 2727 aut
632 2674 855 2753 extrita,
894 2670 1047 2751 quod
1076 2672 1324 2730 crebrum
1357 2672 1649 2728 Germanis
1715 2682 1725 2721 ξ

37 2753 91 2806 &
127 2765 246 2806 ante
273 2756 607 2809 monuimus·
649 2756 925 2833 Procopio
963 2761 1018 2811 &
1055 2755 1312 2814 Iornandi
1346 2752 1537 2812 testem
1581 2750 1649 2808 de

40 2830 454 2890 Wandalorum
474 2838 688 2914 origine
710 2857 840 2895 mox
858 2836 1047 2893 addam
1065 2841 1293 2895 Paulum
1313 2828 1656 2896 W'arnefre·

40 2910 97 2970 di
118 2911 211 2970 ubi
228 2913 290 2973 ad
308 2917 701 2998 Langobardos
734 2940 1054 3000 pervenem.
1094 2922 1231 2980 Non
1254 2920 1525 3002 ignoravit
1543 2917 1660 2992 ple-

939 3000 976 3058 b
1017 3023 1058 3077 4
1505 3014 1670 3078 taque
