1931 3428
257 110 398 200 ,75⁵⁰
516 152 518 154 .
597 114 730 179 ‘DE
767 110 1059 178 GEST1s
1101 113 1607 181 LANGOBARD.
1890 172 1931 194 „

268 200 394 271 nilis
410 192 1027 276 postulaverint,illeque
1048 191 1404 274 responderit3
1426 195 1476 255 se
1493 199 1596 258 'illis
1614 203 1898 266 victoriam

270 271 691 355 daturumsquos
708 279 945 358 primum
974 278 1190 335 oriente
1210 281 1332 338 Sole
1349 278 1736 362 conspexiffet3
1766 305 1901 349 tunc
1928 294 1931 299 '

269 359 527 432 acceffiffe,
547 360 882 429 Gambaram
914 360 977 419 ad
1008 362 1196 420 Fream
1215 402 1232 430 ‚
1264 384 1495 422 uxorem
1525 368 1775 432 Wodan
1793 412 1813 440 ,
1843 380 1902 432 δε

269 448 494 510 Winilis
509 447 790 506 vifforiam
812 441 1093 524 postulasse
1112 486 1131 514 ,
1171 446 1472 528 Freamque
1493 448 1781 511 confilium
1802 454 1901 517 de-

268 529 398 595 diffe
418 573 436 601 ,
466 548 529 589 ut
548 529 912 590 Winilorum
933 528 1183 596 mulieres
1201 569 1219 597 ,
1240 527 1452 590 solutos
1473 535 1647 592 crines
1669 557 1795 619 erga
1813 535 1897 597 fa-'

269 618 410 673 ciem
431 657 448 685 ‚
468 614 533 673 ad
551 612 728 671 barbae
747 610 1156 670 similitudinem
1175 633 1579 694 componerent
1593 662 1607 683 ,
1624 619 1904 702 maneque

268 702 453 779 primo
472 719 597 756 cum
615 698 742 755 viris
769 691 1007 766 ¹adessent
1025 737 1044 765 ,
1074 694 1286 777 seseque
1306 697 1334 755 εὶ
1367 700 1616 759 Wodan
1644 704 1904 765 videndas

267 785 465 862 pariter
498 780 526 839 ὲ
558 782 782 861 regione
803 818 820 840 ‚
852 799 961 859 qua
992 780 1080 836 ille
1113 801 1210 858 per
1243 778 1530 841 fenestram
1548 826 1567 853 ,
1605 786 1902 847 Orientem

269 867 451 941 versus
471 907 488 935 ‚
519 882 632 922 erat
666 859 857 919 solitus
888 859 1154 942 adspicere
1174 905 1193 931 ,
1230 866 1593 926 collocarent:
1628 887 1791 950 atque
1826 875 1903 931 ita

266 945 476 1009 factum
492 943 665 1005 fuisse.
713 946 868 1022 Qs
901 966 1026 1002 cum
1056 945 1303 1005 Wodan
1330 949 1664 1030 conspiceret
1685 957 1900 1014 oriente

265 1029 410 1097 sole,
432 1027 649 1089 dixisse:
687 1029 809 1103 Q
832 1023 954 1085 sunt
988 1025 1069 1084 isti
1096 1029 1490 1109 Langobardi?
1524 1035 1691 1093 Tunc
1709 1038 1902 1097 Fream

265 1109 611 1189 subjunxisse,
632 1129 689 1167 ut
707 1109 910 1189 quibus
931 1131 1138 1167 nomen
1158 1112 1442 1183 tribuerat,
1459 1117 1743 1182 victoriam
1767 1143 1907 1179 con-

265 1197 526 1269 donaret;
547 1193 723 1273 sicque
742 1194 988 1251 Winilis
1007 1192 1254 1252 Wodan
1271 1197 1557 1255 viBtoriam
1576 1203 1906 1268 conceffifl'e,

264 1280 403 1335 Haec
420 1275 521 1356 risu
540 1277 705 1357 digna
723 1272 884 1345 sunt,
917 1282 973 1334 ὃς
998 1281 1098 1355 pro
1135 1277 1305 1335 nihilo
1341 1278 1607 1340 habenda.
1655 1287 1904 1347 Victoria

264 1356 415 1419 enim
432 1382 546 1419 non
569 1357 822 1440 potestati
841 1357 916 1417 est
936 1358 1208 1419 adtributa
1240 1359 1534 1424 hominum
1551 1406 1570 1434 ,
1597 1363 1685 1426 sed
1708 1366 1736 1426 ἐ
1757 1372 1900 1435 coelo

265 1447 455 1525 potius
475 1441 827 1511 ministrat-ur.
1220 1472 1224 1476 ·

783 1581 844 1648 C
947 1606 996 1648 Λ
1096 1607 1151 1649 P.
1269 1586 1415 1654 IX.

346 1739 511 1804 Qare
531 1727 716 1785 Winili
732 1726 1036 1802 Langobardi
1047 1727 1279 1801 appellati
1282 1726 1412 1803 sint,
1429 1731 1490 1793 (ᾗ,
1508 1729 1824 1806 quodVVoda

484 1808 675 1887 ipssfit³
697 1811 785 1884 qui
804 1810 933 1887 apud
951 1820 1185 1868 Romanos
1200 1816 1474 1871 Mercurius
1490 1815 1700 1873 dicitur.
1814 1822 1819 1847 ’-

271 1950 604 2077 CErtum
624 1968 813 2006 tamen
836 1946 911 2005 est
929 1992 946 2013 ‚
970 1949 1364 2028 Langobardos
1381 1989 1397 2014 ‚
1414 2010 1418 2015 ,
1434 1951 1501 2008 ab
1521 1954 1741 2012 intastae
1753 1952 1900 2014 ferro

408 2030 587 2089 barbae
635 2029 983 2110 longitudine
1002 2071 1019 2098 ,
1069 2051 1196 2087 cum
1231 2034 1482 2112 primitus
1516 2037 1736 2095 Winili
1768 2037 1902 2098 diffl

262 2109 491 2181 fuerint,
509 2117 585 2171 ita
602 2111 961 2190 postmodum
977 2116 1295 2193 appellatos.
1340 2116 1484 2173 Nam
1501 2121 1899 2193 juxtaillorum

254 2198 511 2277 ‘linguam
529 2237 546 2264 ,
569 2198 690 2273 lang
709 2195 934 2274 longam
958 2236 974 2263 ‚
992 2208 1146 2254 Baert
1166 2195 1386 2256 barbam
1402 2197 1684 2280 significatu.
1728 2207 1902 2264 Wo-

264 2278 372 2338 dan
389 2276 512 2336 sane
556 2319 572 2345 ,
607 2299 776 2358 quem
795 2277 1001 2353 adjeoha
1017 2282 1193 2337 littera
1214 2280 1420 2339 Godan
1457 2283 1712 2345 dixerunt
1740 2330 1758 2363 ‚
1779 2286 1900 2367 'ipse

265 2360 344 2419 est
361 2403 378 2430 ,
412 2364 523 2442 qui.
540 2360 683 2440 apud
699 2361 989 2425 Romanos
1009 2364 1315 2421 Mercurius
1333 2365 1529 2424 dicitur
1547 2408 1564 2434 ,
1605 2375 1660 2428 &
1686 2369 1763 2444 ab.
1777 2375 1901 2446 uni-

265 2443 429 2506 verfis
465 2445 777 2504 Germaniae
796 2445 1053 2526 gentibus
1075 2464 1133 2503 ut
1151 2448 1308 2505 Deus
1328 2448 1580 2508 adoratur
1600 2475 1617 2518 3
1662 2444 1898 2532 quinon

265 2531 402 2585 circa
419 2527 529 2586 haec
548 2547 796 2608 tempora
817 2570 833 2595 ‚
870 2526 955 2584 sed
973 2531 1139 2608 longe
1156 2536 1392 2590 anterius
1410 2574 1429 2603 ‚
1462 2539 1638 2595 necin
1662 2538 1896 2596 Germa-

265 2612 376 2680 nia,
395 2608 556 2670 sedin
576 2612 786 2671 Graecia
803 2606 956 2669 fuisse
974 2612 1308 2692 perhibetur.

1663 2949 1719 3013 C
1751 2970 1805 3012 >A
1829 2945 1892 3012 Δε’.
1924 2963 1928 2967 ’
