<?xml version="1.0" encoding="UTF-8"?>
<!DOCTYPE html PUBLIC "-//W3C//DTD XHTML 1.0 Transitional//EN"
    "http://www.w3.org/TR/xhtml1/DTD/xhtml1-transitional.dtd">
<html xmlns="http://www.w3.org/1999/xhtml" xml:lang="en" lang="en">
 <head>
  <title>
</title>
<meta http-equiv="Content-Type" content="text/html;charset=utf-8" />
  <meta name='ocr-system' content='tesseract 3.04.00' />
  <meta name='ocr-capabilities' content='ocr_page ocr_carea ocr_par ocr_line ocrx_word'/>
</head>
<body>
  <div class='ocr_page' id='page_1' title='image "./historiagotthoru00grot_0296.png"; bbox 0 0 1888 3428; ppageno 0'>
   <div class='ocr_carea' id='block_1_1' title="bbox 165 159 1888 3083">
    <p class='ocr_par' dir='ltr' id='par_1_1' title="bbox 165 159 1888 3083">
     <span class='ocr_line' id='line_1_1' title="bbox 239 159 1567 247; baseline -0.017 -19"><span class='ocrx_word' id='word_1_1' title='bbox 239 178 348 247; x_wconf 75' lang='lat'>136</span> <span class='ocrx_word' id='word_1_2' title='bbox 576 170 970 224; x_wconf 72' lang='lat' dir='ltr'>PRocoprr</span> <span class='ocrx_word' id='word_1_3' title='bbox 1015 159 1567 227; x_wconf 13' lang='lat' dir='ltr'>CAEVSAREENSIS</span> 
     </span>
     <span class='ocr_line' id='line_1_2' title="bbox 237 227 1887 311; baseline -0.016 0"><span class='ocrx_word' id='word_1_4' title='bbox 237 265 417 311; x_wconf 88' lang='lat' dir='ltr'>vocat.</span> <span class='ocrx_word' id='word_1_5' title='bbox 460 247 664 306; x_wconf 83' lang='lat' dir='ltr'><strong>Aderat</strong></span> <span class='ocrx_word' id='word_1_6' title='bbox 689 254 744 304; x_wconf 89' lang='lat'>&amp;</span> <span class='ocrx_word' id='word_1_7' title='bbox 774 244 1076 302; x_wconf 87' lang='lat' dir='ltr'>Artabanes</span> <span class='ocrx_word' id='word_1_8' title='bbox 1097 260 1220 296; x_wconf 88' lang='lat' dir='ltr'>cum</span> <span class='ocrx_word' id='word_1_9' title='bbox 1243 236 1357 302; x_wconf 84' lang='lat' dir='ltr'>aliis</span> <span class='ocrx_word' id='word_1_10' title='bbox 1373 231 1592 302; x_wconf 65' lang='lat' dir='ltr'>duobus</span> <span class='ocrx_word' id='word_1_11' title='bbox 1619 227 1844 307; x_wconf 65' lang='lat' dir='ltr'>ecastr-is</span> <span class='ocrx_word' id='word_1_12' title='bbox 1884 232 1887 236; x_wconf 87' lang='grc'>’</span> 
     </span>
     <span class='ocr_line' id='line_1_3' title="bbox 239 306 1849 409; baseline -0.014 -19"><span class='ocrx_word' id='word_1_13' title='bbox 239 336 461 409; x_wconf 78' lang='lat' dir='ltr'>veniens</span> <span class='ocrx_word' id='word_1_14' title='bbox 482 372 498 398; x_wconf 83' lang='lat'><strong>,</strong></span> <span class='ocrx_word' id='word_1_15' title='bbox 535 332 960 408; x_wconf 61' lang='lat' dir='ltr'>auftorqueerat</span> <span class='ocrx_word' id='word_1_16' title='bbox 990 317 1314 392; x_wconf 83' lang='lat' dir='ltr'>Areobindo</span> <span class='ocrx_word' id='word_1_17' title='bbox 1335 361 1349 383; x_wconf 95' lang='lat'>‚</span> <span class='ocrx_word' id='word_1_18' title='bbox 1390 337 1457 372; x_wconf 85' lang='lat' dir='ltr'>ne</span> <span class='ocrx_word' id='word_1_19' title='bbox 1476 306 1849 393; x_wconf 61' lang='lat' dir='ltr'>percelleretur</span> 
     </span>
     <span class='ocr_line' id='line_1_4' title="bbox 237 390 1852 494; baseline -0.016 -21"><span class='ocrx_word' id='word_1_20' title='bbox 237 435 419 494; x_wconf 88' lang='lat' dir='ltr'>neque</span> <span class='ocrx_word' id='word_1_21' title='bbox 437 413 661 471; x_wconf 74' lang='lat' dir='ltr'>audaciae</span> <span class='ocrx_word' id='word_1_22' title='bbox 681 407 1039 468; x_wconf 79' lang='lat' dir='ltr'>Gontharidis</span> <span class='ocrx_word' id='word_1_23' title='bbox 1057 403 1268 461; x_wconf 88' lang='lat' dir='ltr'>cederet</span> <span class='ocrx_word' id='word_1_24' title='bbox 1289 441 1305 468; x_wconf 88' lang='lat'>‚</span> <span class='ocrx_word' id='word_1_25' title='bbox 1334 396 1422 456; x_wconf 89' lang='lat' dir='ltr'>sed</span> <span class='ocrx_word' id='word_1_26' title='bbox 1439 399 1582 469; x_wconf 87' lang='lat' dir='ltr'>illico</span> <span class='ocrx_word' id='word_1_27' title='bbox 1604 390 1852 450; x_wconf 85' lang='lat' dir='ltr'>adversus</span> 
     </span>
     <span class='ocr_line' id='line_1_5' title="bbox 235 466 1888 574; baseline -0.016 -19"><span class='ocrx_word' id='word_1_28' title='bbox 235 501 337 555; x_wconf 90' lang='lat' dir='ltr'>iret</span> <span class='ocrx_word' id='word_1_29' title='bbox 355 516 480 553; x_wconf 87' lang='lat' dir='ltr'>cum</span> <span class='ocrx_word' id='word_1_30' title='bbox 512 513 652 574; x_wconf 86' lang='lat' dir='ltr'>quot</span> <span class='ocrx_word' id='word_1_31' title='bbox 671 490 840 572; x_wconf 85' lang='lat' dir='ltr'>poffet</span> <span class='ocrx_word' id='word_1_32' title='bbox 858 484 1208 548; x_wconf 59' lang='lat' dir='ltr'>seffitatoribus</span> <span class='ocrx_word' id='word_1_33' title='bbox 1228 524 1245 551; x_wconf 86' lang='lat'><em>,</em></span> <span class='ocrx_word' id='word_1_34' title='bbox 1287 482 1725 561; x_wconf 79' lang='lat' dir='ltr'>opprimeretque</span> <span class='ocrx_word' id='word_1_35' title='bbox 1745 476 1851 530; x_wconf 89' lang='lat' dir='ltr'>ini-</span> <span class='ocrx_word' id='word_1_36' title='bbox 1881 466 1888 479; x_wconf 64' lang='lat'><em>⁴</em></span> 
     </span>
     <span class='ocr_line' id='line_1_6' title="bbox 196 555 1853 653; baseline -0.016 -16"><span class='ocrx_word' id='word_1_37' title='bbox 196 648 204 653; x_wconf 14' lang='lat' dir='ltr'>x</span> <span class='ocrx_word' id='word_1_38' title='bbox 237 581 411 637; x_wconf 91' lang='lat' dir='ltr'>micos</span> <span class='ocrx_word' id='word_1_39' title='bbox 445 595 672 634; x_wconf 85' lang='lat' dir='ltr'>conatus</span> <span class='ocrx_word' id='word_1_40' title='bbox 693 617 709 642; x_wconf 91' lang='lat'>‚</span> <span class='ocrx_word' id='word_1_41' title='bbox 740 574 1045 653; x_wconf 79' lang='lat' dir='ltr'>priusquam</span> <span class='ocrx_word' id='word_1_42' title='bbox 1082 571 1138 624; x_wconf 91' lang='lat' dir='ltr'>in</span> <span class='ocrx_word' id='word_1_43' title='bbox 1159 570 1310 645; x_wconf 88' lang='lat' dir='ltr'>pejus</span> <span class='ocrx_word' id='word_1_44' title='bbox 1328 559 1702 643; x_wconf 86' lang='lat' dir='ltr'>procederent.</span> <span class='ocrx_word' id='word_1_45' title='bbox 1748 555 1853 611; x_wconf 87' lang='lat' dir='ltr'>Sed</span> 
     </span>
     <span class='ocr_line' id='line_1_7' title="bbox 165 637 1852 731; baseline -0.017 -11"><span class='ocrx_word' id='word_1_46' title='bbox 165 659 170 661; x_wconf 15' lang='lat' dir='ltr'>V</span> <span class='ocrx_word' id='word_1_47' title='bbox 236 679 362 718; x_wconf 88' lang='lat' dir='ltr'>ante</span> <span class='ocrx_word' id='word_1_48' title='bbox 398 663 584 731; x_wconf 77' lang='lat' dir='ltr'>omnia</span> <span class='ocrx_word' id='word_1_49' title='bbox 631 655 982 715; x_wconf 87' lang='lat' dir='ltr'>Areobindus</span> <span class='ocrx_word' id='word_1_50' title='bbox 1026 649 1348 708; x_wconf 78' lang='lat' dir='ltr'>familiarem</span> <span class='ocrx_word' id='word_1_51' title='bbox 1385 640 1658 723; x_wconf 86' lang='lat' dir='ltr'>quendam</span> <span class='ocrx_word' id='word_1_52' title='bbox 1695 637 1852 695; x_wconf 81' lang='lat' dir='ltr'>suum</span> 
     </span>
     <span class='ocr_line' id='line_1_8' title="bbox 237 726 1854 805; baseline -0.017 -4"><span class='ocrx_word' id='word_1_53' title='bbox 237 744 462 801; x_wconf 85' lang='lat' dir='ltr'>Fredam</span> <span class='ocrx_word' id='word_1_54' title='bbox 483 743 706 798; x_wconf 87' lang='lat' dir='ltr'>nomine</span> <span class='ocrx_word' id='word_1_55' title='bbox 723 785 736 805; x_wconf 87' lang='lat'>‚</span> <span class='ocrx_word' id='word_1_56' title='bbox 772 738 836 795; x_wconf 87' lang='lat' dir='ltr'>ad</span> <span class='ocrx_word' id='word_1_57' title='bbox 856 733 1189 794; x_wconf 84' lang='lat' dir='ltr'>Gontharim</span> <span class='ocrx_word' id='word_1_58' title='bbox 1212 726 1352 785; x_wconf 71' lang='lat' dir='ltr'>misit</span> <span class='ocrx_word' id='word_1_59' title='bbox 1365 767 1384 794; x_wconf 83' lang='lat'>,</span> <span class='ocrx_word' id='word_1_60' title='bbox 1413 728 1507 805; x_wconf 79' lang='lat' dir='ltr'>qui</span> <span class='ocrx_word' id='word_1_61' title='bbox 1526 727 1772 779; x_wconf 88' lang='lat' dir='ltr'>animum</span> <span class='ocrx_word' id='word_1_62' title='bbox 1791 740 1854 775; x_wconf 90' lang='lat' dir='ltr'>e-</span> 
     </span>
     <span class='ocr_line' id='line_1_9' title="bbox 233 802 1856 902; baseline -0.017 -19"><span class='ocrx_word' id='word_1_63' title='bbox 233 830 324 902; x_wconf 85' lang='lat' dir='ltr'>jus</span> <span class='ocrx_word' id='word_1_64' title='bbox 340 841 590 881; x_wconf 85' lang='lat' dir='ltr'>tentaret.</span> <span class='ocrx_word' id='word_1_65' title='bbox 631 823 788 878; x_wconf 87' lang='lat' dir='ltr'>Dum</span> <span class='ocrx_word' id='word_1_66' title='bbox 808 839 939 877; x_wconf 89' lang='lat' dir='ltr'>vero</span> <span class='ocrx_word' id='word_1_67' title='bbox 960 815 1152 873; x_wconf 78' lang='lat' dir='ltr'>Fredas</span> <span class='ocrx_word' id='word_1_68' title='bbox 1171 812 1308 870; x_wconf 87' lang='lat' dir='ltr'>redit</span> <span class='ocrx_word' id='word_1_69' title='bbox 1327 830 1385 865; x_wconf 88' lang='lat' dir='ltr'>ac</span> <span class='ocrx_word' id='word_1_70' title='bbox 1414 808 1686 864; x_wconf 83' lang='lat' dir='ltr'>renuntiat</span> <span class='ocrx_word' id='word_1_71' title='bbox 1704 802 1856 876; x_wconf 85' lang='lat' dir='ltr'>abje-</span> 
     </span>
     <span class='ocr_line' id='line_1_10' title="bbox 240 887 1879 964; baseline -0.016 1"><span class='ocrx_word' id='word_1_72' title='bbox 240 908 328 964; x_wconf 66' lang='lat' dir='ltr'>&amp;a</span> <span class='ocrx_word' id='word_1_73' title='bbox 364 903 782 964; x_wconf 80' lang='lat' dir='ltr'>diffimulatione</span> <span class='ocrx_word' id='word_1_74' title='bbox 829 897 1165 957; x_wconf 84' lang='lat' dir='ltr'>Gontharim</span> <span class='ocrx_word' id='word_1_75' title='bbox 1201 891 1298 951; x_wconf 80' lang='lat' dir='ltr'>fibi</span> <span class='ocrx_word' id='word_1_76' title='bbox 1330 887 1529 948; x_wconf 84' lang='lat' dir='ltr'>Africae</span> <span class='ocrx_word' id='word_1_77' title='bbox 1563 888 1879 964; x_wconf 43' lang='lat' dir='ltr'>imperium&gt;</span> 
     </span>
     <span class='ocr_line' id='line_1_11' title="bbox 241 973 1888 1068; baseline -0.016 -21"><span class='ocrx_word' id='word_1_78' title='bbox 241 986 528 1068; x_wconf 88' lang='lat' dir='ltr'>deposcere</span> <span class='ocrx_word' id='word_1_79' title='bbox 548 1028 563 1055; x_wconf 87' lang='lat'>‚</span> <span class='ocrx_word' id='word_1_80' title='bbox 597 1005 759 1065; x_wconf 87' lang='lat' dir='ltr'>atque</span> <span class='ocrx_word' id='word_1_81' title='bbox 794 987 849 1040; x_wconf 88' lang='lat' dir='ltr'>in</span> <span class='ocrx_word' id='word_1_82' title='bbox 883 982 937 1039; x_wconf 87' lang='lat' dir='ltr'>id</span> <span class='ocrx_word' id='word_1_83' title='bbox 961 983 1139 1039; x_wconf 87' lang='lat' dir='ltr'>venire</span> <span class='ocrx_word' id='word_1_84' title='bbox 1169 994 1230 1034; x_wconf 86' lang='lat' dir='ltr'>ut</span> <span class='ocrx_word' id='word_1_85' title='bbox 1253 976 1315 1032; x_wconf 89' lang='lat' dir='ltr'>de</span> <span class='ocrx_word' id='word_1_86' title='bbox 1350 995 1417 1030; x_wconf 89' lang='lat' dir='ltr'>eo</span> <span class='ocrx_word' id='word_1_87' title='bbox 1439 973 1631 1051; x_wconf 82' lang='lat' dir='ltr'>proelio</span> <span class='ocrx_word' id='word_1_88' title='bbox 1652 984 1853 1033; x_wconf 85' lang='lat' dir='ltr'>cernat,</span> <span class='ocrx_word' id='word_1_89' title='bbox 1886 1020 1888 1022; x_wconf 75' lang='grc'>,</span> 
     </span>
     <span class='ocr_line' id='line_1_12' title="bbox 239 1048 1882 1144; baseline -0.016 -16"><span class='ocrx_word' id='word_1_90' title='bbox 239 1073 445 1128; x_wconf 84' lang='lat' dir='ltr'>interea</span> <span class='ocrx_word' id='word_1_91' title='bbox 480 1067 782 1127; x_wconf 86' lang='lat' dir='ltr'>Gontharis</span> <span class='ocrx_word' id='word_1_92' title='bbox 813 1063 954 1144; x_wconf 88' lang='lat' dir='ltr'>apud</span> <span class='ocrx_word' id='word_1_93' title='bbox 999 1064 1195 1119; x_wconf 82' lang='lat' dir='ltr'>milites</span> <span class='ocrx_word' id='word_1_94' title='bbox 1239 1054 1624 1113; x_wconf 78' lang='lat' dir='ltr'>Areobindum</span> <span class='ocrx_word' id='word_1_95' title='bbox 1666 1048 1882 1105; x_wconf 52' lang='lat' dir='ltr'>obtre-1</span> 
     </span>
     <span class='ocr_line' id='line_1_13' title="bbox 244 1135 1875 1223; baseline -0.017 -12"><span class='ocrx_word' id='word_1_96' title='bbox 244 1153 423 1209; x_wconf 69' lang='lat' dir='ltr'>&amp;tabat</span> <span class='ocrx_word' id='word_1_97' title='bbox 459 1170 521 1208; x_wconf 91' lang='lat' dir='ltr'>ut</span> <span class='ocrx_word' id='word_1_98' title='bbox 556 1149 829 1207; x_wconf 88' lang='lat' dir='ltr'>imbellem</span> <span class='ocrx_word' id='word_1_99' title='bbox 866 1187 883 1213; x_wconf 84' lang='lat'>,</span> <span class='ocrx_word' id='word_1_100' title='bbox 929 1148 1130 1223; x_wconf 86' lang='lat' dir='ltr'>quique</span> <span class='ocrx_word' id='word_1_101' title='bbox 1166 1142 1359 1219; x_wconf 84' lang='lat' dir='ltr'>partim</span> <span class='ocrx_word' id='word_1_102' title='bbox 1395 1135 1636 1194; x_wconf 82' lang='lat' dir='ltr'>hostium</span> <span class='ocrx_word' id='word_1_103' title='bbox 1674 1149 1824 1187; x_wconf 87' lang='lat' dir='ltr'>metu</span> <span class='ocrx_word' id='word_1_104' title='bbox 1841 1159 1875 1198; x_wconf 57' lang='lat'>‚&gt;</span> 
     </span>
     <span class='ocr_line' id='line_1_14' title="bbox 246 1215 1860 1312; baseline -0.016 -19"><span class='ocrx_word' id='word_1_105' title='bbox 246 1238 440 1312; x_wconf 82' lang='lat' dir='ltr'>partim</span> <span class='ocrx_word' id='word_1_106' title='bbox 477 1251 537 1289; x_wconf 91' lang='lat' dir='ltr'>ut</span> <span class='ocrx_word' id='word_1_107' title='bbox 572 1231 712 1310; x_wconf 89' lang='lat' dir='ltr'>ipsos</span> <span class='ocrx_word' id='word_1_108' title='bbox 748 1227 1014 1306; x_wconf 85' lang='lat' dir='ltr'>stipendio</span> <span class='ocrx_word' id='word_1_109' title='bbox 1053 1222 1322 1280; x_wconf 86' lang='lat' dir='ltr'>fraudaret</span> <span class='ocrx_word' id='word_1_110' title='bbox 1356 1260 1374 1286; x_wconf 89' lang='lat'>‚</span> <span class='ocrx_word' id='word_1_111' title='bbox 1415 1215 1605 1296; x_wconf 83' lang='lat' dir='ltr'>fugam</span> <span class='ocrx_word' id='word_1_112' title='bbox 1624 1235 1749 1269; x_wconf 86' lang='lat' dir='ltr'>cum</span> <span class='ocrx_word' id='word_1_113' title='bbox 1774 1215 1860 1268; x_wconf 89' lang='lat' dir='ltr'>A-</span> 
     </span>
     <span class='ocr_line' id='line_1_15' title="bbox 243 1300 1863 1377; baseline -0.015 -4"><span class='ocrx_word' id='word_1_114' title='bbox 243 1314 480 1372; x_wconf 79' lang='lat' dir='ltr'>thanafio</span> <span class='ocrx_word' id='word_1_115' title='bbox 515 1313 776 1373; x_wconf 79' lang='lat' dir='ltr'>strueret,</span> <span class='ocrx_word' id='word_1_116' title='bbox 820 1309 846 1366; x_wconf 67' lang='lat' dir='ltr'>a</span> <span class='ocrx_word' id='word_1_117' title='bbox 882 1306 1201 1365; x_wconf 85' lang='lat' dir='ltr'>Mandracio</span> <span class='ocrx_word' id='word_1_118' title='bbox 1230 1305 1450 1377; x_wconf 84' lang='lat' dir='ltr'>jamjam</span> <span class='ocrx_word' id='word_1_119' title='bbox 1492 1300 1863 1376; x_wconf 82' lang='lat' dir='ltr'>navigaturuS,</span> 
     </span>
     <span class='ocr_line' id='line_1_16' title="bbox 244 1378 1862 1476; baseline -0.015 -21"><span class='ocrx_word' id='word_1_120' title='bbox 244 1395 544 1476; x_wconf 86' lang='lat' dir='ltr'>militesque</span> <span class='ocrx_word' id='word_1_121' title='bbox 580 1394 895 1471; x_wconf 67' lang='lat' dir='ltr'>obje&lt;9mrus</span> <span class='ocrx_word' id='word_1_122' title='bbox 930 1387 1059 1447; x_wconf 84' lang='lat' dir='ltr'>fami</span> <span class='ocrx_word' id='word_1_123' title='bbox 1095 1385 1249 1444; x_wconf 80' lang='lat' dir='ltr'>simul</span> <span class='ocrx_word' id='word_1_124' title='bbox 1284 1389 1339 1453; x_wconf 83' lang='lat'>&amp;</span> <span class='ocrx_word' id='word_1_125' title='bbox 1388 1383 1713 1442; x_wconf 85' lang='lat' dir='ltr'>Maurorum</span> <span class='ocrx_word' id='word_1_126' title='bbox 1746 1378 1862 1457; x_wconf 83' lang='lat' dir='ltr'>gla-</span> 
     </span>
     <span class='ocr_line' id='line_1_17' title="bbox 243 1460 1864 1558; baseline -0.014 -20"><span class='ocrx_word' id='word_1_127' title='bbox 243 1479 345 1538; x_wconf 83' lang='lat' dir='ltr'>diis</span> <span class='ocrx_word' id='word_1_128' title='bbox 382 1503 396 1536; x_wconf 73' lang='grc' dir='ltr'>ε</span> <span class='ocrx_word' id='word_1_129' title='bbox 438 1478 820 1558; x_wconf 82' lang='lat' dir='ltr'>quaerebatque</span> <span class='ocrx_word' id='word_1_130' title='bbox 852 1494 918 1531; x_wconf 89' lang='lat' dir='ltr'>an</span> <span class='ocrx_word' id='word_1_131' title='bbox 951 1467 1261 1539; x_wconf 85' lang='lat' dir='ltr'>volentibus</span> <span class='ocrx_word' id='word_1_132' title='bbox 1296 1462 1417 1544; x_wconf 77' lang='lat' dir='ltr'>ipsis</span> <span class='ocrx_word' id='word_1_133' title='bbox 1454 1460 1607 1534; x_wconf 78' lang='lat' dir='ltr'>e-ffet,</span> <span class='ocrx_word' id='word_1_134' title='bbox 1659 1461 1769 1518; x_wconf 88' lang='lat' dir='ltr'>dari</span> <span class='ocrx_word' id='word_1_135' title='bbox 1796 1480 1864 1517; x_wconf 87' lang='lat' dir='ltr'>u-</span> 
     </span>
     <span class='ocr_line' id='line_1_18' title="bbox 246 1541 1862 1640; baseline -0.015 -20"><span class='ocrx_word' id='word_1_136' title='bbox 246 1582 484 1640; x_wconf 83' lang='lat' dir='ltr'>trunque</span> <span class='ocrx_word' id='word_1_137' title='bbox 517 1567 572 1618; x_wconf 88' lang='lat' dir='ltr'>in</span> <span class='ocrx_word' id='word_1_138' title='bbox 604 1561 833 1617; x_wconf 78' lang='lat' dir='ltr'>vincula.</span> <span class='ocrx_word' id='word_1_139' title='bbox 881 1557 1001 1614; x_wconf 87' lang='lat' dir='ltr'>Hac</span> <span class='ocrx_word' id='word_1_140' title='bbox 1035 1570 1141 1610; x_wconf 86' lang='lat' dir='ltr'>arte</span> <span class='ocrx_word' id='word_1_141' title='bbox 1172 1548 1412 1629; x_wconf 74' lang='lat' dir='ltr'>sperabat</span> <span class='ocrx_word' id='word_1_142' title='bbox 1433 1543 1490 1603; x_wconf 86' lang='lat' dir='ltr'>se</span> <span class='ocrx_word' id='word_1_143' title='bbox 1516 1541 1862 1612; x_wconf 58' lang='lat' dir='ltr'>effecturum,</span> 
     </span>
     <span class='ocr_line' id='line_1_19' title="bbox 245 1625 1863 1708; baseline -0.015 -6"><span class='ocrx_word' id='word_1_144' title='bbox 245 1663 311 1701; x_wconf 89' lang='lat' dir='ltr'>ut</span> <span class='ocrx_word' id='word_1_145' title='bbox 344 1663 437 1701; x_wconf 90' lang='lat' dir='ltr'>aut</span> <span class='ocrx_word' id='word_1_146' title='bbox 472 1643 743 1708; x_wconf 60' lang='lat' dir='ltr'>intellecta</span> <span class='ocrx_word' id='word_1_147' title='bbox 785 1644 842 1696; x_wconf 90' lang='lat' dir='ltr'>in</span> <span class='ocrx_word' id='word_1_148' title='bbox 874 1635 922 1693; x_wconf 87' lang='lat' dir='ltr'>se</span> <span class='ocrx_word' id='word_1_149' title='bbox 961 1636 1198 1693; x_wconf 89' lang='lat' dir='ltr'>militum</span> <span class='ocrx_word' id='word_1_150' title='bbox 1229 1635 1302 1695; x_wconf 86' lang='lat' dir='ltr'>ira</span> <span class='ocrx_word' id='word_1_151' title='bbox 1351 1625 1636 1707; x_wconf 85' lang='lat' dir='ltr'>aufugeret</span> <span class='ocrx_word' id='word_1_152' title='bbox 1681 1629 1863 1681; x_wconf 88' lang='lat' dir='ltr'>Areo-</span> 
     </span>
     <span class='ocr_line' id='line_1_20' title="bbox 249 1708 1861 1798; baseline -0.014 -16"><span class='ocrx_word' id='word_1_153' title='bbox 249 1726 448 1783; x_wconf 84' lang='lat' dir='ltr'>bindus</span> <span class='ocrx_word' id='word_1_154' title='bbox 472 1767 488 1794; x_wconf 87' lang='lat'>,</span> <span class='ocrx_word' id='word_1_155' title='bbox 524 1742 615 1781; x_wconf 90' lang='lat' dir='ltr'>aut</span> <span class='ocrx_word' id='word_1_156' title='bbox 633 1727 960 1798; x_wconf 85' lang='lat' dir='ltr'>interceptus</span> <span class='ocrx_word' id='word_1_157' title='bbox 995 1718 1023 1776; x_wconf 74' lang='grc' dir='ltr'>ὲ</span> <span class='ocrx_word' id='word_1_158' title='bbox 1051 1717 1218 1773; x_wconf 83' lang='lat' dir='ltr'>milite</span> <span class='ocrx_word' id='word_1_159' title='bbox 1240 1709 1389 1769; x_wconf 88' lang='lat' dir='ltr'>causa</span> <span class='ocrx_word' id='word_1_160' title='bbox 1417 1708 1657 1766; x_wconf 86' lang='lat' dir='ltr'>inaudita</span> <span class='ocrx_word' id='word_1_161' title='bbox 1690 1709 1861 1762; x_wconf 88' lang='lat' dir='ltr'>truci-</span> 
     </span>
     <span class='ocr_line' id='line_1_21' title="bbox 250 1792 1862 1886; baseline -0.014 -21"><span class='ocrx_word' id='word_1_162' title='bbox 250 1808 483 1865; x_wconf 83' lang='lat' dir='ltr'>daretur.</span> <span class='ocrx_word' id='word_1_163' title='bbox 529 1804 781 1886; x_wconf 87' lang='lat' dir='ltr'>pollicitis</span> <span class='ocrx_word' id='word_1_164' title='bbox 800 1803 976 1880; x_wconf 82' lang='lat' dir='ltr'>largus</span> <span class='ocrx_word' id='word_1_165' title='bbox 996 1840 1013 1866; x_wconf 87' lang='lat'>,</span> <span class='ocrx_word' id='word_1_166' title='bbox 1036 1792 1388 1877; x_wconf 79' lang='lat' dir='ltr'>promittebat</span> <span class='ocrx_word' id='word_1_167' title='bbox 1406 1792 1561 1849; x_wconf 87' lang='lat' dir='ltr'>militi</span> <span class='ocrx_word' id='word_1_168' title='bbox 1580 1792 1862 1868; x_wconf 84' lang='lat' dir='ltr'>pecuniam</span> 
     </span>
     <span class='ocr_line' id='line_1_22' title="bbox 251 1873 1866 1970; baseline -0.015 -21"><span class='ocrx_word' id='word_1_169' title='bbox 251 1908 453 1970; x_wconf 88' lang='lat' dir='ltr'>quanta</span> <span class='ocrx_word' id='word_1_170' title='bbox 487 1887 515 1945; x_wconf 74' lang='lat' dir='ltr'>a</span> <span class='ocrx_word' id='word_1_171' title='bbox 545 1887 762 1968; x_wconf 84' lang='lat' dir='ltr'>publico</span> <span class='ocrx_word' id='word_1_172' title='bbox 797 1880 1110 1941; x_wconf 84' lang='lat' dir='ltr'>debebatur.</span> <span class='ocrx_word' id='word_1_173' title='bbox 1166 1878 1354 1948; x_wconf 68' lang='lat' dir='ltr'>Dicitis</span> <span class='ocrx_word' id='word_1_174' title='bbox 1388 1877 1630 1930; x_wconf 84' lang='lat' dir='ltr'>animum</span> <span class='ocrx_word' id='word_1_175' title='bbox 1666 1873 1866 1927; x_wconf 83' lang='lat' dir='ltr'>milites</span> 
     </span>
     <span class='ocr_line' id='line_1_23' title="bbox 251 1949 1863 2051; baseline -0.016 -20"><span class='ocrx_word' id='word_1_176' title='bbox 251 1974 572 2051; x_wconf 75' lang='lat' dir='ltr'>applicuere.</span> <span class='ocrx_word' id='word_1_177' title='bbox 610 1969 696 2026; x_wconf 91' lang='lat' dir='ltr'>sed</span> <span class='ocrx_word' id='word_1_178' title='bbox 731 1969 946 2025; x_wconf 85' lang='lat' dir='ltr'>interim</span> <span class='ocrx_word' id='word_1_179' title='bbox 966 1963 1274 2029; x_wconf 83' lang='lat' dir='ltr'>adventarat</span> <span class='ocrx_word' id='word_1_180' title='bbox 1291 1979 1414 2014; x_wconf 88' lang='lat' dir='ltr'>cum</span> <span class='ocrx_word' id='word_1_181' title='bbox 1430 1954 1706 2012; x_wconf 79' lang='lat' dir='ltr'>Artabane</span> <span class='ocrx_word' id='word_1_182' title='bbox 1725 1949 1863 2008; x_wconf 89' lang='lat' dir='ltr'>aliis-</span> 
     </span>
     <span class='ocr_line' id='line_1_24' title="bbox 253 2037 1864 2133; baseline -0.015 -21"><span class='ocrx_word' id='word_1_183' title='bbox 253 2076 363 2133; x_wconf 84' lang='lat' dir='ltr'>que</span> <span class='ocrx_word' id='word_1_184' title='bbox 398 2052 475 2114; x_wconf 86' lang='lat' dir='ltr'>sui</span> <span class='ocrx_word' id='word_1_185' title='bbox 509 2049 753 2110; x_wconf 71' lang='lat' dir='ltr'>studiosis</span> <span class='ocrx_word' id='word_1_186' title='bbox 787 2044 1168 2106; x_wconf 79' lang='lat' dir='ltr'>Areobindus:</span> <span class='ocrx_word' id='word_1_187' title='bbox 1201 2057 1613 2121; x_wconf 85' lang='lat' dir='ltr'>pugnatumque</span> <span class='ocrx_word' id='word_1_188' title='bbox 1652 2053 1767 2091; x_wconf 88' lang='lat' dir='ltr'>tum</span> <span class='ocrx_word' id='word_1_189' title='bbox 1807 2037 1864 2090; x_wconf 88' lang='lat' dir='ltr'>in</span> 
     </span>
     <span class='ocr_line' id='line_1_25' title="bbox 256 2117 1865 2207; baseline -0.014 -13"><span class='ocrx_word' id='word_1_190' title='bbox 256 2140 424 2194; x_wconf 85' lang='lat' dir='ltr'>muris</span> <span class='ocrx_word' id='word_1_191' title='bbox 443 2177 460 2204; x_wconf 87' lang='lat'>‚</span> <span class='ocrx_word' id='word_1_192' title='bbox 495 2151 614 2191; x_wconf 87' lang='lat' dir='ltr'>tum</span> <span class='ocrx_word' id='word_1_193' title='bbox 634 2130 856 2189; x_wconf 83' lang='lat' dir='ltr'>inferius</span> <span class='ocrx_word' id='word_1_194' title='bbox 873 2128 1172 2207; x_wconf 72' lang='lat' dir='ltr'>adportas,</span> <span class='ocrx_word' id='word_1_195' title='bbox 1222 2144 1329 2202; x_wconf 85' lang='lat' dir='ltr'>qua</span> <span class='ocrx_word' id='word_1_196' title='bbox 1347 2139 1492 2201; x_wconf 84' lang='lat' dir='ltr'>parte</span> <span class='ocrx_word' id='word_1_197' title='bbox 1512 2117 1680 2175; x_wconf 77' lang='lat' dir='ltr'>stabat</span> <span class='ocrx_word' id='word_1_198' title='bbox 1696 2117 1865 2173; x_wconf 88' lang='lat' dir='ltr'>Gon-</span> 
     </span>
     <span class='ocr_line' id='line_1_26' title="bbox 254 2201 1862 2295; baseline -0.014 -20"><span class='ocrx_word' id='word_1_199' title='bbox 254 2219 439 2284; x_wconf 75' lang='lat' dir='ltr'>tharis,</span> <span class='ocrx_word' id='word_1_200' title='bbox 455 2237 611 2295; x_wconf 81' lang='lat' dir='ltr'>aequo</span> <span class='ocrx_word' id='word_1_201' title='bbox 632 2217 829 2274; x_wconf 86' lang='lat' dir='ltr'>Marte.</span> <span class='ocrx_word' id='word_1_202' title='bbox 874 2212 1068 2289; x_wconf 83' lang='lat' dir='ltr'>Neque</span> <span class='ocrx_word' id='word_1_203' title='bbox 1087 2208 1255 2287; x_wconf 86' lang='lat' dir='ltr'>longe</span> <span class='ocrx_word' id='word_1_204' title='bbox 1274 2205 1454 2277; x_wconf 83' lang='lat' dir='ltr'>aberat</span> <span class='ocrx_word' id='word_1_205' title='bbox 1473 2205 1606 2283; x_wconf 88' lang='lat' dir='ltr'>quin</span> <span class='ocrx_word' id='word_1_206' title='bbox 1628 2201 1862 2277; x_wconf 79' lang='lat' dir='ltr'>conglo-</span> 
     </span>
     <span class='ocr_line' id='line_1_27' title="bbox 255 2277 1864 2378; baseline -0.014 -20"><span class='ocrx_word' id='word_1_207' title='bbox 255 2300 368 2378; x_wconf 83' lang='lat' dir='ltr'>bati</span> <span class='ocrx_word' id='word_1_208' title='bbox 401 2298 427 2356; x_wconf 78' lang='grc' dir='ltr'>ἐ</span> <span class='ocrx_word' id='word_1_209' title='bbox 458 2297 632 2355; x_wconf 77' lang='lat' dir='ltr'>castris</span> <span class='ocrx_word' id='word_1_210' title='bbox 662 2340 678 2366; x_wconf 89' lang='lat'>,</span> <span class='ocrx_word' id='word_1_211' title='bbox 723 2294 921 2375; x_wconf 84' lang='lat' dir='ltr'>quibus</span> <span class='ocrx_word' id='word_1_212' title='bbox 958 2296 1166 2370; x_wconf 82' lang='lat' dir='ltr'>integra</span> <span class='ocrx_word' id='word_1_213' title='bbox 1199 2292 1256 2344; x_wconf 90' lang='lat' dir='ltr'>in</span> <span class='ocrx_word' id='word_1_214' title='bbox 1285 2292 1674 2366; x_wconf 82' lang='lat' dir='ltr'>Imperatorem</span> <span class='ocrx_word' id='word_1_215' title='bbox 1708 2277 1864 2348; x_wconf 72' lang='lat' dir='ltr'>fides,</span> 
     </span>
     <span class='ocr_line' id='line_1_28' title="bbox 253 2356 1868 2447; baseline -0.016 -6"><span class='ocrx_word' id='word_1_216' title='bbox 253 2382 504 2442; x_wconf 84' lang='lat' dir='ltr'>nondum</span> <span class='ocrx_word' id='word_1_217' title='bbox 524 2385 668 2437; x_wconf 87' lang='lat' dir='ltr'>enim</span> <span class='ocrx_word' id='word_1_218' title='bbox 688 2399 882 2436; x_wconf 81' lang='lat' dir='ltr'>ornnes</span> <span class='ocrx_word' id='word_1_219' title='bbox 914 2373 1218 2432; x_wconf 81' lang='lat' dir='ltr'>Gontharis</span> <span class='ocrx_word' id='word_1_220' title='bbox 1253 2383 1561 2447; x_wconf 86' lang='lat' dir='ltr'>corruperat</span> <span class='ocrx_word' id='word_1_221' title='bbox 1584 2407 1600 2434; x_wconf 88' lang='lat'>‚</span> <span class='ocrx_word' id='word_1_222' title='bbox 1638 2366 1687 2420; x_wconf 92' lang='lat' dir='ltr'>vi</span> <span class='ocrx_word' id='word_1_223' title='bbox 1707 2356 1868 2419; x_wconf 63' lang='lat' dir='ltr'>com-j</span> 
     </span>
     <span class='ocr_line' id='line_1_29' title="bbox 254 2445 1871 2541; baseline -0.014 -20"><span class='ocrx_word' id='word_1_224' title='bbox 254 2464 646 2541; x_wconf 83' lang='lat' dir='ltr'>prehenderent</span> <span class='ocrx_word' id='word_1_225' title='bbox 667 2482 762 2524; x_wconf 88' lang='lat' dir='ltr'>eos</span> <span class='ocrx_word' id='word_1_226' title='bbox 782 2463 975 2538; x_wconf 85' lang='lat' dir='ltr'>quires</span> <span class='ocrx_word' id='word_1_227' title='bbox 1000 2475 1170 2514; x_wconf 83' lang='lat' dir='ltr'>novas</span> <span class='ocrx_word' id='word_1_228' title='bbox 1188 2450 1502 2531; x_wconf 84' lang='lat' dir='ltr'>caeptabant.</span> <span class='ocrx_word' id='word_1_229' title='bbox 1548 2445 1651 2504; x_wconf 90' lang='lat' dir='ltr'>Sed</span> <span class='ocrx_word' id='word_1_230' title='bbox 1682 2448 1871 2502; x_wconf 23' lang='lat' dir='ltr'>Areo-1</span> 
     </span>
     <span class='ocr_line' id='line_1_30' title="bbox 259 2529 1888 2623; baseline -0.013 -21"><span class='ocrx_word' id='word_1_231' title='bbox 259 2546 458 2603; x_wconf 86' lang='lat' dir='ltr'>bindus</span> <span class='ocrx_word' id='word_1_232' title='bbox 476 2563 537 2602; x_wconf 92' lang='lat' dir='ltr'>ut</span> <span class='ocrx_word' id='word_1_233' title='bbox 558 2541 871 2623; x_wconf 82' lang='lat' dir='ltr'>sanguinem</span> <span class='ocrx_word' id='word_1_234' title='bbox 890 2537 1066 2597; x_wconf 84' lang='lat' dir='ltr'>fusum</span> <span class='ocrx_word' id='word_1_235' title='bbox 1087 2535 1254 2602; x_wconf 84' lang='lat' dir='ltr'>vidit,</span> <span class='ocrx_word' id='word_1_236' title='bbox 1284 2551 1470 2612; x_wconf 74' lang='lat' dir='ltr'>expers</span> <span class='ocrx_word' id='word_1_237' title='bbox 1497 2530 1559 2588; x_wconf 86' lang='lat' dir='ltr'>ad</span> <span class='ocrx_word' id='word_1_238' title='bbox 1578 2529 1631 2586; x_wconf 90' lang='lat' dir='ltr'>id</span> <span class='ocrx_word' id='word_1_239' title='bbox 1651 2545 1867 2606; x_wconf 85' lang='lat' dir='ltr'>tempus</span> <span class='ocrx_word' id='word_1_240' title='bbox 1886 2551 1888 2589; x_wconf 59' lang='lat'>1</span> 
     </span>
     <span class='ocr_line' id='line_1_31' title="bbox 256 2615 1888 2706; baseline -0.011 -22"><span class='ocrx_word' id='word_1_241' title='bbox 256 2629 373 2684; x_wconf 84' lang='lat' dir='ltr'>talis</span> <span class='ocrx_word' id='word_1_242' title='bbox 406 2626 718 2706; x_wconf 59' lang='lat' dir='ltr'>spectaculi,</span> <span class='ocrx_word' id='word_1_243' title='bbox 754 2640 1057 2682; x_wconf 78' lang='lat' dir='ltr'>externatus</span> <span class='ocrx_word' id='word_1_244' title='bbox 1087 2636 1318 2699; x_wconf 84' lang='lat' dir='ltr'>pavore,</span> <span class='ocrx_word' id='word_1_245' title='bbox 1365 2634 1463 2671; x_wconf 90' lang='lat' dir='ltr'>nec</span> <span class='ocrx_word' id='word_1_246' title='bbox 1481 2615 1616 2669; x_wconf 89' lang='lat' dir='ltr'>ultra</span> <span class='ocrx_word' id='word_1_247' title='bbox 1649 2628 1888 2671; x_wconf 79' lang='lat' dir='ltr'>cernere.</span> 
     </span>
     <span class='ocr_line' id='line_1_32' title="bbox 256 2690 1888 2788; baseline -0.013 -22"><span class='ocrx_word' id='word_1_248' title='bbox 256 2714 464 2788; x_wconf 84' lang='lat' dir='ltr'>patiens</span> <span class='ocrx_word' id='word_1_249' title='bbox 484 2751 501 2776; x_wconf 82' lang='lat'>‚</span> <span class='ocrx_word' id='word_1_250' title='bbox 533 2705 662 2787; x_wconf 80' lang='lat' dir='ltr'>fuga</span> <span class='ocrx_word' id='word_1_251' title='bbox 695 2706 743 2774; x_wconf 81' lang='lat' dir='ltr'>se</span> <span class='ocrx_word' id='word_1_252' title='bbox 767 2707 982 2784; x_wconf 81' lang='lat' dir='ltr'>abripit.</span> <span class='ocrx_word' id='word_1_253' title='bbox 1024 2704 1116 2760; x_wconf 81' lang='lat' dir='ltr'>Est</span> <span class='ocrx_word' id='word_1_254' title='bbox 1137 2703 1274 2757; x_wconf 85' lang='lat' dir='ltr'>intra</span> <span class='ocrx_word' id='word_1_255' title='bbox 1298 2697 1498 2754; x_wconf 87' lang='lat' dir='ltr'>moenia</span> <span class='ocrx_word' id='word_1_256' title='bbox 1518 2690 1888 2771; x_wconf 66' lang='lat' dir='ltr'>Carthaginis!</span> 
     </span>
     <span class='ocr_line' id='line_1_33' title="bbox 255 2770 1865 2867; baseline -0.013 -18"><span class='ocrx_word' id='word_1_257' title='bbox 255 2796 313 2849; x_wconf 89' lang='lat' dir='ltr'>in</span> <span class='ocrx_word' id='word_1_258' title='bbox 334 2793 517 2848; x_wconf 86' lang='lat' dir='ltr'>littore</span> <span class='ocrx_word' id='word_1_259' title='bbox 535 2790 799 2867; x_wconf 80' lang='lat' dir='ltr'>templum</span> <span class='ocrx_word' id='word_1_260' title='bbox 821 2831 837 2857; x_wconf 84' lang='lat'><em>‚</em></span> <span class='ocrx_word' id='word_1_261' title='bbox 868 2785 1020 2867; x_wconf 85' lang='lat' dir='ltr'>quod</span> <span class='ocrx_word' id='word_1_262' title='bbox 1033 2783 1275 2842; x_wconf 84' lang='lat' dir='ltr'>habitant</span> <span class='ocrx_word' id='word_1_263' title='bbox 1289 2779 1543 2837; x_wconf 86' lang='lat' dir='ltr'>homines</span> <span class='ocrx_word' id='word_1_264' title='bbox 1557 2774 1749 2837; x_wconf 81' lang='lat' dir='ltr'>severis</span> <span class='ocrx_word' id='word_1_265' title='bbox 1764 2770 1865 2847; x_wconf 88' lang='lat' dir='ltr'>sub</span> 
     </span>
     <span class='ocr_line' id='line_1_34' title="bbox 255 2855 1868 2946; baseline -0.011 -15"><span class='ocrx_word' id='word_1_266' title='bbox 255 2872 513 2932; x_wconf 80' lang='lat' dir='ltr'>institutis</span> <span class='ocrx_word' id='word_1_267' title='bbox 550 2872 730 2929; x_wconf 87' lang='lat' dir='ltr'>divina</span> <span class='ocrx_word' id='word_1_268' title='bbox 766 2871 1121 2936; x_wconf 77' lang='lat' dir='ltr'>meditante5‚</span> <span class='ocrx_word' id='word_1_269' title='bbox 1167 2884 1310 2946; x_wconf 87' lang='lat' dir='ltr'>quos</span> <span class='ocrx_word' id='word_1_270' title='bbox 1345 2858 1648 2931; x_wconf 84' lang='lat' dir='ltr'>monachos</span> <span class='ocrx_word' id='word_1_271' title='bbox 1682 2855 1868 2916; x_wconf 73' lang='lat' dir='ltr'>vocaris</span> 
     </span>
     <span class='ocr_line' id='line_1_35' title="bbox 252 2935 1859 3031; baseline -0.012 -13"><span class='ocrx_word' id='word_1_272' title='bbox 252 2976 380 3019; x_wconf 68' lang='lat' dir='ltr'>mos·</span> <span class='ocrx_word' id='word_1_273' title='bbox 406 2955 589 3025; x_wconf 81' lang='lat' dir='ltr'>habet.</span> <span class='ocrx_word' id='word_1_274' title='bbox 630 2955 766 3016; x_wconf 81' lang='lat' dir='ltr'>Non</span> <span class='ocrx_word' id='word_1_275' title='bbox 787 2953 881 3017; x_wconf 82' lang='lat' dir='ltr'>diu</span> <span class='ocrx_word' id='word_1_276' title='bbox 899 2968 1008 3013; x_wconf 82' lang='lat' dir='ltr'>erat</span> <span class='ocrx_word' id='word_1_277' title='bbox 1026 2991 1045 3024; x_wconf 89' lang='lat'><em>,</em></span> <span class='ocrx_word' id='word_1_278' title='bbox 1075 2947 1227 3031; x_wconf 81' lang='lat' dir='ltr'>quod</span> <span class='ocrx_word' id='word_1_279' title='bbox 1256 2944 1315 3015; x_wconf 78' lang='lat' dir='ltr'>id</span> <span class='ocrx_word' id='word_1_280' title='bbox 1342 2945 1608 3027; x_wconf 78' lang='lat' dir='ltr'>templum</span> <span class='ocrx_word' id='word_1_281' title='bbox 1628 2935 1859 3025; x_wconf 72' lang='lat' dir='ltr'>aedifica-</span> 
     </span>
     <span class='ocr_line' id='line_1_36' title="bbox 1505 3031 1861 3083; baseline -0.02 3"><span class='ocrx_word' id='word_1_282' title='bbox 1505 3056 1509 3060; x_wconf 78' lang='lat'>-</span> <span class='ocrx_word' id='word_1_283' title='bbox 1703 3031 1861 3083; x_wconf 70' lang='lat' dir='ltr'>verat</span> 
     </span>
    </p>
   </div>
   <div class='ocr_carea' id='block_1_2' title="bbox 1883 2766 1888 2940">
    <p class='ocr_par' dir='ltr' id='par_1_2' title="bbox 1883 2766 1888 2940">
     <span class='ocr_line' id='line_1_37' title="bbox 1883 2766 1888 2940; baseline 0 488"><span class='ocrx_word' id='word_1_284' title='bbox 1883 2766 1888 2940; x_wconf 95' lang='lat' dir='ltr'> </span> 
     </span>
    </p>
   </div>
   <div class='ocr_carea' id='block_1_3' title="bbox 1882 2951 1888 3200">
    <p class='ocr_par' dir='ltr' id='par_1_3' title="bbox 1882 2951 1888 3200">
     <span class='ocr_line' id='line_1_38' title="bbox 1882 2951 1888 3200; baseline 0 228"><span class='ocrx_word' id='word_1_285' title='bbox 1882 2951 1888 3200; x_wconf 95' lang='lat' dir='ltr'> </span> 
     </span>
    </p>
   </div>
   <div class='ocr_carea' id='block_1_4' title="bbox 1881 3252 1888 3428">
    <p class='ocr_par' dir='ltr' id='par_1_4' title="bbox 1851 3252 1888 3428">
     <span class='ocr_line' id='line_1_39' title="bbox 1881 3252 1888 3428; baseline 0 0"><span class='ocrx_word' id='word_1_286' title='bbox 1881 3252 1888 3428; x_wconf 79' lang='grc' dir='ltr'>Ι</span> 
     </span>
    </p>
   </div>
  </div>
 </body>
</html>
