1888 3428
243 160 689 224 Gor-rutcffi
728 155 1151 217 HrsTomAE
1202 161 1455 223 L11³.II.
1538 183 1657 241 249
1719 200 1721 202 -

40 244 136 324 qui
148 248 258 320 jam
280 261 402 301 ante
419 240 858 305 ibi'se'tenebant‚
877 241 1109 318 reliquit.
1142 242 1221 300 At
1238 245 1485 311 Auximi,
1502 247 1658 323 quod

43 331 340 383 maximum
361 323 435 382 est
452 324 781 404 oppidorum
801 325 914 396 ejus
931 323 1153 388 ῑταᾶυε,
1174 322 1524 382 Gottborum
1546 333 1657 386 vir-

39 413 170 466 tutis
188 411 382 465 merito
403 407 632 465 dile<9ms
663 423 851 484 quater
871 403 1017 461 mille
1036 404 1323 460 collocavit
1341 448 1352 468 ,
1390 406 1554 485 iisque
1574 413 1656 466 vi·-

39 511 159 546 rum
181 487 414 569 pnaefecit
432 488 728 553 strenuum,
748 483 1045 543 Visandum
1066 490 1291 543 nomine
1315 511 1327 543 z
1355 487 1552 544 Vrbini
1570 490 1654 547 bis

38 575 182 632 mille
218 570 312 629 sub
347 573 563 629 Morta.
621 565 888 627 restabant
921 566 1122 625 castella
1153 567 1265 625 duo
1300 608 1320 636 ,
1358 568 1564 632 Caefina
1597 579 1653 632 δε

35 651 436 712 Monsferetrus
467 675 481 709 τ
508 651 711 732 quibus
727 648 973 707 custodes
990 649 1139 714 dedit
1167 649 1380 729 singulis
1411 673 1526 708 non
1547 658 1653 711 mi-

36 756 140 793 nus
159 739 512 815 quingentos.
554 738 576 789 1
582 726 667 811 pse
697 753 825 789 cum
843 731 1057 810 reliquo
1078 737 1314 790 exercitu
1333 735 1650 794 Ariminum

35 819 318 876 contendit
339 857 355 883 ,
390 806 544 875 velut'
567 812 895 873 obseffurus'.
957 814 1060 871 Sed
1095 812 1369 878 Belisarius
1403 813 1580 874 statim
1620 819 1649 877 ὲ

36 898 386 959 Gotthorum
418 897 573 960 ,abitu
620 897 889 977 Ildigerim
925 903 978 961 ὃς
1013 896 1318 958 Martinum
1346 919 1470 955 cum
1506 904 1647 959 mille

33 980 307 1060 equitibus
328 978 536 1039 miserat
552 1020 569 1047 ,
603 997 662 1036 ut
681 983 871 1036 itinere
891 980 995 1036 alio
1016 981 1331 1042 Ariminum
1350 1002 1648 1060 properan-

31 1083 112 1123 tes
129 1061 296 1123 hostis
325 1063 618 1122 adventum
646 1064 911 1124 anteirent
948 1084 961 1117 ε
997 1064 1353 1141 praecepitque
1377 1080 1435 1121 ut
1450 1064 1647 1128 Iohan-

29 1167 100 1204 ne
140 1151 194 1223 &
223 1147 317 1224 qui
351 1148 400 1202 ei
439 1144 658 1203 aderant
688 1144 813 1203 inde
849 1147 1119 1211 evocatis,
1148 1147 1280 1210 alios
1299 1144 1418 1208 satis
1437 1148 1645 1205 multos

28 1227 238 1285 tuendo
269 1223 477 1306 oppido
506 1223 804 1284 sufficerent
842 1247 905 1286 ex
925 1230 1156 1289 Ancona
1176 1227 1356 1305 ,quod
1376 1230 1645 1307 oppidum

30 1310 214 1370 Adriae
245 1309 488 1385 adjacens
523 1307 587 1364 ab
615 1312 873 1365 Arimino
905 1306 1056 1367 bidui
1087 1310 1279 1369 itinere
1313 1329 1429 1365 non
1465 1315 1668 1372 multo-

30 1410 155 1449 ante
192 1393 402 1449 Conon
440 1412 563 1455 cum
599 1388 779 1453 Isauris
809 1387 1217 1469 Thracibusque
1245 1412 1356 1447 non
1379 1397 1555 1470 paucis
1583 1398 1642 1452 in

28 1473 85 1530 id
106 1470 285 1531 missus
301 1493 530 1550 ceperat.
565 1476 642 1536 ita·
655 1475 799 1532 enim
817 1471 1147 1530 existimabat
1168 1513 1184 1539 ‚
1219 1472 1255 1528 fi
1275 1474 1357 1530 vel
1379 1472 1473 1530 soli
1496 1477 1641 1553 pedi.-

28 1573 145 1622 teS,
178 1555 584 1634 quibuscunque
614 1551 710 1610 sub
743 1552 1002 1617 ducibus,
1037 1556 1347 1611 Ariminum
1378 1554 1640 1621 defende?

26 1657 147 1695 rent
162 1677 180 1703 ,
199 1658 478 1715 nunquam
500 1653 762 1696 venturos*
789 1636 851 1701 ad
870 1634 1212 1693 obsidionem
1233 1636 1482 1693 Gotthos
1501 1678 1518 1703 ‚
1550 1637 1638 1707 scd

25 1740 87 1776 ea
113 1741 169 1776 re
202 1717 502 1796 posthabita
533 1719 850 1774 Ravennam
881 1736 1282 1797 properaturos·
1327 1719 1499 1797 Qod
1522 1719 1558 1776 si
1580 1728 1637 1786 ὃς

21 1800 363 1873 obsidionem
401 1817 641 1878 pararent
670 1797 883 1868 hostes,
912 1798 1081 1877 pediti
1116 1796 1395 1857 necessaria
1418 1805 1471 1857 in
1493 1805 1638 1868 mul-

11 1901 145 1941 xtum
171 1900 384 1962 tempus
400 1879 772 1961 superfutura:
810 1901 970 1961 atque
988 1884 1203 1938 interim
1221 1881 1304 1939 bis
1325 1886 1466 1940 mille
1485 1888 1636 1963 equi*

22 1982 104 2022 tes
136 1963 363 2046 egreflbs
397 1966 523 2023 inde
559 1965 986 2042 conjuncftosque
1022 1986 1146 2027 cum
1179 1984 1373 2031 caetero
1395 1970 1632 2024 exercitu

19 2051 254 2106 multum
275 2050 594 2109 nocumenti
612 2050 667 2103 in
684 2045 1127 2104 bostesallaturos
1145 2088 1160 2113 ‚
1188 2050 1436 2126 interque
1458 2046 1634 2110 causas

12 2127 139 2188 -fore
167 2152 259 2188 cur
289 2130 343 2186 hi
373 2129 438 2186 ab
458 2128 743 2195 obsidione
771 2128 1010 2195 absistere
1030 2148 1360 2208 cogerentur,
1385 2153 1398 2186 z
1430 2132 1529 2187 Hae
1548 2151 1633 2191 ra-

17 2215 194 2270 tiones
231 2211 537 2272 Belisarium
572 2231 855 2268 moverant
886 2230 944 2268 ut
969 2233 1088 2290 quae
1107 2212 1216 2274 dixi
1242 2212 1634 2273 Martinondi-

16 2298 240 2374 gerique
273 2297 597 2373 praeciperet.
640 2295 914 2372 Atqueilli
932 2295 1187 2359 flaminia
1206 2292 1436 2372 profecti
1455 2297 1630 2356 multo

16 2396 138 2436 ante
156 2375 431 2444 barbaro&
450 2398 562 2455 quo
580 2372 734 2449 misfi,
756 2397 1060 2453 pervenere.
1103 2377 1249 2433 Nam
1272 2380 1405 2432 utin
1426 2397 1627 2457 magno

13 2462 251 2539 agmine,
272 2460 503 2517 tardiora
521 2457 751 2520 Gotthis
770 2461 974 2524 itinera.
1019 2456 1266 2519 acceffere
1299 2463 1353 2526 δε
1375 2459 1631 2537 ambages

13 2560 133 2598 tum
164 2542 462 2618 quaerendis
497 2543 949 2607 alimentiffitum
984 2560 1050 2596 ne
1083 2545 1289 2596 munita
1318 2562 1410 2618 per
1430 2541 1631 2598 Flami«

13 2626 156 2679 niam
192 2625 311 2679 loca
342 2626 561 2701 propius
587 2622 841 2685 subirent.
885 2626 1084 2701 quippe
1113 2624 1371 2688 Narniam
1396 2663 1413 2690 ,
1434 2623 1629 2700 Spole⁴

12 2709 171 2770 tium,
185 2703 455 2768 Perusiam
473 2705 712 2761 Romani
735 2723 791 2759 ut
810 2703 1043 2770 diximus
1062 2701 1382 2773 insederant.
1411 2709 1490 2775 Atv
1506 2706 1630 2762 Ro-

14 2807 302 2849 manorum
322 2789 582 2849 exercitus
601 2787 664 2843 ad
680 2790 892 2842 Petram
915 2804 974 2844 ut
995 2806 1218 2845 ventum
1243 2784 1317 2843 est
1331 2826 1347 2857 ³.
1367 2804 1569 2842 tentare
1589 2783 1626 2841 fi

11 2868 146 2945 ,quid
164 2871 217 2925 in
234 2869 454 2928 transitu
475 2867 643 2946 poffet
663 2867 956 2937 constituit.
1000 2871 1182 2932 Locus
1200 2867 1273 2924 est
1297 2889 1411 2927 non
1432 2867 1626 2931 humass

13 2969 83 3006 na
102 2970 263 3008 manu
298 2949 384 3015 sed
415 2951 603 3029 suopte
622 2952 843 3028 ingenio
864 2953 1130 3017 munitus·
1166 2953 1301 3021 >Via-1)
1314 2948 1388 3020 est
1407 2944 1626 3019 confray

976 3035 1058 3102 Q(
1083 3051 1109 3105 5
1418 3035 1426 3043 ’
1473 3026 1622 3108 gost,
