1888 3428
36 224 39 227 ,
456 188 505 248 E
584 202 620 246 t.
697 201 735 244 o
822 208 860 246 o
937 206 960 244 1
1038 209 1096 248 A.
1426 209 1466 267 9
1497 244 1500 246 ,

15 273 284 343 serviunt,
325 269 459 331 ficut
488 269 585 328 soli
617 268 821 327 tributa
850 267 1104 330 solvunt:
1150 290 1208 328 ac
1229 270 1296 330 fic
1314 275 1369 331 in
1387 211 1511 356 ipfi3s

18 357 231 439 legibus
262 361 317 413 &
348 357 406 412 in
441 351 548 431 ipsa
573 350 712 428 justa
747 372 926 410 rerum
958 357 1318 433 praeceptione
1339 363 1511 415 maxi-

19 460 174 508 mum
193 435 458 514 injustitiae
476 435 641 492 scelus
661 436 868 514 agitur,
900 456 1024 492 cum
1045 457 1105 492 ea
1127 438 1367 494 minores
1383 459 1513 517 qua-

19 520 59 587 fi
90 518 226 578 sacra
261 517 536 577 observare
570 534 843 596 coguntur
862 557 878 584 ‚
915 538 1033 594 quae
1056 524 1288 593 majores
1308 523 1513 599 jugiter

21 601 168 682 quasi
200 602 536 660 conculcant·
595 596 804 655 Exceffi
842 598 1104 680 paulisper
1140 619 1372 680 caeptum
1404 598 1515 658 ser-

22 689 201 742 monis
219 684 467 741 Ordinem
482 700 660 736 rerum
677 681 1000 760 indignitate
1020 682 1351 761 compulsus.
1367 705 1515 741 nunc

20 768 85 824 ad
116 765 384 843 superiora
432 762 728 819 redeamus.
793 763 1039 839 diximus
1074 769 1278 845 quippe
1333 766 1517 844 plenas

18 843 590 925 fuisseimpuritatibus
627 843 981 903 monstruosis
1015 848 1213 906 Africae
1247 849 1514 914 civitateS,

19 935 74 986 &
93 932 354 1009 praecipue
373 928 476 985 illic
494 926 735 1007 reginam
753 932 807 984 &
822 927 969 1007 quasi
987 929 1267 987 dominam
1287 932 1519 990 :Wan-

18 1011 163 1070 dalos
182 1028 362 1068 autem
391 1012 454 1067 iis
485 1008 748 1067 omnibus
768 1031 884 1067 non
914 1008 1070 1070 fuiffe
1090 1014 1350 1092 pollutos,
1399 1035 1517 1070 non

16 1094 146 1151 tales
166 1095 329 1172 igitur
358 1090 473 1158 isti,
523 1091 588 1149 de
620 1090 819 1171 quibus
847 1095 1162 1172 loquimur,
1204 1093 1417 1152 barbari
1450 1096 1516 1153 ad

17 1175 408 1233 emendandam
444 1173 746 1231 nostrarum
780 1176 1381 1254 turpitudinumlabem
1420 1199 1517 1235 ex-

17 1257 282 1315 stiterunt.
327 1255 660 1314 abstulerunt
689 1259 833 1315 enim
855 1258 921 1315 de
952 1261 1112 1317 omni
1132 1256 1317 1317 Africa
1335 1259 1516 1318 sordes

19 1344 262 1396 virorum
292 1339 539 1396 mollium
561 1377 579 1404 ,
623 1342 980 1419 contagiones
998 1342 1162 1415 etiam
1182 1340 1517 1400 horruerunt

20 1424 363 1479 meretricum
384 1461 402 1489 ‚
432 1441 532 1477 nec
562 1420 892 1479 horruerunt
923 1439 1142 1480 tanturn
1175 1440 1268 1481 aut
1295 1442 1519 1504 tempo-

19 1506 152 1561 rarie
186 1502 616 1564 submoverunt,
652 1501 740 1561 sed
774 1505 991 1581 penitus
1021 1509 1132 1579 jam
1166 1526 1282 1562 non
1313 1504 1413 1564 effe
1431 1503 1519 1565 fe-

19 1600 227 1642 cerunt.
270 1584 327 1640 O
353 1586 437 1661 pie
468 1584 745 1640 Domine!
790 1581 827 1639 ὃ
846 1586 1090 1643 Salvator
1120 1585 1299 1645 bone!
1340 1609 1518 1667 quan-

19 1684 140 1724 tum
158 1662 398 1723 efficiunt
417 1684 510 1741 per
529 1682 579 1721 te
601 1663 770 1723 studia
786 1662 1071 1744 disciplinae
1085 1710 1100 1732 ‚
1141 1683 1235 1746 per
1253 1685 1374 1748 quae
1393 1691 1519 1729 mu-

17 1751 116 1806 tari
136 1745 352 1828 possunt
376 1748 507 1804 vitia
540 1763 748 1805 naturae
767 1791 783 1813 ‚
810 1746 950 1805 ficut
969 1748 1037 1806 ab
1068 1750 1169 1807 illis
1185 1750 1377 1809 scilicet
1409 1753 1516 1810 im-

18 1849 225 1889 mutata
252 1827 393 1887 sunt.
434 1847 486 1886 at
505 1828 795 1909 quomodo
829 1833 1157 1891 immutata?
1199 1833 1419 1908 interest
1454 1857 1516 1892 e-

19 1916 135 1971 nim
169 1933 282 1970 non
312 1909 487 1969 solum
517 1909 746 1969 effe&us
777 1933 958 1972 rerum
992 1956 1008 1982 ,
1058 1913 1147 1973 sed
1181 1917 1346 1973 etiam
1381 1915 1516 1975 effe-

12 1997 208 2053 stuum
228 1992 401 2053 causas
433 1994 610 2053 dicere
639 1992 851 2060 difficile
885 1995 961 2054 est
993 1999 1194 2077 quippe
1223 1999 1517 2078 impudici-

19 2083 150 2136 tiam
168 2077 334 2135 verbo
357 2094 448 2134 aut
461 2076 696 2152 justione
726 2079 844 2136 tolli
868 2119 884 2141 ‚
912 2077 1008 2136 nisi
1028 2076 1192 2137 fuerit
1210 2080 1415 2139 ablata:
1460 2088 1517 2140 ὃς

20 2158 229 2218 difficile
265 2157 340 2217 est
373 2159 684 2238 pudicitiam
706 2160 875 2219 verbo
911 2164 1088 2241 exigi,
1122 2160 1218 2219 nisi
1236 2161 1401 2221 fuerit
1419 2184 1517 2221 ex·-

20 2242 164 2300 adla.
217 2241 370 2322 quod
405 2240 489 2299 isti
527 2245 715 2322 utique
756 2242 975 2301 scientes
1010 2243 1078 2302 fic
1114 2245 1515 2324 impudicitiam

22 2321 415 2382 submoverunt
445 2367 460 2393 ,
516 2324 669 2402 quod
705 2327 1003 2405 impudicas
1037 2325 1512 2396 conservaverunt,

20 2404 534 2470 noninterficientes
568 2409 905 2467 mulierculas
938 2406 1179 2467 infelices
1201 2450 1216 2470 ,
1260 2432 1326 2468 ne
1346 2414 1515 2468 vitio-

20 2509 141 2546 rum
161 2510 342 2547 curam
378 2489 688 2546 crudelitate
722 2488 1118 2572 respergerent,
1165 2499 1219 2548 δε
1240 2490 1369 2550 dum
1391 2515 1517 2572 pec—

22 2587 136 2630 cata
156 2569 359 2629 auferre
394 2592 649 2650 cuperent
670 2614 684 2636 ‚
715 2570 812 2651 ipsi
843 2576 900 2630 in
934 2592 1282 2654 peccator-um
1317 2574 1520 2634 reseca-

23 2654 175 2709 tione
213 2671 523 2731 peccarent.
568 2652 762 2712 sed·ita
799 2674 1035 2715 errantes
1069 2656 1517 2729 emendaverunt,

23 2751 86 2791 ut
102 2730 303 2793 fad-stum
337 2757 529 2793 eorum
564 2737 831 2795 medicina
865 2736 991 2797 effet
1009 2781 1028 2808 ,
1061 2760 1211 2819 paena
1232 2761 1346 2799 non
1367 2739 1514 2800 ess'et.
1542 2762 1544 2765 ·

18 2811 276 2890 jusserunt
306 2815 343 2874 fi
361 2818 581 2898 quidem
607 2825 662 2877 δε
695 2824 1076 2900 compulerunt
1094 2844 1287 2881 omnes
1311 2822 1376 2881 ad
1402 2844 1518 2881 ma-

15 2897 225 2955 ritalem
244 2898 468 2958 chorum
490 2901 705 2960 transire
721 2957 724 2961 .
740 2908 1089 2962 meretrices.»
1112 2905 1283 2964 scorta
1303 2908 1358 2962 in
1379 2926 1517 2962 con-

23 2978 192 3067 nubia
224 2998 535 3067 verterunt,
583 2988 874 3066 implentes
915 2983 1110 3049 scilicet
1146 2987 1408 3122 Ap⁰st⁰<¹5i
1430 2985 1516 3041 di-

32 3100 48 3112 „
1415 3084 1508 3123 um
