1888 3428
249 145 368 233 505
569 151 966 212 Pnocopu
1020 148 1573 209 CAESAREENSIS

243 232 508 294 tiffimain
524 230 735 292 hostem
759 235 979 291 vulnera
998 232 1292 313 dirigentes
1311 270 1328 298 ,
1368 232 1540 298 multa
1556 228 1857 288 hominum*

240 318 419 376 multa
434 337 707 395 equorum
727 319 952 396 pernitie
972 356 987 382 ‚
1011 314 1273 395 quamdiu
1302 311 1570 371 restabant
1599 316 1654 371 in
1676 312 1840 392 phare

240 403 340 458 tris
359 399 578 480 sagittae.
621 399 732 458 Vbi
765 397 974 456 miffilia
1008 399 1202 455 cuncta
1237 392 1540 454 defecerant
1570 437 1586 464 ‚
1617 394 1841 452 ›resumti

240 482 464 563 gladiis,
495 482 725 560 proteffl
765 478 923 538 scutis
955 521 969 541 ‚
1006 478 1100 537 soli
1129 479 1241 536 duo
1273 481 1569 535 irruentem
1600 481 1656 535 in
1687 475 1737 534 se
1758 480 1810 535 vi

239 562 482 622 hostium
510 561 854 642 repellebant.
902 564 1160 641 Cumque
1193 565 1249 618 in
1267 559 1408 637 ipsos
1444 563 1652 639 equites
1681 558 1850 616 hastat

239 646 630 706 inveherentur
647 689 659 710 ,
679 645 987 724 gladiorum
1011 642 1322 702 verberibus
1341 642 1609 700 hastarum
1632 640 1844 719 cuspide
1866 646 1873 702 s

235 727 623 789 retundebant.
668 726 962 807 Postquam
1001 728 1092 784 diu
1129 722 1353 783 infestos
1375 729 1429 782 in
1461 723 1770 783 seincursus
1787 746 1870 782 re>

239 809 532 893 prefferant
557 853 571 877 ‚
604 812 822 888 alterius
864 810 1064 868 horum
1107 812 1192 880 (is
1222 826 1333 866 erat
1365 811 1559 865 Paulus
1598 810 1824 865 nomine
1873 874 1875 876 ³

167 891 171 895 ’
240 894 453 975 gladius
472 895 781 951 incurvatus
802 892 874 950 est
895 935 911 962 ,
944 892 1074 949 dum
1096 892 1393 971 [aepeligno
1418 889 1585 949 caefim
1611 892 1886 995 impingi-¹3

240 996 368 1044 tur,
404 971 557 1033 itaut
576 974 729 1034 usum
750 974 825 1032 sui
845 975 1121 1055 perderet:
1171 977 1302 1039 Quo
1325 978 1367 1030 is
1407 973 1559 1030 humi
1595 975 1836 1053 projecto
1853 990 1883 1042 ,ιζ

222 1058 496 1132 manibus
516 1057 780 1114 ambabus
798 1056 1230 1137 apprehendebat
1264 1058 1317 1112 iu
1353 1055 1401 1114 se
1436 1059 1756 1114 irruentium
1777 1050 1883 1131 lia-v}

241 1140 365 1200 stas:
384 1156 544 1219 atque
565 1162 632 1196 eo
655 1140 826 1196 modo
848 1158 1082 1217 quatuor
1098 1138 1267 1195 hastas
1286 1136 1411 1196 cum
1431 1136 1698 1218 eripuisset
1719 1135 1888 1196 Gon-³2

244 1223 353 1280 this
369 1263 386 1290 ,
412 1225 674 1300 praecipua
693 1218 797 1277 fuit
813 1219 959 1277 causa
980 1243 1073 1277 cur
1093 1222 1166 1278 illi
1198 1219 1284 1298 spe
1306 1221 1511 1296 abjecta
1529 1219 1878 1279 discederent.

240 1306 439 1384 quue
461 1307 656 1362 merito
680 1324 811 1362 mox
846 1324 973 1360 eum
999 1302 1192 1361 Narses
1212 1306 1348 1360 inter
1379 1303 1502 1360 suos
1536 1305 1875 1381 protectores

241 1390 442 1468 allegit.
485 1388 590 1443 His
604 1386 763 1444 rebus
783 1388 855 1443 ita
870 1387 1065 1443 exaffis
1088 1385 1368 1460 adjustum
1386 1386 1627 1464 praelium
1657 1389 1888 1466 utrique:⁴

164 1521 167 1522 γ
244 1469 297 1529 se
319 1467 605 1550 parabant,
645 1466 942 1548 militesque
964 1466 1086 1526 suos
1105 1466 1296 1526 Narses
1316 1472 1368 1524 in
1393 1489 1556 1547 quam
1580 1461 1888 1546 minimum&¹

243 1571 464 1634 poterat
507 1550 737 1632 spatium
785 1552 1113 1607 contrauos
1145 1549 1212 1607 fic
1260 1553 1570 1630 alloquitur.
1635 1553 1747 1609 Eos
1780 1550 1881 1631 qui

245 1639 417 1715 aequis
437 1655 561 1691 cum
588 1634 741 1691 hoste
762 1633 968 1699 viribus
993 1637 1048 1690 in
1081 1651 1352 1690 certamen
1371 1634 1674 1713 procedunt
1692 1633 1888 1692 horta-'4-

245 1736 312 1775 τα
334 1717 511 1775 multo
529 1719 740 1774 excitari
759 1723 812 1772 &
830 1716 895 1773 ad
914 1715 1224 1773 audendum
1246 1716 1481 1793 impelli,
1517 1716 1680 1773 credo
1697 1757 1714 1783 ,
1734 1737 1888 1794 opus¹

244 1799 316 1858 :sit
337 1841 352 1861 ,
391 1816 452 1856 ut
487 1797 583 1855 hac
618 1795 798 1856 saltem
823 1816 964 1875 parte
983 1797 1370 1873 praestantiores
1388 1818 1570 1874 parem
1611 1801 1755 1854 votis
1772 1797 1888 1856 suis·

249 1880 657 1960 consequantur
675 1882 900 1937 exitum.
949 1885 1067 1937 Vos
1089 1897 1268 1936 autem
1284 1921 1301 1947 ‚
1325 1883 1416 1958 qui
1439 1882 1492 1935 in
1512 1879 1616 1936 hoc
1636 1882 1888 1958 praelium-r

249 1970 310 2021 ἃ
332 1967 590 2020 virtutem
616 1968 670 2019 δέ
691 1983 981 2019 numerum
1005 1967 1057 2017 δέ
1079 1980 1319 2040 paratum
1342 2002 1357 2027 ‚
1376 1963 1569 2028 cuncta
1591 1960 1888 2021 hostilibus¹

249 2044 579 2105 immensum
599 2049 802 2118 majora
822 2085 837 2111 ,
859 2042 1057 2101 affertis
1076 2085 1090 2109 ,
1114 2065 1219 2100 una
1238 2062 1450 2100 tantum
1472 2065 1524 2100 re
1544 2043 1773 2122 superest
1788 2049 1888 2102 in«-

246 2128 416 2193 ssrui'‚
446 2128 556 2184 Dei
575 2126 923 2206 benignitate.
969 2128 1138 2183 Hunc
1156 2125 1282 2183 seria
1313 2147 1464 2205 prece
1500 2123 1768 2183 fautorem
1790 2132 1888 2185 in«-

239 2228 546 2289 nvocanteS‚
577 2214 648 2266 ite
684 2211 894 2287 magnis
921 2212 1114 2265 animis
1146 2215 1200 2265 δε
1234 2210 1470 2265 latrones
1501 2210 1624 2265 illos
1641 2207 1888 2287 prester--

251 2296 370 2350 nite
391 2330 406 2355 ‚
440 2295 533 2369 qui
564 2290 695 2348 servi
731 2291 1008 2370 quondam
1043 2290 1234 2347 summi
1270 2295 1613 2368 Imperatoris
1636 2332 1650 2352 ,
1683 2291 1888 2351 deinde<

252 2372 490 2448 ejusdem
510 2372 761 2454 fugitivi,
797 2372 1082 2451 praeposito
1105 2372 1197 2429 fibi
1220 2372 1283 2430 de
1314 2373 1469 2450 plebe
1490 2372 1713 2430 homine
1735 2374 1888 2431 nihi--

249 2458 326 2524 li,
358 2454 545 2513 furtim
567 2475 754 2512 vexare
793 2474 955 2512 terras
991 2458 1267 2513 Romanas
1292 2476 1384 2533 per
1411 2453 1627 2534 ternpus
1655 2455 1888 2534 aliquod}

250 2557 501 2618 potuere.
546 2540 640 2617 qui
674 2558 786 2594 rem
833 2539 972 2594 resta
1006 2536 1230 2596 aestimet
1265 2539 1506 2597 ratione,
1557 2558 1625 2593 ne
1659 2538 1888 2597 ausuros*

252 2623 478 2698 quidem
500 2625 666 2676 aciem
684 2618 809 2676 istos
829 2620 1020 2677 credat.
1068 2626 1146 2677 At
1164 2620 1237 2676 illi
1257 2617 1422 2675 bruto
1443 2620 1682 2697 quodam
1705 2622 1887 2699 impe--

251 2698 593 2759 tusscrabido
614 2699 799 2758 furore
822 2721 1055 2758 mortem
1093 2721 1214 2759 ante
1253 2701 1444 2758 oculos
1484 2700 1713 2779 pofitam
1751 2706 1806 2760 in
1829 2701 1885 2761 se:

253 2784 553 2843 advocant:
602 2785 912 2841 Nullamilli
932 2784 1077 2861 spem
1097 2784 1299 2840 bonam
1320 2786 1632 2841 intuentur:
1668 2806 1735 2842 ne
1754 2789 1885 2851 ino--

257 2869 503 2945 pinatum
521 2867 740 2944 quidem
761 2869 1050 2945 quicquam
1071 2867 1221 2946 quod
1244 2864 1546 2944 exspectent
1576 2870 1888 2947 imaginan-i

252 2954 364 3008 tur.
405 2949 730 3017 Densi-1103,
755 2949 910 3007 Deus
942 2947 1005 3010 ad
1032 2947 1286 3010 scelerum
1320 2968 1508 3029 poenas
1539 2949 1715 3009 trahit.
1759 2970 1884 3006 nam

1760 3033 1871 3111 qui-

147 805 178 819 ξι
