1888 3428
218 196 370 270 „246
481 208 484 210 ·
581 193 972 252 Pnocopu
1033 188 1582 248 CAESAREENsrs

249 274 384 331 sent.
427 274 587 332 Forte
617 275 693 332 ibi
718 293 836 332 tum
870 270 1176 354 praesidebat
1205 290 1330 326 curn
1359 266 1462 326 suis
1492 268 1716 347 Ildiger‚
1749 264 1858 325 cirss

231 357 575 419 ,cumat‘sta-ad
593 356 763 437 ipsum
785 400 798 422 ‚
833 359 905 412 ita
926 358 1068 410 enirn
1089 372 1208 409 mos
1227 369 1336 407 erat
1357 391 1373 416 ‚
1401 351 1702 429 vigiliarum
1717 353 1857 405 ‘vice-

236 441 300 494 AIs
322 457 381 495 ut
401 436 634 499 confufis
664 439 948 496 ordinibus
979 434 1157 492 hostes
1187 433 1436 490 advenire
1466 431 1632 497 vidit,
1662 429 1883 499 obvius¹

239 520 622 600 ‚incompofitis
642 521 889 597 nullaque
909 522 1131 595 imperia
1148 514 1510 579 servantibus,
1545 514 1738 591 par-tim
1763 531 1858 569 eos
1879 521 1884 530 ’

241 599 411 669 fudit,
434 607 623 681 partim
645 600 858 659 occidit.
900 602 1049 657 Hinc
1069 619 1269 677 magno
1290 638 1306 663 ‚
1326 616 1384 653 ut
1403 594 1465 663 fit
1491 636 1508 662 ,
1534 594 1777 652 tumultu
1801 613 1859 649 ac

250 688 483 742 clamore
521 706 614 765 per
650 684 840 741 urbem
875 701 1001 739 orto
1022 723 1039 748 ‚
1070 683 1487 756 Romaniquam
1508 679 1773 734 celerrime
1794 674 1860 734 ad

249 771 453 823 moenia
473 765 748 824 confluere
787 789 800 823 :
833 763 1041 823 barbari
1074 762 1215 819 haud
1247 762 1422 818 multo
1445 757 1564 838 post
1583 757 1669 816 sua
1688 758 1751 815 ad
1770 777 1860 814 ca-

248 847 349 905 stra
382 848 552 906 redire
586 851 737 906 irriti.
793 851 945 905 Tum
983 846 1046 903 ad
1078 843 1287 902 infidias
1321 845 1606 900 revertitur
1637 842 1858 918 vitigis.

246 931 492 988 Maxime
524 931 590 988 ad
623 932 1095 1010 oppugnationem
1117 925 1350 1006 exposita
1367 944 1478 982 erat
1494 944 1610 1003 pars
1630 921 1775 980 urbis
1792 921 1859 981 ad
1883 998 1888 1000 ‚

244 1012 464 1070 Tiberis
497 1016 682 1092 ripam.
728 1016 929 1092 quippe
946 1014 1188 1069 Romani
1207 1051 1224 1077 ‚
1256 1007 1329 1065 sat
1346 1005 1465 1065 freti
1485 1007 1655 1062 amnis
1676 1006 1861 1060 muni-

245 1113 440 1156 mento
460 1136 477 1162 ‚
509 1116 725 1152 murum
761 1094 837 1152 ibi
869 1093 1161 1173 neglectim
1190 1091 1490 1149 struxerant
1505 1091 1655 1146 tenui
1674 1091 1886 1165 opere3''

246 1178 406 1234 nullis
441 1177 712 1244 turribUS‚
745 1176 800 1234 &
820 1217 837 1244 ‚
869 1175 1023 1255 quod
1061 1173 1208 1252 spem
1242 1171 1478 1233 hostium
1509 1167 1879 1233 accendebat,

222 1262 449 1337 ‘exiguo
483 1257 722 1335 praeiidio
754 1263 907 1316 locus
943 1255 1364 1317 custodiebatur.
1406 1255 1568 1309 Duos
1587 1272 1717 1332 ergo
1736 1252 1861 1307 Ro.-

249 1360 442 1398 manos
477 1340 724 1397 homines
744 1381 762 1408 ‚
793 1340 992 1417 quibus
1028 1337 1169 1418 apud
1201 1341 1345 1395 Petri
1376 1335 1543 1394 aedem
1577 1333 1861 1399 habitatiO,

245 1424 473 1498 pecunia
495 1424 723 1501 impeilit
743 1463 759 1495 ,
792 1419 1022 1479 affumto
1044 1424 1151 1479 vini
1175 1438 1290 1477 utre
1309 1422 1381 1476 ire
1402 1417 1465 1475 ad
1483 1414 1726 1475 custodes
1744 1412 1857 1494 ipso

245 1503 459 1582 vespere
503 1528 516 1562 :
566 1508 803 1584 vinoque
836 1502 956 1584 ipfis
988 1523 1079 1582 per
1113 1503 1356 1560 amicitiae
1383 1498 1610 1579 speciem
1644 1498 1772 1555 dato
1803 1499 1860 1552 in

247 1589 489 1643 multum
523 1588 700 1647 noetis
720 1584 957 1644 sedentes
981 1584 1296 1642 combibere
1316 1624 1332 1649 ‚
1366 1579 1640 1660 postremo
1665 1582 1861 1659 cuique

246 1670 302 1731 in
338 1669 598 1745 poculum
632 1667 925 1725 adfundere
960 1663 1319 1744 soporiferum
1349 1666 1620 1741 liquorem
1640 1701 1658 1726 ,
1690 1683 1860 1741 quern

245 1747 354 1826 ipse
387 1750 717 1830 illisvvitigis
749 1746 1076 1828 porrigebat.
1119 1753 1175 1819 in
1194 1750 1352 1804 altera
1372 1750 1481 1823 ripa
1501 1761 1676 1823 parata
1693 1743 1861 1800 habe-

246 1828 600 1910 batnavigia,
629 1829 830 1910 quibus
864 1828 1073 1889 barbari
1107 1828 1387 1886 transirent
1420 1848 1636 1884 amnem
1657 1866 1672 1887 ,
1705 1818 1860 1905 signo

245 1913 378 1970 dato
399 1955 415 1981 ‚
449 1911 602 1970 fimul
622 1913 778 1991 sopiti
795 1913 987 1992 (vigiles
1004 1909 1166 1968 effent
1182 1951 1198 1976 ‚
1228 1907 1475 1986 scalisque·
1494 1908 1669 1972 secum
1692 1909 1858 1965 ailatis

244 1997 387 2052 illico
419 1998 476 2051 in
509 1997 708 2052 moenia
727 1998 1093 2060 eniterentur,
1126 1990 1381 2071 disposito
1412 1992 1476 2050 ad
1505 1982 1871 2069 sequendu'rm

245 2075 548 2155 urbemque
579 2082 637 2135 vi
674 2076 982 2155 capiendam
1013 2078 1250 2132 exercitu
1269 2077 1439 2129 omni.
1485 2074 1590 2130 His
1619 2076 1692 2129 ita
1725 2093 1861 2150 praee

245 2157 478 2226 struffis„
492 2159 870 2229 alterduorum
888 2178 1028 2236 quos
1046 2160 1246 2236 Vitigis
1265 2155 1395 2211 dolo
1416 2153 1758 2234 exsequendo
1778 2155 1860 2215 le--2

230 2253 394 2322 ‘gerat
421 2245 623 2320 (neque
643 2244 786 2299 enim
805 2243 931 2300 Deo
954 2238 1122 2297 visum
1139 2238 1236 2295 hac
1255 2235 1538 2294 obsidione
1558 2235 1747 2309 urbem
1769 2257 1858 2293 ca·-

244 2327 330 2405 pi)
353 2323 542 2403 sponte
561 2324 622 2381 ad
639 2322 944 2380 Belisarium
962 2340 1240 2380 accurrens
1257 2318 1705 2398 prodit-mandata
1725 2360 1742 2386 ‚
1770 2317 1859 2375 Γο-Α

245 2411 391 2464 cium
426 2407 663 2465 indicans
692 2428 705 2463 ε
741 2406 834 2484 qui
867 2401 1372 2462 tortusindubitata
1404 2399 1532 2458 fecit
1550 2423 1666 2480 quae
1687 2404 1861 2480 agita-i

244 2487 444 2546 bantur
463 2528 480 2555 ,
513 2486 785 2567 ipsamque
805 2490 1092 2566 potionem
1117 2485 1145 2543 a
1162 2487 1347 2564 Vitige
1367 2502 1636 2561 acceptam
1663 2503 1858 2561 protue,
1886 2514 1888 2554 !

243 2573 345 2629 lit„
366 2573 534 2626 Hunc
565 2589 688 2626 cum
721 2568 937 2643 auribus
969 2567 1291 2647 naribusque
1329 2568 1582 2622 truncum
1613 2568 1666 2622 in
1696 2557 1888 2636 castra!¹

243 2650 482 2714 hostium
518 2648 727 2709 mififfet
756 2649 1033 2712 Belisarins
1052 2694 1067 2715 ‚
1099 2667 1377 2730 agnovere?
1405 2652 1732 2705 contrarium
1752 2646 1864 2707 suist

245 2733 531 2791 conatibus
551 2754 754 2791 numen
773 2776 791 2797 ,
821 2733 996 2810 deque
1015 2732 1146 2790 urbe
1166 2729 1418 2810 capienda
1433 2729 1576 2807 spem
1599 2729 1859 2805 abjecere«

243 2817 379 2877 Haec
396 2816 526 2874 dum
547 2833 782 2894 aguntur
798 2855 815 2883 ‚
846 2814 1075 2872 Iohanni
1105 2811 1369 2891 scripserat
1389 2811 1663 2870 Belisarius
1682 2852 1698 2878 ,
1725 2809 1875 2887 jussas

244 2917 539 2979 perageret.
587 2894 783 2977 quibus
818 2897 901 2954 ille
933 2917 1124 2975 parens
1159 2895 1242 2953 bis
1270 2895 1416 2952 mille
1437 2915 1560 2951 cum
1583 2891 1859 2973 equitibus

240 2983 496 3042 Picenam
523 2983 803 3065 regionem
822 2976 1127 3060 percursans
1144 3019 1164 3050 ‚
1195 2976 1378 3061 praedae
1397 2978 1633 3038 'multum
1655 2971 1864 3059 co‘e‘git,

880 3102 882 3105 -
1672 3076 1855 3136 neque
