1888 3428
222 165 674 223 Gor’riucffi
714 160 1101 221 HisTomAE
1141 165 1382 223 L1ss.11.
1510 167 1623 247 233*

19 246 84 305 ad
101 247 408 327 quaerendas
425 266 508 303 res
539 243 838 303 necessarias
857 247 1092 301 exierant
1113 286 1130 311 ,
1163 246 1338 304 donec
1371 248 1624 309 Sinthues

18 333 76 387 in
114 350 296 409 pugna
329 329 569 387 dextram
601 349 823 386 manum
854 325 996 384 hasta
1026 329 1312 404 trajectus,
1334 329 1537 389 abscisis
1570 341 1626 411 ὃς

18 415 197 468 nervis
212 452 230 478 ‚
249 409 397 468 defiit
416 414 601 490 praeliis
619 408 715 466 effe
737 409 991 466 idoneus.-
1027 411 1146 467 Nec
1164 414 1376 467 minora
1397 412 1625 473 Gotthis

19 494 214 551 damna
230 489 532 550 inferebant
546 493 763 557 Hunni,
787 495 902 570 qui,
923 511 982 547 ut
1003 514 1366 549 memoratum
1388 494 1480 557 est,
1500 518 1625 572 pro-
1670 534 1674 535 ff

19 579 229 654 pinquo
248 573 495 633 hostibus
524 573 733 631 castello
767 572 817 629 se
848 574 1125 633 tenebant.
1166 577 1344 632 Exeo
1367 576 1623 636 barbaros

16 655 233 724 inferre,
248 675 307 714 ut
321 677 443 714 ante
462 700 477 725 ,
493 661 741 715 alimenta
762 660 957 713 vetitos
972 653 1141 713 fames
1161 661 1396 737 primum
1417 661 1623 730 invasit,

17 738 211 798 deinde
242 746 295 795 &
329 739 508 796 morbi
547 737 850 817 pestilentes
870 780 887 806 ‚
911 742 1074 797 multa
1096 738 1262 819 strage
1283 782 1299 808 ,
1336 760 1452 799 tum
1476 742 1624 811 alibi,

18 840 137 878 tum
174 825 406 878 maxime
439 826 496 878 in
531 820 703 879 castris
729 839 846 901 quae
881 821 1146 900 postrema
1177 822 1270 880 fibi
1302 823 1363 881 ad
1384 829 1622 904 Appiam

17 900 252 960 fecerant
283 928 297 960 ε
340 902 369 960 ἐ
401 906 552 982 queis
570 906 721 981 pauci
741 902 1041 981 superstites
1059 903 1522 964 desertainsalubri
1544 906 1626 966 se-

17 984 84 1043 de
102 986 165 1042 ad
184 988 279 1042 alia
293 984 342 1043 se
358 985 518 1043 castra
535 989 852 1044 retulerunt.
890 987 1102 1044 Eodem
1123 989 1293 1045 modo
1313 991 1506 1046 Hunni
1527 1011 1625 1048 co-

16 1067 120 1123 aesti
141 1066 284 1123 idem
307 1065 503 1125 fecere.
547 1090 663 1149 quae
684 1068 814 1126 dum
850 1070 950 1126 illis
988 1090 1248 1150 geruntur
1267 1074 1321 1128 in
1342 1072 1618 1151 partibuS,

15 1153 316 1227 Procopius
336 1154 392 1208 in
423 1152 723 1229 Campania
740 1154 1072 1231 quingentos
1087 1158 1195 1225 jam
1216 1155 1504 1236 collegerat
1521 1158 1624 1213 mi-

16 1231 136 1287 lites
152 1273 168 1299 ,
188 1231 450 1311 navesque
468 1255 594 1290 cum
610 1232 890 1291 frumento
911 1238 1218 1313 complures
1236 1256 1439 1314 paratas
1456 1237 1624 1295 habe-

15 1311 130 1370 bat.
166 1312 469 1392 supet-vessit
492 1337 607 1372 non
639 1317 816 1373 multo
850 1316 968 1394 post
999 1321 1320 1385 Antonina,
1357 1319 1625 1377 mandati-

16 1416 124 1473 que
139 1393 338 1454 laboris
354 1398 581 1473 adjutrix
601 1394 725 1454 fuit.
744 1400 875 1455 Hoc
892 1398 1005 1476 ipso
1025 1414 1272 1479 tempore
1295 1405 1492 1481 mugiit
1508 1406 1625 1461 Ve-

14 1475 195 1536 suvius
219 1500 380 1537 mons
397 1522 414 1547 ‚
448 1502 563 1537 non
583 1500 763 1537 tamen
787 1500 845 1538 ut
861 1484 1045 1560 ignem
1065 1524 1081 1549 ‚
1103 1482 1254 1561 quod
1276 1489 1513 1541 maximo
1535 1506 1626 1541 ac-

15 1560 259 1617 colarum
281 1581 431 1619 metu
453 1560 871 1640 exspectabatur,
889 1566 1170 1621 eruciaret.
1212 1563 1381 1622 Abest
1402 1568 1628 1644 Neapo-

15 1643 54 1698 li
83 1663 243 1698 mons
271 1640 448 1701 stadiis
480 1642 812 1723 septuaginta
842 1649 898 1700 in
931 1644 1355 1724 septentrionem
1392 1653 1624 1706 maxime

13 1721 224 1789 versus,
264 1724 506 1803 praecisus
534 1727 864 1793 admodum,
898 1723 1036 1782 infra
1068 1730 1126 1783 in
1160 1727 1354 1786 orbem
1382 1727 1623 1798 diffusuS‚

12 1803 165 1884 supra
199 1808 448 1885 Scopulis
483 1809 717 1865 incultus
750 1828 910 1887 atque
944 1809 1190 1867 horrens,
1241 1817 1304 1868 In
1337 1809 1450 1889 ipso
1479 1818 1622 1893 jugo

13 1883 184 1945 ferme
203 1890 384 1947 medio
404 1889 587 1969 specus
602 1889 676 1947 est
696 1891 798 1947 alta
816 1898 868 1947 ὃ(
888 1910 1153 1969 quantum
1187 1897 1381 1969 conjici
1403 1896 1576 1971 potest
1594 1896 1624 1958 εὶ

15 1966 229 2027 summo
250 1972 313 2028 ad
330 1977 504 2029 imum
525 1977 834 2053 pertingens
858 1997 870 2028 :
902 1971 936 2028 {i
957 1979 1075 2052 quis
1095 1974 1394 2054 despeetare
1413 1977 1624 2045 audeat,

15 2051 192 2109 videat
207 2057 466 2134 &ignem
488 2078 501 2111 ε
544 2054 631 2113 sed
650 2058 802 2130 cujus
819 2053 1038 2112 flamma
1056 2062 1342 2116 maximam
1365 2078 1471 2116 tem
1483 2064 1626 2138 poris

15 2151 221 2211 partem
240 2140 297 2193 in
316 2136 364 2194 se
386 2140 611 2196 vertitur
631 2179 647 2207 ,
692 2138 914 2195 molesta
934 2143 1158 2196 nemini.
1200 2144 1279 2197 At
1297 2146 1514 2220 quoties
1533 2140 1623 2199 so-

16 2236 151 2273 num
172 2217 336 2277 edidit
354 2222 563 2297 qualem
586 2223 885 2298 mugientia
904 2225 1211 2280 animalium
1234 2263 1248 2284 ,
1278 2227 1418 2282 illico
1439 2229 1516 2281 vis
1535 2227 1625 2282 in-

14 2319 148 2377 gens
180 2304 368 2358 cineris
400 2299 640 2359 exfistere
670 2302 836 2360 soleti
871 2325 928 2360 ac
960 2303 997 2359 si
1017 2326 1182 2383 quem
1202 2308 1303 2362 iter
1332 2304 1622 2365 facientem

17 2381 426 2458 deprehenderit
445 2424 460 2445 ,
496 2387 543 2441 ei
565 2383 706 2441 haud
726 2384 888 2442 dubie
922 2384 1043 2443 finis
1062 2385 1205 2444 adest
1226 2391 1375 2446 vitae:
1421 2387 1496 2445 fin
1516 2390 1624 2447 do-

17 2482 139 2520 mos
173 2467 444 2545 attigerit,
479 2486 740 2524 corruunt
768 2468 897 2534 il-lae3
934 2487 1147 2543 tantum
1174 2473 1624 2548 pondusfcineris

16 2545 298 2613 incumbit.
342 2550 494 2627 quod
513 2549 549 2607 fi
571 2556 623 2608 &
647 2566 841 2606 ventus
868 2569 1054 2629 urgeat
1074 2593 1090 2620 ‚
1128 2555 1394 2610 attollitur
1414 2557 1545 2610 cinis
1563 2556 1622 2610 in

20 2646 137 2683 eam
166 2627 549 2689 sublimitatem
586 2649 648 2688 ut
666 2630 835 2689 visum
855 2655 1079 2690 omnem
1110 2633 1349 2692 hominis
1369 2634 1616 2715 effugiat,

19 2711 74 2765 &
95 2729 198 2780 qua
215 2709 371 2770 flatus
391 2711 493 2771 fert
508 2714 601 2772 diu
633 2732 884 2792 portatus
903 2738 1031 2772 mox
1063 2719 1118 2772 in
1152 2735 1414 2775 terrarum
1433 2722 1621 2797 regio-

15 2809 144 2846 nem
177 2832 193 2857 ,
230 2815 343 2871 quae
382 2800 628 2875 proxima
643 2837 661 2865 ,
694 2793 853 2854 feffus
890 2797 1173 2856 incumbit·
1214 2801 1448 2858 Narrant
1481 2803 1619 2859 olim

16 2891 146 2930 cum
163 2875 219 2931 in
243 2878 559 2956 Byzantium
579 2879 628 2936 se
648 2876 908 2954 dejeciffet
929 2902 988 2937 ea
1005 2883 1234 2958 proce-lla
1249 2924 1266 2949 ‚
1306 2886 1378 2940 ita
1396 2882 1621 2938 emetri-.-

16 2969 108 3014 tos
136 2975 327 3019 omnes
357 2978 418 3020 ut
452 2960 517 3019 ab
539 2983 606 3020 eo
642 2979 888 3041 tempore
907 2961 1217 3023 solennibus
1243 2963 1492 3045 precibus
1511 2963 1620 3018 Dei

875 3049 915 3101 P
967 3064 994 3123 5
1433 3062 1619 3123 pacem
