1888 3428
205 210 491 271 Gor-ru
512 227 665 275 tcAE
696 209 1102 270 HtsTomAE
1142 214 1421 286 LtB.IV.
1518 232 1636 293 437

16 308 120 358 nus
137 330 155 357 ‚
192 288 345 373 supra
366 314 531 374 quam
558 297 763 374 legatos
780 290 994 350 solitum
1017 334 1034 361 ‚
1070 299 1297 351 comiter
1318 293 1636 373 magnifice-

17 394 125 454 que
144 373 395 442 habebat,
442 376 539 434 Sed
563 398 672 433 nou
692 395 814 432 cum
834 395 901 431 eo
920 378 1239 454 Byzantium
1263 397 1478 432 venerat
1503 380 1543 432 is
1564 377 1632 434 de

17 477 129 534 quo
159 456 283 516 alibi
300 461 456 531 retuli
489 459 751 517 Badicius.
789 457 1064 516 dicebatur
1101 459 1146 533 a
1166 458 1412 515 Chosroe
1448 476 1628 515 morte

16 532 240 595 affestus
258 582 273 603 ,
310 561 425 597 non
457 543 558 598 alio
582 543 802 598 crimine
822 581 838 607 ‚
879 562 1041 620 quam
1062 541 1212 621 quod
1232 539 1420 597 mensae
1445 543 1630 619 Impe-

13 622 204 677 ratoris
221 617 397 678 fuiffet
417 627 688 703 particeps.
731 627 803 683 ita
821 627 967 682 enim
988 627 1461 705 argumentabatur
1480 668 1494 688 ,
1513 648 1630 684 non

12 697 266 759 futurum
297 699 480 773 fuisse,
519 725 768 763 uttantus
803 709 1078 785 interpreti
1097 708 1277 765 honos
1310 708 1630 776 haberetur,

16 781 115 840 nisi
130 804 211 841 res
226 784 496 844 Persarum
517 788 582 844 ab
601 788 711 867 ipso
732 785 944 847 fuissent
962 791 1198 868 proditae.
1247 783 1469 870 quidam
1485 797 1538 850 ὃς
1558 791 1627 848 ab

10 863 291 946 Isdiaguna
306 865 622 937 infamatum
637 870 884 929 dicebant
903 876 1076 930 arcani
1095 896 1217 931 cum
1232 876 1501 932 Romanis
1516 875 1634 931 col-

15 946 206 1027 loquii.
249 953 484 1030 Legatus
503 950 586 1009 hic
600 991 616 1018 ,
656 972 715 1011 ut
733 958 971 1032 primum
986 954 1050 1012 ad
1069 955 1419 1015 Iustinianum
1437 955 1633 1014 admis-

15 1026 103 1087 sus
120 1027 195 1086 est
212 1071 230 1099 ,
258 1032 323 1091 de
341 1054 462 1110 pace
481 1032 615 1090 nihil
647 1040 935 1115 quicquam
971 1039 1186 1096 locutus
1218 1040 1321 1097 est:
1364 1039 1451 1098 sed
1471 1060 1632 1097 accu-

18 1106 163 1169 sabat
180 1113 465 1172 Romanos
493 1118 703 1174 violatae
739 1117 894 1177 fidei:
934 1120 1001 1177 ab
1037 1122 1430 1196 Alamundar'io
1464 1122 1631 1180 indu-

17 1193 221 1277 ciarum
237 1214 486 1276 tempore
507 1203 614 1257 vim
632 1202 833 1258 illatam
865 1203 1092 1261 Arothae
1111 1204 1484 1284 Sarace-riisque
1506 1206 1630 1263 Ro-

14 1294 310 1334 manorum
331 1276 580 1337 federatis
596 1325 610 1345 ,
649 1288 703 1340 &
723 1285 816 1341 alia
836 1288 1046 1342 minora
1064 1327 1080 1354 ,
1117 1308 1295 1366 neque
1317 1287 1448 1343 mihi
1467 1287 1631 1365 digna

14 1377 137 1436 quae
170 1375 476 1417 memorem
512 1361 644 1430 visa,
687 1363 940 1424 referens.
982 1365 1081 1424 Ista
1116 1372 1356 1447 Byzantii
1394 1368 1634 1448 ageban-

16 1456 121 1521 tur.
166 1445 335 1499 Petrae
353 1446 567 1501 interim
585 1444 927 1506 obsidionem
946 1454 1103 1508 omni
1122 1473 1245 1508 cum
1262 1456 1496 1508 exercitu
1524 1453 1632 1507 Be-

16 1518 67 1577 sa
83 1523 391 1603 impellebat
409 1567 427 1594 ,
469 1548 799 1607 murumque
833 1530 1193 1591 suffodiebant
1223 1536 1496 1599 Romani,
1538 1535 1629 1589 ea?-

11 1601 142 1661 dem
162 1624 305 1684 parte
328 1629 433 1686 qua
466 1609 802 1689 Dagisthaeus
823 1634 1070 1673 excavata
1092 1616 1264 1673 humo
1299 1619 1501 1672 moenia
1536 1614 1631 1672 de-

9 1690 232 1762 jecerat.
273 1691 398 1747 Cur
434 1712 502 1748 eo
540 1692 777 1769 potissim
789 1716 878 1753 um
913 1700 968 1753 in
1001 1698 1126 1754 loco
1165 1695 1457 1755 fossionem
1477 1694 1633 1753 insti—

15 1773 246 1837 tuerint,
278 1777 390 1848 jam
414 1774 714 1853 explicabo.
757 1781 852 1856 qui
885 1782 1042 1858 primi
1069 1801 1194 1837 eam
1226 1779 1415 1836 urbem
1436 1778 1630 1836 condi-

14 1850 140 1910 dere
156 1896 170 1918 ,
205 1856 260 1910 in
294 1851 414 1916 saxo
434 1856 655 1935 quidem
677 1861 924 1939 pleraque
945 1863 1194 1920 locarunt
1214 1866 1480 1919 moenium
1497 1857 1633 1917 fun-

15 1931 298 1993 damenta:
336 1959 453 2015 pars
470 1957 652 1997 tamen
673 1947 725 1996 &
745 1947 924 2023 aggeri
940 1942 1308 2023 superstru&a.
1355 1945 1504 2010 Erat,
1523 1939 1630 2021 qua

16 2016 146 2073 urbs
163 2021 217 2075 in
238 2019 577 2078 occidentem
596 2021 796 2101 spectat
815 2065 830 2091 ,
867 2030 1005 2084 muri
1027 2048 1277 2104 parsnon
1301 2030 1459 2083 nimis
1488 2026 1588 2082 lata
1608 2063 1629 2091 ,

17 2097 83 2156 ad
96 2101 396 2176 cujuslatus
422 2107 678 2184 utrinque
712 2127 898 2164 murus
915 2107 1263 2167 inaedificatus
1296 2128 1409 2166 erat
1435 2150 1450 2175 ‚
1486 2108 1630 2163 cauti

17 2178 158 2239 durae
177 2204 350 2263 neque
369 2182 622 2259 sossuram
642 2192 937 2267 recipienti.
981 2190 1222 2248 Mediam
1241 2196 1405 2271 igitur
1422 2207 1632 2269 partem

19 2265 215 2323 &olim
229 2264 443 2346 ‘aggreff
438 2289 494 2324 us
511 2288 622 2326 erat
640 2269 855 2328 tranfire
875 2282 1037 2350 opere
1055 2273 1467 2354 Dagisthaeus,&
1484 2293 1632 2329 nunc

19 2347 426 2424 aggrediebatur
442 2348 570 2407 Besa
585 2392 603 2418 ,
631 2354 796 2432 longe
814 2355 1032 2433 quidem
1055 2358 1344 2434 procedere
1366 2377 1480 2414 non
1502 2376 1632 2412 con-

17 2427 233 2486 cedente
250 2432 354 2488 loci
387 2435 612 2509 ingenio
630 2475 646 2501 ,
676 2431 760 2492 sed
781 2454 1045 2513 quantum
1066 2438 1183 2496 satis
1202 2438 1324 2497 esset
1342 2436 1636 2496 destinatis.

23 2508 170 2568 Cum
191 2532 317 2569 vero
336 2513 499 2572 Persae
516 2560 528 2578 ‚
554 2516 670 2594 post
689 2517 980 2596 Dagisthaei
1001 2519 1209 2578 abitum
1230 2563 1245 2589 ‚
1265 2542 1381 2601 quae
1402 2516 1633 2596 collapsa.

0 2609 168 2667 ¹etant
204 2599 456 2654 maenium
489 2595 674 2656 sarcire
710 2602 904 2658 vellent
928 2643 944 2669 ‚
982 2623 1096 2660 non
1128 2604 1323 2661 eodem
1358 2624 1471 2681 quo
1509 2618 1632 2656 ante

0 2672 193 2737 {modo
221 2673 490 2736 struxere:
522 2678 609 2738 sed
642 2680 929 2760 postquam
960 2705 1151 2742 cavum
1184 2687 1316 2743 illud
1349 2687 1416 2742 ab
1448 2703 1635 2761 oppu-

24 2760 341 2835 gnatoribus
386 2759 591 2820 faRum
643 2761 849 2821 fornice
893 2769 1291 2845 compleverant
1310 2808 1325 2828 ‚
1368 2764 1549 2824 crassas
1582 2765 1633 2818 ei

25 2836 234 2922 forn'cii
251 2844 546 2921 imponunt
567 2845 743 2902 trabes
764 2886 779 2912 ‚
820 2867 952 2925 quas
974 2849 1147 2906 multo
1168 2851 1350 2907 labore
1370 2849 1435 2905 ad
1450 2865 1633 2924 aequa-

0 2919 119 3004 slita?
156 2943 223 2979 ffm
245 2924 515 2984 dedolatas
533 2947 627 3004 per
648 2928 888 3006 amplum
918 2928 1037 2986 satis
1073 2928 1299 3011 spatium
1321 2934 1459 2987 iuter
1478 2927 1524 2983 se
1543 2931 1634 2997 ju*

20 3019 182 3081 gant:
215 3003 377 3086 iisque
398 3010 511 3069 vice
529 3006 868 3068 fundamenti
895 3009 1165 3071 substratis
1200 3031 1320 3094 apte
1338 3016 1634 3089 imponunt

868 3091 958 3149 Ee
1004 3112 1030 3168 3
1520 3112 1652 3172 maess
