1888 3428
298 168 357 233 D
391 191 427 232 E
501 163 560 232 R
600 172 729 230 3⁶13ss
807 162 1026 229 ‹3²22oe
1061 177 1087 229 '1
1122 165 1165 231 ‘e
1205 187 1226 232 1
1264 191 1310 235 s.
1517 171 1649 260 (δὴ

463 349 468 353 ·
539 308 641 375 -C'-
711 333 760 377 A
853 331 953 376 ·1>.·
1070 296 1228 377 x'x.

22 455 168 515 Gothi
186 458 418 529 regnante
455 454 669 510 Gallieno
689 451 920 527 in·Afiam
939 446 1184 508 involant.
1233 450 1397 511 Dia‘nae
1427 457 1652 533 Ephefinae

98 541 332 616 templum
351 539 632 596 incendunt.
684 535 1064 593 Chalcedoniam
1088 533 1403 608 fitbve'rtunt.
1449 549 1574 599 Tro-

360 622 480 699 jam
503 618 736 697 vastant..
759 622 1018 676 Thraciam
1034 616 1288 694 ‘infhstann

20 743 267 887 HOc
299 761 354 817 in
383 761 542 817 omni
559 755 765 817 lascivia
784 755 1023 816 resolui-0
1041 798 1058 826 ‚
1098 756 1278 839 Respa
1308 764 1364 819 δε
1382 755 1616 824 Veduco
1637 809 1654 833 ,

177 843 375 900 Thuro
394 846 660 922 Varoque
681 840 847 899 duces
881 839 1211 900 Gothorum
1232 841 1462 924 sumptis
1499 850 1657 907 navi..

14 920 120 983 bus
143 924 326 982 Asiam
347 921 830 992 tranfiere‚fretum
850 923 1328 1004 Hellesponticum
1346 925 1655 993 transvecti:

17 1008 112 1065 ubi
133 1010 316 1065 multis
335 1014 451 1083 ejus
475 1009 765 1086 provinciae
792 1006 1106 1067 civitatibus
1126 1011 1401 1093 populatis
1420 1049 1438 1076 ‚
1459 1017 1657 1094 opina..

15 1089 275 1148 tiffimum
296 1091 428 1147 illud
459 1089 654 1170 Ephesi
680 1093 877 1151 Dianae
908 1093 1175 1170 templum
1198 1133 1215 1159 ,
1253 1088 1407 1172 quod
1442 1096 1657 1160 dudum

11 1171 318 1249 dixeramus
365 1177 682 1232 Amazonas
719 1171 1015 1233 condidisse
1049 1214 1065 1235 ‚
1117 1176 1243 1253 igne
1281 1174 1653 1240 succendunt:

11 1254 260 1335 partibus
293 1255 556 1334 Bithyniae
600 1259 793 1315 delam,
832 1247 1267 1308 chalcedoniam
1306 1256 1615 1323 subvertere
1633 1306 1655 1335 ‚

11 1344 178 1417 qu’am
218 1333 341 1414 post
384 1335 678 1391 Cornelius
729 1332 931 1387 Avitus
967 1331 1147 1411 aliqua
1188 1352 1340 1411 parte
1372 1349 1652 1421 reparavit.

16 1423 159 1490 Quae
179 1420 452 1497 hodieque
481 1416 730 1500 quamvis
767 1415 927 1493 regiae
961 1415 1111 1472 urbis
1148 1420 1366 1477 civitate
1405 1444 1658 1507 congau-

13 1504 139 1560 deat
157 1543 175 1569 ‚
207 1502 353 1581 figna
371 1519 555 1557 tamen
593 1495 805 1555 suarum
826 1497 1108 1556 ruinarum
1128 1501 1403 1580 aliquanta
1424 1508 1489 1564 ad
1508 1512 1659 1569 indi-

14 1588 97 1643 cia
117 1588 312 1641 retinet
346 1581 694 1661 posteritatis·
738 1579 859 1635 Hac
889 1600 1023 1660 ergo
1047 1579 1303 1642 felicitate
1341 1588 1519 1646 Gothi
1550 1601 1658 1670 qua

14 1673 300 1728 intravere,
327 1665 570 1745 partibus
590 1661 729 1721 Afiae
756 1661 1240 1744 praeda-spolioque
1256 1674 1442 1746 potiti,
1467 1675 1660 1747 Helle-

14 1749 331 1830 sponticum
351 1748 554 1807 fretum
576 1743 1261 1812 retranfineant5vasta11tes
1279 1752 1335 1807 in
1353 1756 1541 1814 itinere
1559 1756 1658 1818 suo

13 1834 255 1910 Trojarn·
271 1836 540 1910 Iliumque
561 1872 578 1899 ‚
600 1831 831 1910 quae'vix
852 1826 879 1886 ὲ
900 1827 1046 1886 bello
1064 1832 1160 1888 illo
1177 1837 1659 1913 Agamemnonia-

15 1934 86 1981 co
108 1918 504 1996 aliquantulum
524 1911 862 1992 respirantes,
884 1909 1059 1969 rursus
1074 1912 1254 1972 hostili
1274 1939 1540 1980 mucrone
1560 1923 1658 1982 dea

12 2000 131 2058 letae
148 1998 290 2059 sunt.
313 1996 440 2057 Post
460 1995 598 2056 Afiae
621 2018 755 2077 ergo
775 1997 882 2053 tale
900 1996 1192 2066 excidium,
1212 1998 1446 2072 Thracia
1463 2018 1661 2069 eorum

19 2095 240 2160 experta
259 2080 333 2151 est
351 2080 640 2138 feritatem.
678 2082 833 2138 Nam
849 2079 925 2136 ibi
946 2080 1011 2138 ad
1026 2080 1226 2138 radices
1242 2084 1425 2144 Haemi
1447 2096 1657 2151 montis

19 2166 153 2222 inari
174 2167 405 2223 vicinam
424 2162 724 2221 Anchialos
741 2165 1014 2221 civitatem
1035 2165 1258 2245 aggreffi
1283 2189 1413 2226 mox
1434 2173 1658 2242 adeunt,

19 2247 216 2305 urbem
238 2268 402 2327 quam
422 2246 630 2304 dudum
649 2246 1035 2325 Sardanapalus
1051 2269 1143 2306 rex
1165 2250 1491 2321 Parthorum
1511 2258 1654 2317 inter

17 2330 255 2388 limbum
279 2333 437 2389 maris
455 2336 509 2387 &
530 2330 713 2388 Haemi
733 2329 933 2389 radices
949 2329 1188 2390 locasset.
1231 2334 1312 2392 Ibi
1332 2341 1478 2394 enim
1509 2342 1658 2397 mul-

19 2417 89 2472 tis
107 2410 362 2472 feruntur
381 2409 619 2471 manfiffe
653 2413 846 2474 diebus
865 2456 880 2477 ,
916 2415 1205 2475 calidarum
1222 2425 1483 2497 aquarum
1506 2421 1657 2490 dele-

20 2499 153 2553 &ati
171 2498 390 2555 lavacris
409 2539 426 2564 ,
463 2515 582 2578 quae
602 2497 628 2556 ὲ
647 2497 1069 2579 quintodecimo
1103 2502 1335 2559 miliario
1368 2501 1654 2562 Anchiali-

20 2599 155 2638 tanae
179 2583 409 2638 civitatis
428 2579 550 2640 sunt
569 2579 697 2650 litae,
725 2581 793 2639 ab
812 2585 926 2640 imo
943 2579 1022 2640 sui
1038 2580 1212 2642 fontis
1230 2588 1344 2665 igni
1367 2583 1652 2644 scaturien-

15 2660 105 2719 'tes
123 2703 140 2729 ‚
171 2667 385 2742 &inter
402 2665 609 2744 reliqua
640 2668 814 2723 totius
832 2666 1022 2726 mundi
1043 2665 1655 2727 thermarumsinnume-

23 2744 415 2804 rabiliumloca
449 2751 685 2806 omnino
718 2748 983 2830 praecipue
1014 2750 1079 2808 ad
1101 2748 1379 2809 sanitatem
1398 2751 1646 2808 infirmo-

20 2847 143 2883 rum
166 2826 558 2893 efficaciffimae.
596 2832 809 2898 Exinde
845 2853 980 2914 ergo
1015 2832 1082 2895 ad
1114 2838 1360 2915 proprias
1392 2833 1539 2892 sedes
1564 2853 1652 2891 re-

23 2907 203 2991 greffi.

166 3036 169 3043 «
217 3024 222 3028 ·
1422 3076 1476 3135 C
1517 3098 1554 3137 A
1593 3096 1646 3140 Ρ,
