1888 3428
210 152 656 218 GoT‘rflrcAE
695 161 1072 222 HrsT0R1AE
1112 164 1357 223 L1n.11.
1516 181 1636 242 257

10 246 110 295 tos
141 235 452 321 famamque
483 243 748 302 adversam
778 243 983 324 semper
1000 243 1267 328 habitura.
1310 245 1539 305 Talibus
1561 243 1638 302 usi

18 320 88 377 ab
109 325 334 401 antiquo
355 324 598 382 moribus
617 328 843 394 Heruli,
878 347 1004 383 cum
1025 346 1273 406 tempore
1300 335 1354 386 ὃς
1387 332 1638 387 multitu-

16 403 144 460 dine
167 409 293 462 &vi
313 405 464 484 supra
494 411 699 466 vicinos
735 411 910 476 aneti,
947 417 999 467 &
1037 409 1190 488 quod
1224 409 1632 489 consequisolet
1708 417 1709 421 ’

16 484 262 544 laceffitis
288 494 640 548 conterminis
662 530 678 556 ,
703 492 932 548 viaeStores
951 491 1081 571 saepe
1100 533 1114 554 ‚
1134 493 1427 570 praedaesque
1448 493 1632 570 gusta*

16 568 380 642 taekdulcedine
399 573 664 628 avidiores
684 613 699 638 ‚
736 572 1011 650 postremo
1031 575 1446 654 Langobardos,
1463 573 1631 630 Chri-

12 638 240 708 stianam
257 657 536 710 nationem
557 694 574 720 ‚
604 652 957 734 subditosque
978 660 1052 714 eis
1072 660 1303 736 populos
1337 657 1400 714 ad
1429 658 1630 714 tributa

12 750 224 813 cogunt
245 775 261 801 ‚
297 736 447 813 quod
466 734 698 792 bar-baris
725 737 1282 798 antehacinulitatum
1301 739 1542 818 superbia
1561 738 1626 796 fi-

0 815 127 871 {mul
166 837 224 873 ac
250 822 462 874 avaritia
491 816 729 895 ipsorum
767 841 1050 899 repererat.
1102 821 1384 879 Anastasio
1412 823 1627 878 Roma-

10 916 139 952 nam
161 918 272 954 rem
295 898 511 978 adeptO,
537 921 651 956 non
672 903 914 958 videntes
947 906 1141 962 Heruli
1161 909 1216 962 in
1237 927 1375 984 quos
1391 903 1628 961 incursa-

8 997 163 1044 rent,
194 983 397 1037 inerme
418 985 597 1039 otium
621 986 674 1039 in
695 1002 799 1061 tres
821 1006 992 1042 annos
1012 989 1347 1064 produxere:
1387 984 1539 1066 queis
1557 985 1627 1043 fi-

7 1060 320 1125 nientibuS‚
361 1067 701 1142 impatientes
734 1070 966 1144 quietim
1000 1068 1304 1127 Rodulfurn
1326 1074 1625 1149 principem

5 1137 163 1198 suum
183 1146 435 1201 convitiis
466 1149 726 1225 impetere
749 1172 762 1204 ε
797 1151 1012 1226 quoties
1031 1152 1266 1225 adierant
1298 1155 1517 1210 mollem
1537 1150 1628 1209 fe·-

5 1226 278 1304 minaeque
298 1230 612 1305 propiorem
645 1252 898 1288 vocantes
918 1239 971 1289 &
991 1255 1107 1312 quae
1127 1236 1222 1291 alia
1250 1236 1510 1292 vocabula
1531 1235 1626 1292 de-

5 1309 122 1361 cori
156 1308 448 1365 immemor
477 1317 750 1387 protervia
775 1311 1111 1393 suggesserat.
1166 1338 1297 1395 quas
1326 1335 1620 1374 contumee-

1 1386 103 1443 lias
119 1390 536 1468 tolerareirnpar
568 1392 844 1451 Rodulfus
875 1403 929 1451 in
961 1397 1352 1478 Langobardos
1378 1398 1620 1457 insontes

2 1472 144 1548 rapi-t
177 1492 356 1539 arma,
389 1475 587 1530 nullius
608 1475 748 1554 ipsos
781 1482 1017 1536 criminis
1047 1480 1332 1550 incusam,
1366 1482 1620 1540 nihilob-

4 1567 192 1608 tentus
224 1575 465 1632 quaerens
499 1579 614 1635 quo
648 1561 798 1636 pacta
833 1559 1079 1620 exueret:
1123 1562 1323 1622 bellurn
1347 1564 1504 1642 perse
1533 1563 1616 1622 se·-

3 1653 158 1691 mota
182 1639 314 1708 juris
346 1635 518 1713 specie
539 1679 556 1705 ‚
591 1639 851 1716 placebat.
893 1664 1006 1720 quo
1039 1664 1197 1702 motu
1225 1650 1453 1725 cognito
1470 1650 1620 1703 Lan-2-

0 1716 231 1795 gobardi
266 1756 284 1782 ‚
341 1718 505 1775 missis
540 1722 604 1777 ad
638 1721 943 1786 Rodulfum
976 1727 1166 1804 legatis
1196 1731 1617 1805 percunrftantur

0 1818 121 1875 quae
140 1797 286 1854 causa
304 1801 546 1857 Herulos
565 1802 865 1882 impelleret
882 1808 937 1861 in
957 1807 1170 1866 consilia
1187 1809 1307 1867 belli
1334 1811 1616 1869 adversum

0 1877 50 1937 se
67 1879 331 1938 sumendi.
376 1881 411 1939 fi
434 1905 539 1961 qua
558 1905 706 1964 parte
733 1887 920 1945 tributi
955 1887 1182 1949 fraudati
1212 1890 1394 1950 forent
1412 1916 1614 1972 ‚tpara-

0 1979 84 2018 tos
116 1962 165 2019 se
199 1962 395 2043 absque
429 1988 583 2022 mora
619 1990 742 2025 cum
783 1968 947 2030 usuris
977 1974 1310 2050 dependere:
1358 1975 1394 2031 si
1429 1979 1614 2033 tenuia

0 2041 95 2102 effe
123 2044 321 2102 tributa
359 2058 710 2126 quererentur
731 2093 747 2118 ‚
783 2074 894 2109 non
934 2053 1172 2113 difficiles
1202 2058 1266 2115 ad
1282 2080 1343 2115 ea
1364 2059 1612 2138 augenda

0 2126 387 2206 Langobardos
421 2127 560 2186 fore.
604 2134 759 2189 Talia
776 2136 1026 2194 elocutos
1053 2141 1261 2218 legatos
1289 2144 1450 2198 minis
1469 2163 1612 2198 one-

0 2228 113 2263 rans
131 2208 403 2267 Rodulfus
425 2213 762 2289 proturbavit
793 2222 962 2298 magis
994 2241 1157 2299 quam
1179 2221 1503 2280 dimisitwilli
1531 2227 1611 2281 le-

0 2294 131 2370 gatis
164 2295 276 2347 aliis
309 2294 374 2350 acl
405 2295 545 2350 dieta
580 2302 757 2373 priora
779 2298 1039 2378 supplices
1073 2304 1377 2385 adjungunt
1402 2330 1607 2385 preces.

0 2373 194 2450 quibus
214 2379 321 2453 pari
358 2373 557 2432 ferocia
576 2382 781 2453 rejerstis
802 2422 817 2447 ,
857 2388 1044 2440 tertios
1067 2391 1290 2443 mittunt
1307 2430 1324 2455 ‚
1363 2392 1605 2448 obtesta-

0 2469 112 2510 tum
145 2477 212 2512 ne
245 2455 386 2532 ipsos
417 2461 609 2516 Heruli
640 2462 816 2530 belm,
856 2486 922 2521 ne
956 2472 1156 2523 coloris
1189 2472 1410 2547 quidem
1447 2480 1604 2554 quic<-

0 2545 156 2614 quam
190 2537 456 2607 habente,
490 2545 817 2602 invaderent.
861 2549 951 2602 Sin
973 2549 1245 2607 obdurato
1278 2560 1461 2612 animo
1483 2578 1605 2635 per-

0 2619 278 2675 tenderent
298 2662 313 2687 ,
334 2621 381 2677 se
400 2644 513 2679 non
535 2628 780 2696 volentes
796 2668 813 2693 ,
833 2631 917 2686 sed
940 2634 1136 2689 ultimae
1159 2633 1473 2695 neceffitatis
1493 2643 1601 2696 im-
1647 2641 1656 2653 “’

0 2705 143 2777 perio
179 2706 427 2762 violentis
458 2712 616 2762 armis
636 2709 981 2787 oppofituros
998 2735 1142 2771 arma
1162 2759 1174 2778 ,
1219 2719 1345 2776 Deo
1363 2725 1507 2797 prius
1528 2727 1600 2779 ri-

0 2781 46 2837 τέ
78 2786 332 2841 invocato
352 2827 367 2852 ,
408 2795 557 2861 cujus
576 2794 656 2845 vel
679 2796 901 2849 minima
924 2798 1000 2851 vis
1030 2799 1237 2855 cunffis
1263 2799 1510 2859 humanis
1529 2826 1598 2860 o*

0 2865 151 2940 pibus
172 2867 289 2941 plus
312 2868 479 2944 pollet
496 2875 863 2953 ¹polleretque.
896 2878 1048 2934 illum
1073 2884 1212 2956 aequi
1245 2881 1516 2942 summum
1540 2892 1596 2940 δε

0 2947 164 3028 iniqui
193 2948 451 3011 arbitrum
483 2991 501 3024 ‚
537 2953 920 3015 inclinaturum
951 2982 1064 3040 quo
1098 2964 1255 3023 vellet
1284 2967 1594 3044 praeliorum

838 3040 893 3099 R
1400 3050 1591 3104 exitus,
