1888 3428
246 174 325 229 82
566 171 955 226 PRocoPu
996 169 1540 224 CAESAREENSIS

239 255 388 309 inter
405 247 454 307 se
473 268 940 308 commutaverant
959 250 1120 306 literis
1138 247 1201 304 ad
1216 245 1445 303 Belisarii
1464 244 1735 326 perducitis
1749 267 1854 304 no-

243 335 441 400 titiam,
463 329 673 403 scitatus
691 330 766 388 est
784 331 916 410 quid
938 328 1226 389 voluntatis
1247 334 1360 404 ejus
1377 325 1542 385 foret.
1579 325 1852 384 Belisarius

242 435 641 494 quemmagna
677 414 894 471 tenebat
937 412 1136 490 cupido
1168 406 1505 467 Gelimerem
1537 413 1870 488 Imperatori.

241 499 432 554 vivum
466 495 743 561 tradendi,
776 497 981 553 laetatus
1010 495 1250 573 perleeiis
1282 493 1481 553 literis,
1515 492 1870 570 Cyprianumf

245 574 498 635 federatis'
526 576 868 656 praepositum
888 583 1161 655 Pappuam
1183 580 1256 632 ire
1273 573 1428 647 jubet
1447 574 1741 630 comitibus
1761 572 1856 628 ad-

243 660 368 717 ditis
423 682 438 715 2
487 663 583 739 qui
630 647 891 716 Gelimeri
935 658 1313 734 jusjurandum
1344 656 1490 714 daret
1519 656 1582 713 de
1620 658 1725 712 vita
1761 651 1853 733 ipsi

243 739 528 820 ipsumque
550 739 874 799 stffantibus
894 739 1141 798 servanda
1171 762 1183 793 ε
1224 736 1317 817 ipsi
1337 757 1586 816 praeterea
1611 737 1853 793 honora-

244 841 368 879 tum
402 824 541 900 apud
574 828 960 901 Imperatorem
987 824 1171 879 locum
1192 826 1374 899 reique
1393 823 1586 878 nuliius
1605 819 1868 898 indigum,

242 901 382 963 fore.
426 904 538 963 Vbi
564 903 618 960 hi
647 905 711 961 ad
731 904 952 962 Pharan]
970 925 1161 960 venere
1180 925 1303 959 cum
1323 925 1390 959 eo
1408 899 1858 982 procefferunt·ad

242 986 430 1044 locum
449 989 543 1065 qui
564 984 636 1042 est
656 984 752 1042 sub
773 989 974 1044 montis
994 986 1207 1042 radices.
1252 985 1570 1042 Advocatus
1605 1005 1671 1040 eo
1706 987 1855 1040 venit

248 1069 499 1125 Gelimer
517 1112 530 1132 ‚
571 1065 787 1146 fideque
820 1085 1034 1145 accepta
1063 1071 1160 1124 ivit
1179 1089 1302 1123 cum
1324 1069 1423 1124 illis
1444 1066 1854 1144 Carthaginem.
1876 1098 1880 1101 >

242 1148 497 1230 Degebat
532 1145 675 1206 forte
707 1153 762 1205 in
798 1146 1108 1221 suburbano
1139 1149 1418 1206 Belisarius
1434 1149 1586 1227 quod
1608 1150 1738 1204 Acla
1752 1159 1864 1202 vo-'

245 1250 385 1302 eant.
432 1231 509 1287 ibi
529 1251 654 1286 eum
686 1231 812 1288 adiit
844 1231 1090 1286 Gelimer
1109 1234 1164 1286 in
1184 1230 1343 1287 risum
1362 1250 1718 1308 prorumpens
1738 1226 1858 1293 fors

244 1328 357 1369 tem
378 1333 435 1368 ac
454 1310 736 1369 sonorum.
779 1313 1146 1390 Spefimntium
1179 1315 1336 1369 multi
1351 1308 1854 1369 tristitiaeimmenso

243 1393 527 1451 demotum
560 1414 686 1450 eum
721 1393 786 1450 de
815 1395 1041 1451 naturali
1071 1392 1207 1452 statu
1220 1392 1533 1470 judicabant
1569 1416 1582 1449 ε
1622 1414 1680 1450 ac
1699 1412 1853 1449 more

243 1474 588 1533 delirantium
622 1474 730 1533 fine
763 1473 910 1533 causa
943 1478 998 1532 in
1032 1474 1195 1532 risum
1226 1474 1452 1534 dissolvi.
1494 1480 1572 1532 At
1608 1477 1702 1555 qui
1723 1494 1852 1532 eum

243 1576 441 1616 norant
460 1559 680 1615 interius
700 1599 717 1624 ,
734 1561 866 1614 acris
884 1561 1088 1637 ingenii
1105 1558 1391 1621 hominem
1412 1601 1427 1622 ‚
1457 1556 1668 1633 ajebant
1688 1559 1855 1634 repu-

239 1655 447 1695 tantem
468 1639 639 1695 domo
658 1638 706 1693 se
729 1657 918 1694 natum
939 1643 1083 1716 regia
1102 1680 1113 1702 ,
1148 1643 1297 1717 regni
1320 1643 1557 1718 potitum
1579 1680 1594 1705 ‚
1625 1639 1652 1694 a
1681 1642 1854 1717 prima

241 1738 395 1777 aetate
426 1719 489 1776 ad
523 1719 781 1777 devexam
818 1717 982 1797 usque
1004 1721 1169 1776 multa
1188 1724 1274 1787 vi,
1303 1721 1589 1799 multisque
1612 1722 1855 1798 pecuniis

243 1800 654 1862 circumdatum,
677 1799 858 1857 subito
881 1799 1109 1858 incidiss'e
1129 1806 1182 1858 in
1201 1800 1385 1882 fugam
1403 1823 1459 1858 ac
1478 1801 1851 1869 formidinem,
1886 1854 1888 1857 ,

243 1904 304 1940 ac
323 1882 441 1962 post
477 1900 563 1941 tot
588 1881 810 1940 habitati
841 1888 1065 1961 Pappuae
1087 1886 1220 1940 mala
1242 1926 1256 1951 ‚
1279 1884 1552 1962 postremo
1574 1887 1849 1963 captivum
1883 1899 1888 1939 i

244 1966 422 2029 trahi,
454 1963 660 2021 summa
689 1982 848 2044 atque
870 1964 1062 2021 *infima
1096 1969 1215 2023 vitae
1247 1964 1346 2023 suae
1381 1965 1532 2023 cursu
1551 1964 1850 2033 emensum,
1883 2012 1886 2033 ÷

242 2047 474 2126 proinde
494 2046 787 2103 existimare
809 2067 889 2103 res
920 2047 1180 2103 humanas
1208 2070 1320 2104 non
1340 2051 1444 2104 alio
1463 2070 1625 2127 quam
1646 2046 1744 2104 risu
1767 2048 1851 2104 di-

164 2189 166 2191 ,
241 2133 479 2208 gnioreS.
525 2127 626 2185 Sed
645 2128 708 2185 de
726 2128 1015 2185 Gelimeris
1034 2128 1134 2186 risu
1162 2131 1368 2204 judicet
1382 2131 1602 2209 quisque
1625 2148 1684 2185 ut
1704 2131 1853 2185 volet

242 2209 427 2269 favens
445 2225 536 2267 aut
553 2208 815 2267 adversus.
843 2211 1116 2267 Belisarius
1136 2212 1336 2268 indicio
1353 2215 1664 2290 Imperatori
1682 2207 1849 2275 Ἑειᾶο,
1879 2210 1888 2267 Ξ

243 2292 632 2370 Carthaginem
666 2291 857 2349 veniffe
896 2312 1111 2369 captum
1145 2295 1507 2358 Gelimerem,
1544 2312 1606 2351 ut
1636 2313 1759 2350 cum
1778 2314 1847 2349 eo
1878 2291 1888 2349 Ξ·

242 2377 561 2452 Byzantium
583 2372 843 2452 proficisci
863 2371 1031 2450 pofl'et
1047 2374 1252 2442 orabat,
1269 2377 1437 2455 ipsum
1459 2377 1675 2433 interim
1695 2378 1850 2432 Van-
1877 2372 1888 2445 Ξ

246 2455 498 2535 dalosque
516 2456 650 2513 alios
668 2458 723 2512 in
742 2454 1006 2523 honorata
1022 2456 1222 2515 habens
1241 2456 1478 2515 custodia
1496 2464 1550 2514 &
1567 2476 1687 2536 quae
1708 2477 1850 2535 opus
1875 2453 1886 2543 Ξ

248 2557 358 2595 erat
385 2539 447 2596 ad
480 2540 880 2617 navigationem
915 2559 1121 2617 parans.
1164 2540 1345 2596 Multa
1377 2541 1431 2596 in
1451 2542 1740 2598 omniaevo
1760 2536 1888 2636 [ιι-Ξ

247 2639 342 2698 pra
373 2619 517 2698 spem
537 2640 760 2676 evenere
779 2637 937 2697 atque
952 2623 1201 2678 evenient
1219 2620 1476 2700 quamdiu
1495 2620 1694 2678 eaedem
1712 2622 1852 2677 vices
1873 2631 1888 2694 β

244 2721 326 2758 res
344 2701 632 2758 hominum
652 2699 951 2759 versabunt.
991 2704 1137 2761 Nam
1171 2710 1225 2760 δε
1249 2724 1366 2783 quae
1384 2706 1522 2760 ratio
1541 2700 1851 2781 desperave-
1872 2693 1888 2762 ii

246 2802 346 2850 rat,
365 2804 528 2861 Opere
546 2784 764 2861 impleta
780 2781 898 2840 sunt
932 2806 945 2839 ε
984 2792 1037 2842 ὃς
1058 2806 1174 2864 quae
1196 2783 1324 2864 saepe
1343 2803 1545 2843 tentata
1562 2786 1626 2844 ad
1643 2787 1850 2842 exitum
1870 2767 1888 2867 Ξ

245 2866 464 2942 perduci
487 2868 709 2943 nequire
728 2862 1036 2943 apparuerat
1054 2908 1070 2934 ‚
1096 2867 1380 2946 aliquando
1404 2864 1684 2926 succeffum
1703 2886 1846 2944 repe·

246 2949 435 3011 tientia
453 2951 507 3006 in
526 2945 800 3034 stuporem
814 2947 1064 3037 homines
1080 2950 1388 3013 dedere‘An
1408 2972 1535 3016 vero
1554 2970 1702 3032 pares
1722 2954 1845 3005 nar-'-

1720 3029 1845 3090 ratis
1866 3008 1888 3094 i

1865 3178 1884 3217 ¹:

1864 3219 1888 3275 {11

1861 3284 1888 3428 Ξ
