1888 3428
285 148 1311 210 DEREB.-G1=.T101s;
1516 150 1639 232 66²1-¹

459 290 520 355 C
606 312 670 356 'A
770 312 825 353 P.
963 310 1210 353 xxxv.

24 443 100 491 De
122 434 281 490 Attila
297 437 417 508 regis
438 438 724 490 Hunnorum
738 445 908 505 patre,
920 426 1189 501 fratribus.
1212 424 1363 501 deque
1376 427 1516 503 ipsius
1524 428 1632 502 sta-

100 531 217 574 tura
231 554 246 576 ‚
271 515 443 588 firma
463 516 525 578 ὠν
546 515 769 572 moribus.
786 539 788 541 ·
815 523 943 567 Item
963 512 1019 566 de
1032 512 1194 585 gladio
1211 517 1387 566 Μαντὼ
1407 529 1552 587 quem

211 590 304 675 ipse
316 597 581 674 usurpavit.
602 609 745 654 Locus
761 592 951 672 infignis
972 594 996 650 ὲ
1016 594 1169 669 Prisco
1188 591 1426 669 historico.
1534 590 1535 593 ’

17 739 71 864 Ι
98 739 130 794 S
166 757 402 816 namque
435 738 606 795 Attila
625 753 768 813 patre
800 736 1018 814 genitus
1052 734 1437 798 Mundzucm,
1479 735 1637 805 cujus

96 816 248 877 fuere
270 824 512 900 germani
533 819 704 875 Offar
724 823 778 874 δε
802 820 951 875 Roas
969 859 985 886 ‚
1031 820 1128 896 qui
1151 836 1274 873 ante
1295 817 1526 873 Attilam
1546 834 1640 871 re-

16 922 192 981 gnum
216 904 553 958 Hunnorum
573 897 794 958 tenuisse
814 917 1093 958 narrantur
1108 940 1123 966 ,
1165 901 1414 979 quamvis
1433 919 1547 954 non
1566 917 1638 953 o-

17 986 215 1041 mnino
235 984 581 1062 cun6torum.
598 986 808 1041 Eorum
831 981 937 1061 ipse
959 982 1076 1061 post
1097 981 1470 1051 obitum‚cum
1486 982 1638 1037 Bleta

15 1078 279 1148 germano
306 1066 649 1124 Hunnorum
687 1064 926 1124 succeffit
959 1071 1015 1122 in
1036 1086 1302 1148 regnum,
1342 1069 1396 1122 δε
1431 1079 1493 1120 ut
1512 1080 1637 1118 ante

18 1149 352 1227 expeditioni
387 1170 553 1227 quam
587 1148 802 1229 parabat
837 1169 926 1227 par
947 1146 1127 1213 foret3
1173 1164 1531 1228 augmentum
1553 1147 1639 1201 vi-

15 1231 160 1288 rium
180 1231 459 1307 parricidio
478 1235 667 1310 quaerit
684 1273 697 1296 ‚
737 1232 966 1287 tendens
993 1231 1056 1288 ad
1076 1230 1358 1288 discrimen
1378 1230 1636 1285 omnium

15 1333 148 1371 nece
167 1311 407 1370 suorum.
454 1314 554 1370 Sed
574 1313 834 1371 liberante
855 1312 1049 1380 justitia
1073 1310 1368 1370 detestabili
1389 1309 1635 1366 remedio

19 1395 276 1461 crescenS,
297 1393 571 1452 deformes
589 1399 760 1453 exitus
779 1394 879 1452 suae
900 1395 1225 1453 crudelitatis
1245 1397 1473 1450 invenit.
1507 1391 1638 1446 3120

19 1495 74 1534 ta
93 1481 239 1534 enim
271 1475 431 1534 fratre
466 1477 745 1536 fraudibus
775 1496 1057 1557 perempto
1077 1519 1094 1544 ,
1139 1479 1233 1557 qui
1269 1495 1476 1554 magnae
1498 1473 1639 1551 parti

17 1560 277 1639 regnabat
294 1561 637 1618 Hunnorum
658 1602 675 1626 ‚
716 1557 1018 1616 universum
1043 1559 1135 1616 fibi
1160 1559 1424 1638 populum
1445 1554 1637 1628 subju-

17 1646 182 1722 gavit,
201 1645 527 1720 aliarumque
546 1646 795 1722 gentium
817 1663 945 1719 quas
966 1660 1095 1698 tunc
1114 1644 1168 1697 in
1189 1641 1398 1697 ditione
1413 1637 1638 1695 tenebat

19 1723 407 1782 numerositate
426 1727 683 1791 collecta,
718 1728 912 1801 primas
945 1723 1377 1803 mundigenteS‚
1418 1723 1634 1779 Roma-

18 1828 123 1865 nos
142 1804 852 1886 Vesegothasque‚fiibdere
891 1804 1228 1885 peroptabat.
1273 1807 1449 1877 Cujus
1483 1822 1640 1858 exer-
1693 1812 1701 1817 “

18 1892 158 1946 citus
197 1892 630 1969 quingentorum
667 1890 877 1944 millum
917 1887 1016 1945 effe
1056 1908 1313 1944 numerus
1344 1884 1636 1942 ferebatur.

18 1974 120 2031 Vir
138 1976 193 2028 in
212 1970 620 2029 concussionem
643 1975 821 2050 gentis
843 1990 998 2028 natus
1016 1974 1071 2027 in
1096 1970 1304 2027 mundo
1325 2009 1341 2034 ,
1371 1987 1637 2025 terrarum

22 2057 280 2112 omnium
312 2074 488 2111 metus
518 2077 532 2110 ε
576 2061 668 2134 qui
704 2053 880 2111 nescio
913 2051 1190 2132 quasorte
1226 2051 1459 2110 terrebat
1497 2070 1637 2105 cun-

20 2139 106 2194 &a
130 2178 146 2205 ‚
190 2133 524 2193 formidabili
544 2137 609 2194 de
630 2135 676 2192 se
696 2136 1209 2215 opinionevulgata.
1250 2136 1379 2194 Erat
1401 2153 1637 2210 namque

18 2217 280 2300 superbus
311 2215 507 2274 incessu
538 2263 554 2283 ,
600 2217 704 2275 huc
737 2239 899 2297 atque
931 2220 1053 2275 illuc
1086 2215 1466 2275 circumferens
1497 2234 1640 2271 ocu-

18 2301 136 2368 los,
183 2319 243 2358 ut
272 2302 396 2357 elati
430 2303 673 2378 potentia
703 2298 814 2378 ipso
834 2321 1057 2378 quoque
1089 2320 1246 2357 motu
1279 2301 1523 2377 corporis
1542 2318 1637 2375 ap-

17 2400 240 2463 pareret.
306 2384 583 2440 Bellorum
620 2385 842 2462 quidem
860 2457 861 2460 ¹
879 2401 1086 2439 amator
1124 2415 1150 2451 ,‡
1193 2382 1282 2439 sed
1326 2380 1431 2459 ipse
1466 2399 1635 2436 manu

17 2483 322 2546 temperans
340 2507 356 2533 ,
405 2464 627 2523 consilio
649 2462 993 2523 validisfimus
1013 2505 1028 2530 ,
1061 2463 1486 2544 supplicantibus
1504 2482 1635 2520 exo-

19 2549 193 2621 rabilis
209 2589 226 2616 ,
265 2551 533 2628 propitius
553 2552 608 2605 in
627 2546 739 2605 fide
758 2545 1182 2626 semelreceptis.
1213 2549 1410 2604 Forma
1430 2547 1630 2610 breviS,

19 2631 131 2690 lato
157 2632 377 2710 pefflzore
404 2670 420 2692 ,
449 2633 618 2709 capite
652 2632 961 2710 grandiori,
1000 2633 1223 2688 minutis
1244 2631 1415 2686 oculis
1434 2670 1450 2695 ,
1486 2646 1634 2700 rarus

22 2710 186 2770 barba
208 2754 225 2780 ‚
258 2714 400 2769 canis
419 2711 647 2790 aspersus
662 2754 679 2780 ,
726 2712 860 2769 simo
879 2711 1002 2769 naso
1018 2747 1051 2784 -,‚
1071 2732 1208 2770 teter
1229 2713 1412 2769 colore
1433 2751 1449 2776 ‚
1467 2710 1637 2788 origi-

24 2796 109 2851 nis
126 2793 226 2851 suae
248 2794 394 2874 signa
415 2794 712 2852 restituens.
758 2798 875 2865 Qui
896 2799 1143 2874 quamvis
1160 2795 1319 2870 hujus
1336 2791 1636 2850 effernatu-

24 2895 95 2932 1·ae
114 2895 175 2933 ut
201 2876 404 2956 semper
423 2898 616 2956 magna
633 2877 932 2936 confideret
951 2918 967 2944 ‚
988 2877 1216 2935 addebat
1232 2882 1278 2933 ei
1298 2897 1478 2933 tamen
1499 2869 1636 2930 con*-

26 2955 308 3021 fidentiam
342 2958 549 3038 gladius
575 2960 770 3018 Martis
803 2964 1091 3029 iuvenum,
1145 2959 1283 3040 apud
1323 2956 1638 3036 Scytharum

879 3044 975 3102 Tt
1026 3065 1050 3120 3
1497 3051 1651 3114 reges
