1888 3428
423 179 471 234 E
550 198 584 235 L
665 199 701 235 o
783 197 820 234 G
902 197 923 233 1
1004 198 1062 236 A.
1093 232 1097 236 .
1431 188 1501 262 83

16 255 168 317 stram
188 257 216 316 ὲ
238 260 362 316 Deo
397 262 679 338 cupimus,
714 277 840 316 cum
872 260 982 316 Dei
1017 279 1120 316 nos
1151 258 1323 320 facere
1358 267 1505 323 noli-

15 364 153 400 mus·
195 339 338 420 quasi
369 341 664 420 superiores
682 361 783 397 nos
811 343 940 398 Deo
976 345 1201 422 agimus.
1247 347 1502 404 volumus

15 420 366 490 utwvoluntati
402 422 591 482 nostrae
622 426 774 482 Deus
794 426 998 503 jugiter
1030 443 1242 503 pareat,
1277 448 1403 484 cum
1432 448 1500 485 o-

15 507 281 563 mnesnos
301 507 572 564 voluntati
594 511 707 579 ejus
736 509 936 585 jugiter
966 528 1351 588 repugnemus.
1397 509 1502 568 Sed
1564 540 1569 550 =

15 588 274 663 illejustus
292 586 367 644 est
387 629 404 655 ,
437 587 532 646 etsi
559 609 660 644 nos
698 585 859 645 fimus
878 589 1070 665 injusti.
1116 588 1332 671 castigat
1351 594 1499 648 enim
1532 592 1547 610 ⁶

15 691 147 749 quos
167 669 495 750 castigandos
512 687 663 748 putat
678 710 694 735 ‚
727 675 929 747 patitur
945 693 1087 750 quos
1110 691 1262 750 putat
1281 672 1380 730 effe
1402 695 1497 751 pa·-

14 752 239 809 :iendos.
283 770 576 830 utrumque
595 752 658 809 ad
680 773 840 810 unam
861 773 974 811 rem
997 755 1108 812 vult
1130 753 1417 832 proficere,
1436 773 1497 813 ut

14 839 54 892 §c
74 831 345 912 castigatio
364 835 418 890 in
439 833 736 891 Catholicis
758 835 1013 912 peccandi
1048 833 1290 895 refraenet
1307 839 1494 896 libidi-

14 934 127 971 1em
146 954 162 979 ,
199 920 255 971 &
274 915 606 996 quandoque
630 916 906 975 haereticos
927 922 1179 996 patientia
1209 922 1316 977 Dei
1337 917 1497 978 faciat

13 999 207 1055 >lenam
243 994 369 1055 fidei
398 996 723 1079 cognoscere
763 1002 1076 1058 veritatem:
1110 1006 1344 1059 maxime
1367 1023 1495 1060 cum

16 1078 115 1136 'ciat
133 1100 228 1136 eos
245 1077 462 1137 forsitan
483 1076 766 1139 Catholica
783 1104 898 1139 non
918 1083 1174 1163 indignos
1193 1082 1299 1141 fide
1316 1128 1330 1148 ,
1350 1106 1496 1165 quos

13 1161 172 1218 rideat
194 1162 491 1220 Catholicis
513 1167 632 1229 vitae
655 1169 1066 1244 comparatione
1102 1166 1354 1245 praestare.
1405 1168 1497 1225 O„

13 1264 149 1299 nnes
169 1262 348 1301 autem
367 1245 448 1302 isti
469 1246 534 1304 de
554 1246 754 1326 quibus
770 1250 1050 1326 loquimur
1067 1289 1083 1315 ‚
1110 1267 1200 1306 aut
1216 1248 1496 1308 W'andali

13 1322 120 1381 funt
137 1345 227 1384 aut
243 1325 469 1385 Gotthi.
508 1349 634 1386 nam
652 1329 718 1386 de
738 1330 1007 1387 Romanis
1023 1330 1313 1401 haereticis,
1346 1354 1495 1412 quo-

13 1428 119 1465 ·um
140 1411 422 1480 innumera
441 1410 735 1469 multitudo
755 1409 829 1469 est
848 1453 865 1480 ,
885 1409 1014 1470 nihil
1031 1411 1259 1472 dicimus
1276 1456 1293 1483 ,
1313 1435 1495 1494 neque

13 1505 88 1547 tut
107 1492 374 1548 Romanis
392 1513 487 1549 eos
521 1511 613 1549 aut
652 1492 886 1551 barbaris
917 1515 1291 1572 comparamus
1311 1535 1329 1562 ‚
1365 1500 1495 1575 quia

13 1569 381 1631 &infidelitate
399 1576 666 1630 Romanis
687 1573 809 1631 sunt
826 1576 1121 1632 deteriores
1135 1616 1152 1643 ,
1184 1584 1239 1636 &
1256 1575 1494 1635 faeditate

12 1655 116 1712 (itae
150 1652 384 1710 barbaris
423 1659 710 1732 turpiores,
754 1656 857 1713 Sed
887 1655 993 1713 hoc
1027 1677 1129 1713 nos
1165 1679 1281 1716 non
1313 1656 1491 1717 solum

12 1755 112 1792 aon
124 1739 275 1809 juvat
291 1777 308 1803 ,
331 1735 419 1795 sed
438 1740 599 1793 etiam
618 1735 772 1816 supra
787 1738 842 1796 id
857 1737 1008 1817 quod
1026 1737 1053 1795 ὲ
1071 1740 1234 1797 nobis
1252 1740 1346 1821 ipsi
1365 1762 1493 1820 gra-

12 1838 183 1875 ramur
200 1859 218 1887 ,
248 1839 434 1898 gravat
453 1862 469 1885 ‚
507 1824 631 1898 quia
660 1827 715 1877 δε
735 1823 771 1878 ii
791 1841 932 1900 quos
949 1823 1077 1878 tales
1096 1819 1194 1880 esse
1213 1822 1490 1881 causamur

12 1899 386 1958 Romanisunt.
429 1900 887 1983 undeintelligere
907 1900 1184 1981 possumus
1203 1905 1334 1984 quid
1372 1927 1492 1963 me·-

13 1999 175 2040 ·eatur
191 1986 372 2040 omnis
389 1985 644 2042 Romana
660 1983 950 2062 respublica
965 2026 983 2054 ‚
1005 2006 1129 2044 cum
1153 2009 1266 2064 pars
1285 1989 1492 2046 Roma-

13 2085 192 2123 mrum
210 2063 449 2134 offendat
465 2069 652 2123 Deum
675 2072 777 2124 vita
795 2110 810 2132 ‚
847 2086 962 2145 pars
985 2067 1374 2128 &infidelitate
1393 2093 1490 2149 pa-

13 2151 119 2204 ²iter
136 2154 189 2204 &
211 2150 350 2215 vita:
381 2148 525 2206 salvo
561 2171 628 2205 eo
649 2191 666 2216 ,
701 2151 852 2228 quod
879 2148 997 2228 ipsae
1019 2154 1299 2230 quondam
1321 2155 1488 2210 etiam

13 2228 202 2286 1aereses
221 2229 574 2309 barbarorum⁴
590 2232 654 2290 de
672 2232 913 2289 Romani
929 2233 1212 2313 magisterii
1233 2239 1493 2313 pravitate

13 2306 278 2370 luxerunt.
320 2334 378 2371 ac
416 2315 644 2392 proinde
672 2319 833 2372 etiam
864 2315 968 2372 hoc
1004 2316 1248 2373 nostrum
1288 2317 1361 2376 est
1380 2321 1487 2375 cri-

13 2414 117 2450 nen
136 2437 151 2458 ‚
184 2394 335 2473 quod
366 2398 554 2475 populi
576 2397 927 2455 barbarorum
948 2398 1177 2456 haeretici
1198 2398 1295 2458 effe
1315 2422 1488 2479 caepe-

19 2493 133 2533 unt.
175 2481 348 2534 Porro
383 2497 565 2535 autem
611 2500 879 2558 quantum
915 2481 978 2538 ad
1015 2481 1485 2541 conversationem

15 2556 336 2616 Betthorum
352 2579 441 2618 aut
462 2562 880 2620 Wandalorum
905 2566 1135 2642 pertinet
1152 2606 1168 2632 ,
1184 2565 1318 2644 quid
1337 2564 1485 2622 estin

14 2661 102 2720 [uo
143 2642 217 2697 eis
249 2659 676 2722 autxpraeponere
715 2667 815 2702 nos
841 2663 932 2700 aut
969 2648 1132 2703 etiam
1169 2667 1485 2726 comparare

14 2721 290 2782 voffimus?
320 2746 379 2783 ac
405 2730 643 2803 primum
677 2746 737 2783 ut
759 2728 822 2784 de
855 2723 1052 2786 affe6tu
1088 2751 1146 2785 ac
1164 2733 1382 2786 caritate
1402 2729 1486 2787 di·-

15 2824 109 2861 :am
127 2845 145 2872 ‚
174 2826 334 2883 quam
368 2812 689 2886 praecipuam
712 2813 989 2867 Dominus
1007 2811 1170 2868 docet
1188 2813 1287 2869 effe
1318 2817 1485 2869 virtu·

16 2906 102 2942 em
129 2924 144 2947 ‚
176 2893 229 2945 &
250 2910 414 2969 quam
433 2911 548 2948 non
566 2890 741 2949 solum
765 2913 857 2972 per
885 2913 1080 2951 omnes
1098 2895 1379 2973 scripturas
1406 2893 1485 2951 sa-

16 2988 143 3054 212⁵,
178 2966 269 3035 sed
286 2975 558 3056 etiamper
573 2973 748 3056 seipse
767 2968 1150 3118 ctommendat,
1182 2979 1363 3037 dicens
1382 3055 1418 3112 h
1428 2978 1486 3029 in

848 3077 879 3114 2-
1422 3072 1487 3110 OC
