1931 3428
323 135 657 192 LIBER
741 126 1312 199 QVARTVS-f
1502 136 1626 217 845'

3 217 289 299 privavit:
320 234 545 292 remque
586 211 855 296 publicam
889 213 1198 273 Romanam
1224 213 1460 291 ejusdem
1477 217 1619 281 filius
1661 224 1665 227 ’
1716 249 1722 256 ’

24 297 262 360 Eraclius
279 293 501 374 suscepit
518 296 829 376 regendam.

405 461 457 517 C
538 484 576 518 A
655 481 710 519 P.
790 463 1239 521 XXXVIII.

3 563 5 624 2
27 603 101 650 De
115 604 266 650 morte
281 588 454 664 Gtfiaelfi
469 590 619 656 duc‘u,
639 593 699 652 (φ
719 589 1065 664 depraedatione
1081 589 1381 664 forojulianae
1399 590 1542 659 urbis,
1559 595 1622 656 &-

0 668 2 715 ἶ
30 675 32 677 ’
155 679 321 730 ceteris
336 676 474 729 malis
488 693 584 748 quae
601 673 894 748 Langobardi
910 670 968 726 ab
982 672 1507 749 Hunnisfhntperpeffi.

31 812 273 939 CIrca
291 809 401 869 haec
424 830 668 887 tempora
687 829 776 866 rex
796 811 1058 867 Avarium
1076 850 1094 876 ‚
1130 827 1300 889 quem
1326 807 1402 874 sui
1436 814 1622 891 lingua

0 905 1 954 ἶ
165 894 444 950 Cacanum
464 895 725 970 appellant
745 932 760 953 ,
781 893 904 948 cum
923 891 1300 950 innumerabili
1319 895 1628 951 multitudi-

0 973 2 1034 ὲ
24 995 93 1031 ne
109 978 331 1032 veniens
348 1016 367 1042 ,
398 976 750 1032 Venetiarum
771 971 905 1031 fines
930 972 1189 1052 ingressus
1209 972 1299 1030 est.
1345 976 1492 1031 Huic
1516 977 1626 1032 Gi-

0 1064 1 1117 }
23 1053 186 1114 sulfus
200 1057 578 1131 Forojulianus
597 1057 705 1112 dux
725 1077 848 1112 cum
880 1056 1251 1135 Langobardis
1269 1078 1410 1136 quos
1429 1056 1623 1116 habere

0 1142 236 1217 {poterat
256 1138 504 1195 audafiaer
533 1143 785 1194 occurrit.
829 1139 929 1196 Sed
964 1142 1209 1215 quamvis
1228 1136 1357 1195 forti
1378 1139 1624 1197 animosi-

0 1218 2 1265 ἶ
23 1238 131 1277 tate
149 1239 338 1277 contra
354 1218 668 1277 immensam
706 1221 1111 1278 multitudinem
1131 1220 1332 1278 bellum
1351 1243 1474 1279 curn
1496 1244 1630 1301 pau-

24 1305 98 1358 cis
113 1322 339 1381 gereret,
362 1304 599 1380 undique
621 1321 802 1359 tamen
822 1303 1200 1381 circumseptus
1218 1323 1343 1360 cum
1362 1305 1626 1361 omnibus

0 1378 128 1441 'suis
145 1406 281 1462 pene
299 1387 567 1441 extinstus
586 1384 681 1440 est.
723 1388 879 1443 onr
895 1407 1021 1443 vero
1039 1383 1272 1461 ejusdem
1293 1384 1508 1454 Gisulfi‚
1525 1408 1632 1443 no-

2 1469 173 1522 mine
188 1468 477 1533 Romilda,
517 1487 641 1523 cum
659 1466 1034 1546 Langobardis
1053 1469 1148 1545 qui
1180 1466 1482 1538 evaserant,
1518 1467 1625 1528 five

2 1569 218 1606 eorum
257 1548 518 1607 uxoribus
537 1556 588 1606 &
608 1546 732 1606 filiis
761 1551 854 1626 qui
884 1553 940 1606 in
976 1551 1120 1607 bello
1156 1552 1418 1628 perierant
1439 1591 1456 1616 ,
1486 1554 1627 1608 intra

26 1651 312 1687 murorum
330 1630 1074 1706 Forojulianicastrimunivit
1094 1629 1258 1708 septa.
1299 1633 1449 1688 Huic
1478 1650 1630 1690 erant

2 1705 5 1779 ζ
25 1711 121 1769 filii
141 1712 284 1769 Taso
307 1719 361 1770 &
383 1713 534 1770 Caco
554 1754 569 1779 ,
601 1718 709 1787 jam
730 1712 1085 1770 adolescentes
1106 1735 1122 1780 ;
1141 1713 1453 1772 Radoaldus
1473 1736 1628 1784 vere,

28 1799 84 1852 &
105 1794 459 1852 Grimoaldus
478 1836 495 1862 ‚
520 1795 689 1862 adhuc
707 1797 760 1851 in
782 1797 969 1874 puerili
988 1813 1136 1854 aetate
1155 1814 1305 1853 erant
1323 1794 1623 1854 constituti.

5 1876 283 1933 Habebat
302 1898 431 1933 vero
451 1884 504 1934 &
523 1876 654 1934 filias
673 1896 909 1956 quatuor
927 1920 942 1945 ,
962 1899 1197 1958 quarum.
1214 1900 1318 1935 una
1332 1883 1509 1958 Appa,
1531 1880 1629 1936 alia

3 1964 7 2006 ἓ
30 1957 188 2016 Gaila
220 1960 542 2026 vocabatur,
577 1961 802 2016 duarum
836 1980 962 2017 vero
983 1963 1208 2017 nomina
1225 1981 1338 2018 non
1356 1979 1628 2018 tenemus.

2 2035 489 2099 &communierant
521 2040 573 2098 se
608 2063 832 2121 quoque
863 2040 1211 2122 Langobardi
1245 2049 1298 2100 &
1334 2046 1389 2100 in
1411 2044 1632 2122 reliquis

4 2126 8 2143 '
29 2121 206 2180 castris
224 2164 240 2189 ‚
276 2145 393 2201 quae
415 2123 495 2179 his
513 2126 682 2180 vicina
705 2142 853 2180 erant
870 2165 886 2184 ,
919 2124 1023 2181 hoc
1042 2123 1116 2181 est
1140 2168 1158 2194 ,
1195 2126 1251 2181 in
1273 2125 1588 2183 Cormones
1607 2166 1629 2193 ,

5 2204 274 2277 ,gNomaso
296 2247 311 2271 ‚
332 2204 525 2282 Osopo
544 2244 558 2265 ,
577 2209 801 2262 Artenia
817 2246 832 2271 ‚
847 2207 1060 2262 Reunia
1075 2248 1092 2274 ‚
1113 2205 1388 2265 Glemoiia
1405 2251 1420 2273 ,
1443 2209 1525 2265 vel
1544 2226 1631 2264 et-

5 2290 136 2346 iam
156 2290 212 2342 in
231 2286 490 2366 Ibligine‚
522 2292 674 2362 cujus
713 2286 907 2364 positio
939 2293 1172 2346 omnino
1196 2288 1632 2369 inexpugnabilis

5 2388 9 2394 ’
29 2367 227 2426 existit.
254 2372 369 2425 Pari
389 2372 547 2425 etiam
572 2368 741 2426 modo
761 2375 813 2435 ὅ(
831 2372 887 2426 in
904 2372 1118 2451 reliquis
1133 2368 1443 2440 castellis‚ne
1462 2373 1631 2428 Hun-

7 2482 9 2493 =
33 2455 116 2509 nis
136 2491 151 2517 ,
169 2450 274 2507 hoc
292 2450 387 2518 est,
410 2452 680 2509 Avaribus
695 2493 710 2519 ,
733 2452 902 2530 praeda
919 2452 1110 2510 fierent
1128 2494 1145 2521 ‚
1171 2453 1221 2511 se
1240 2455 1636 2511 communiere.

32 2537 237 2591 Avares
255 2553 383 2590 vero
422 2555 513 2611 per
532 2555 724 2590 omnes
759 2537 1234 2610 Forojulianorum
1267 2533 1400 2592 fines
1434 2532 1635 2591 discur-

34 2634 211 2672 rentes
232 2655 248 2682 ,
282 2617 742 2672 omniaincendiis
766 2621 1029 2696 &rapinis
1063 2616 1328 2675 vastantes
1349 2658 1365 2684 ‚
1394 2618 1635 2691 Foroiu-

35 2697 236 2754 lianum
264 2699 527 2775 oppidum
562 2698 844 2755 obsidione
878 2702 1128 2757 claudunt
1144 2742 1159 2769 ,
1193 2707 1247 2758 &
1279 2703 1411 2757 totis
1430 2700 1636 2757 viribus

6 2778 9 2797 ³
35 2799 342 2858 expugnare
360 2781 671 2836 moliuntur.
706 2784 923 2839 Horum
944 2784 1111 2847 rex,id
1130 2782 1638 2850 est‚CacanUS,dum

9 2931 11 2935 ι
37 2864 172 2917 circa
190 2883 376 2919 muros
404 2880 636 2919 armatus
666 2884 788 2920 curn
809 2886 1009 2943 magno
1028 2868 1271 2944 equitatu
1306 2863 1638 2943 perambula-

39 2959 120 3000 ret
137 2981 153 3005 ,
181 2960 277 3014 ut,
308 2967 412 3025 qua
433 2967 495 3004 ex
517 2963 663 3025 parte
683 2945 872 3005 urbem
890 2946 1092 3007 facilius
1110 2967 1414 3026 expugnare
1434 2942 1634 3023 posset,

1453 3045 1641 3104 inqui:
