2013 3418
393 169 1339 224 PRoLEGOMENA.'
1580 169 1647 233 1⁴1

20 263 175 330 perte
194 286 214 315 ‚
247 247 518 306 latitudinis
555 265 666 305 vero
703 266 802 322 quae
845 244 1089 322 nuffiuam
1129 264 1324 308 centum
1355 252 1512 311 millia
1537 257 1657 333 pas-

16 335 165 410 situm
186 331 422 398 excedat,
463 349 573 388 cum
598 339 654 388 in
683 332 848 387 multis
882 332 996 388 locia
1031 337 1323 391 contrac‘bior
1351 338 1653 397 inveniatur.

32 420 161 474 hunc
180 418 339 474 multae
357 412 696 488 circumsident
711 417 962 470 nationes.-
998 417 1126 472 Dani
1130 413 1373 492 siquidem
1409 418 1472 479 ὠ
1500 433 1657 479 sueo-

26 518 110 557 nes
124 537 141 564 ‚
179 518 297 575 quos
310 508 653 556 Nortmannos
671 515 891 555 vocamus
913 540 928 562 ,
947 504 1334 574 Septentrionale
1352 502 1490 558 littus
1523 506 1586 566 &
1605 527 1658 561 0-

31 601 164 640 mnes
180 585 231 639 in
248 602 299 639 eo
317 581 491 656 insulas·
508 595 677 638 tenent
693 619 712 647 ,
729 595 784 637 at
801 583 939 638 littm
957 579 1172 654 Australe
1190 585 1355 641 Sclavi
1378 583 1443 646 c&
1459 584 1575 659 Affli
1593 591 1657 651 ό-

27 668 127 722 aliae
144 661 329 737 diverste
360 666 578 721 incolunt
612 664 855 723 natio'nes.
897 663 1008 732 Hic
1030 666 1211 722 virille
1230 665 1481 730 ,dotans
1498 664 1657 738 sane,

26 745 113 803 sed
132 746 265 802 mire
285 742 569 803 confidens
586 787 604 815 ‚
638 766 805 826 quem
825 737 1075 804 &inodo
1100 747 1329 806 indicavi
1354 789 1370 816 ‚
1415 754 1658 825 conjun-

21 824 423 893 stionesaddita
455 827 631 908 legere
665 849 770 888 nos
803 850 904 909 pro
942 817 1178 909 Imperia?
1222 830 1379 904 jubet
1427 835 1492 896 ἔφ’
1537 854 1658 910 quos
1682 861 1696 878 2

25 920 359 968 Nortmannos
375 931 631 978 vocamus,
671 914 932 970 nimirum
971 931 1031 970 ut
1069 911 1164 971 soli
1197 911 1291 971 sub
1323 935 1391 971 eo
1427 920 1657 974 nomine
1689 926 1702 949 ⁵

24 992 330 1073 Norvvagii
359 995 746 1075 intelligantur.
791 995 964 1053 dicam
984 995 1057 1053 illi
1092 997 1245 1074 quod
1280 1000 1336 1053 in
1372 995 1516 1056 bello
1550 998 1659 1057 dici

31 1072 170 1132 solet
189 1116 206 1143 ‚
243 1095 359 1131 non
374 1075 579 1157 semper
598 1095 714 1135 tuta
735 1081 1030 1136 temeritas·
1072 1081 1378 1160 Norvvagii
1394 1121 1412 1148 ‚
1434 1098 1526 1138 aut
1545 1079 1579 1137 fi
1600 1082 1653 1140 id

26 1161 228 1223 maviS‚
269 1157 655 1218 Nortmannia
684 1160 871 1218 Suedis
889 1164 963 1218 ita
992 1161 1122 1219 dieti
1158 1161 1278 1220 sunt
1298 1202 1313 1224 ,
1349 1162 1499 1242 quod
1522 1165 1659 1220 Sue-

27 1239 226 1298 dorum
247 1243 481 1298 maxima
497 1263 556 1299 ac
590 1241 865 1321 potiffima
898 1246 1150 1323 portione
1170 1243 1271 1301 fint
1314 1247 1659 1324 Septentrio-

28 1322 276 1380 naliores.
320 1326 402 1379 At
436 1327 658 1404 longius
678 1323 784 1382 fitis
817 1326 1050 1403 Europae
1087 1329 1303 1406 populis
1334 1348 1529 1385 omnes
1562 1331 1657 1408 qui

28 1405 306 1461 Scanziarn
325 1405 576 1463 incolunt
604 1405 757 1464 bono
785 1412 905 1483 jure
936 1408 1064 1465 dieti
1092 1407 1532 1488 septentrionales
1555 1452 1574 1479 ,
1604 1410 1662 1469 id

27 1484 104 1543 est
136 1485 475 1542 Germanico
510 1485 760 1544 sermone
792 1493 1132 1548 Nortmanni
1177 1489 1283 1549 sive
1319 1492 1653 1560 Nortlendi‚

26 1566 317 1647 quomodo
344 1573 398 1624 ὅ(
429 1567 648 1626 Noricae
668 1570 836 1647 Alpes
857 1572 1160 1650 Noricique
1179 1574 1371 1652 populi
1389 1572 1454 1630 ab
1476 1576 1540 1631 iis
1557 1578 1652 1654 qui

27 1648 94 1708 ad
111 1648 334 1706 Adriam
355 1649 549 1707 colunt
564 1671 771 1708 nomen
793 1673 855 1708 ex
880 1649 980 1709 fitu
1001 1674 1248 1733 accepere
1264 1652 1385 1734 ipfis
1406 1676 1660 1733 pronun-
1679 1674 1699 1698 2

26 1735 220 1791 tiaturn
237 1730 526 1808 Nordrijck
547 1754 560 1789 ε
595 1730 663 1791 fic
685 1732 963 1811 Oostrijck
982 1777 999 1803 ‚
1034 1736 1186 1814 quod
1202 1739 1353 1795 latini
1376 1737 1654 1798 Austriam

28 1832 120 1872 aut
148 1812 482 1872 Austraciam
501 1812 737 1874 scribunt
757 1856 772 1878 ‚
808 1817 861 1875 id
893 1815 967 1874 est
1000 1839 1231 1899 regnum
1252 1820 1539 1879 Orientale
1572 1821 1693 1880 di-5

31 1898 180 1956 &cum
216 1897 399 1955 Galliae
436 1900 650 1977 populis
685 1899 1168 1959 Mediomatricum
1202 1924 1470 1983 regnum,
1504 1905 1654 1963 Ger-

30 1982 200 2037 manis
217 2000 346 2038 vero
364 1978 432 2038 fic
446 1980 706 2060 appellata
723 1986 1021 2041 Pannonia.
1063 1987 1287 2065 parique
1308 1985 1478 2043 modo
1500 1985 1654 2045 AEstii

30 2062 157 2120 diffl
189 2059 217 2118 a
253 2061 562 2120 Sueonibus
582 2068 677 2143 qui
695 2064 817 2145 ipfis
837 2066 900 2124 ad
920 2086 1106 2124 ortum
1125 2067 1246 2125 sunt
1267 2109 1284 2136 ‚
1319 2071 1528 2127 Saxone
1563 2075 1654 2128 in-

29 2161 278 2223 terprete.
321 2166 446 2203 nam
466 2145 713 2206 Orientis
746 2147 1076 2207 vocabulum
1097 2169 1246 2208 erant
1278 2154 1372 2231 qui
1390 2151 1502 2209 AEst
1521 2173 1653 2230 pro-

35 2230 372 2295 nuntiarent,
398 2230 540 2288 unde
556 2231 863 2289 Saxonibus
878 2231 1128 2290 AEstsexia
1145 2275 1163 2301 ‚
1178 2236 1258 2292 alii
1280 2236 1488 2312 plenius
1507 2235 1654 2293 Oost

31 2308 428 2388 eloquebantur
448 2336 462 2380 ;
494 2313 637 2371 unde
660 2313 888 2394 Pytheas
902 2315 1042 2393 apud
1062 2316 1386 2375 Strabonem
1405 2317 1507 2376 hos
1525 2320 1656 2378 dicit

31 2390 300 2458 Ostiaeos,
334 2392 631 2464 OstioneS,
670 2396 1007 2474 Stephanus:
1041 2400 1229 2458 eadem
1267 2419 1406 2459 terra
1424 2400 1655 2459 Austra-

29 2475 114 2534 via
125 2477 301 2533 Plinio
322 2498 335 2532 ε
353 2494 414 2535 ut
432 2476 824 2560 Austrogotthi
838 2479 1096 2561 Vopisc0,
1117 2486 1210 2563 qui
1231 2486 1395 2565 vulgo
1411 2485 1655 2542 Oostro-

0 2580 3 2583 ⁴
31 2555 242 2637 gotthi,
278 2564 331 2616 &
351 2561 841 2642 Langobardorum
871 2568 1025 2644 regni
1061 2587 1177 2645 pars
1210 2568 1430 2625 Austria
1464 2568 1652 2625 eadem

34 2640 241 2718 origine
271 2647 324 2698 &
376 2665 445 2701 ne
489 2645 547 2704 id
578 2646 730 2725 quod
775 2647 841 2704 de
875 2649 1330 2728 Normannorum
1376 2649 1651 2709 vocabulo

34 2718 174 2783 dixi,
209 2739 269 2779 ut
286 2726 368 2783 ille
391 2729 471 2786 vir
503 2732 798 2810 caeteroqui
828 2729 1057 2811 diligens
1075 2730 1209 2790 solet
1230 2777 1244 2798 ,
1277 2735 1406 2790 meo
1425 2731 1652 2789 arbitra-

34 2817 97 2858 tu
112 2803 287 2862 videar
307 2807 442 2866 velle
462 2829 789 2892 extorquere
813 2857 828 2879 ‚
861 2816 1241 2872 testimonium
1264 2814 1533 2874 denuntio
1552 2810 1651 2892 ipfi

32 2887 268 2963 primum
288 2890 599 2971 Eginhardo
622 2898 715 2974 qui
748 2897 853 2953 alio
885 2898 1106 2973 inloco.
1151 2903 1460 2957 Nortmanni
1479 2937 1494 2962 ,
1538 2899 1608 2951 ait
1632 2935 1651 2961 ,

32 2971 119 3047 qui
141 2974 273 3031 Dani
302 2991 535 3038 vocantur
572 2981 877 3058 generalem
911 2982 1326 3061 appellationem
1347 2979 1522 3070 addita
1540 2975 1662 3116 Ispe->

1461 3081 1540 3118 cia
1564 3080 1650 3118 10-

1749 695 2010 754 emmam.
