1888 3428
198 152 441 219 H1sT0
462 168 604 214 ΜΕ
643 151 871 212 VAND
892 167 1142 208 Amcffi
1182 150 1329 211 [ΑΒΖ
1369 157 1410 210 I.
1536 171 1612 227 29

67 239 218 298 onita
245 235 425 296 nostra
442 235 709 317 sperneres
726 237 933 312 priores
967 232 1031 301 acl
1064 251 1118 289 te
1136 235 1313 292 literas
1344 233 1612 294 dedimus.

64 343 86 381 t
103 319 319 402 quando
340 339 568 399 regnum
593 320 665 374 ita
686 335 743 372 ut
763 313 926 371 habes
943 312 1139 371 habere
1157 318 1238 375 vis
1256 356 1273 383 ,
1292 315 1485 373 habeas
1501 322 1616 394 ejus

49 422 268 463 uantum
287 395 649 458 habere‘Deus
666 396 815 455 finet.
854 394 1233 456 Hilderichum
1252 394 1432 455 saltem
1448 405 1501 455 ὅ(
1523 421 1616 458 cae-

42 507 132 543 um
148 486 440 542 Oamerem
462 479 790 558 fratremque
810 484 924 556 ejus
944 479 1008 536 ad
1029 500 1131 536 nos
1148 483 1308 537 mitte
1329 520 1347 547 ‚
1387 500 1446 536 ea
1461 478 1491 535 ὲ
1510 501 1616 537 no·-

47 573 88 626 is
109 585 417 646 accepturos
449 561 633 621 solatia
654 598 670 629 ‚
702 583 821 640 quae
853 565 1068 621 evenire
1087 559 1304 641 poffunt
1321 561 1402 618 his
1417 564 1511 641 qui
1533 582 1619 620 re-

47 671 177 708 num
196 667 284 706 aut
302 647 492 705 oculos
509 643 880 726 perdiderunu
926 645 980 700 Si
1000 649 1099 701 nec
1116 643 1222 702 hoc
1242 646 1617 722 impetramu5‚

45 753 120 789 on
154 733 290 788 ultra
309 733 576 810 patiemur
594 724 783 786 frustra
803 748 898 784 eos
933 724 1079 805 spem
1100 730 1157 784 in
1183 729 1416 783 amicitia
1439 725 1618 784 nostra

35 809 278 871 ollocasse
300 836 313 870 ι
359 833 533 890 neque
554 827 656 868 nos
687 829 808 867 reos
825 810 1094 868 tenebunt
1112 811 1266 887 pacta
1287 830 1414 866 cum
1442 809 1616 865 Gize-

30 895 150 953 icho
170 898 298 952 inita
317 906 336 960 ,‘
371 894 575 969 justum
610 897 723 968 ejus
756 891 1024 950 haeredem
1045 913 1162 949 non
1185 893 1324 950 bello
1345 895 1618 970 impeten-

26 999 80 1034 es
96 974 179 1034 sed
199 976 264 1033 ab
295 979 482 1051 injuria
512 976 864 1033 vindicantes·
908 974 1157 1033 Gelimer
1188 973 1270 1032 his
1303 975 1453 1032 lectis
1473 973 1617 1031 hunc

21 1080 54 1115 n
79 1058 305 1116 modum
324 1058 616 1138 respondit.
662 1060 782 1116 Nec
802 1059 853 1117 vi
885 1060 1038 1137 rapui
1057 1060 1350 1137 Imperium
1374 1098 1391 1123 ,
1428 1077 1527 1113 nec
1558 1059 1615 1113 in

31 1157 264 1222 ognatos
296 1140 555 1218 injustum
591 1143 886 1220 quicquam
925 1143 1144 1219 patravi.
1202 1141 1345 1198 Nam
1374 1138 1618 1196 Hilderi-

29 1222 163 1281 hum
197 1244 278 1279 res
312 1225 634 1281 molientem
670 1244 840 1280 novas
870 1228 923 1279 δε
952 1221 1225 1279 Gizerichi
1248 1219 1475 1300 posteris
1507 1241 1616 1278 no·-

39 1307 111 1362 ias
128 1346 146 1372 ,
174 1301 414 1364 destituit
445 1326 581 1384 gens
609 1304 1002 1363 Vandalorum.
1043 1325 1131 1361 me
1163 1304 1227 1361 ad
1246 1325 1475 1383 regnum
1498 1324 1616 1382 per-

42 1389 156 1443 uxit
176 1405 328 1453 aetaS‚
367 1387 553 1467 legum
571 1404 788 1445 vocatu?
852 1385 1024 1465 Qd
1044 1388 1240 1464 cuique
1271 1387 1479 1465 obtigit
1509 1388 1618 1441 im·-

42 1473 249 1535 crium,
283 1473 339 1526 in
360 1489 426 1524 eo
463 1490 737 1547 quemque
770 1469 1043 1525 elaborare
1062 1474 1152 1544 jus
1177 1488 1475 1546 verumque
1505 1466 1617 1525 est:

43 1572 116 1608 on
138 1570 253 1628 quae
274 1553 454 1607 alienae
472 1549 594 1606 sunt
613 1571 749 1607 curae
769 1590 785 1614 ‚
808 1549 895 1605 sua
911 1547 1102 1606 facere.
1149 1549 1409 1628 Regnum
1430 1547 1612 1606 habes,

0 1680 1 1683 ,
32 1636 232 1689 xternis
252 1649 306 1688 te
338 1629 553 1687 miscere
576 1632 712 1686 noli.
757 1633 808 1684 Si
839 1649 1002 1709 rupto
1035 1628 1215 1686 federe
1246 1635 1301 1686 in
1319 1650 1422 1686 nos
1445 1635 1620 1698 veniS,

43 1734 346 1772 ccurremus
365 1733 465 1791 pro
486 1712 664 1769 nostra
684 1714 839 1790 copia
856 1753 873 1778 ‚
908 1710 1250 1769 testificantes
1278 1715 1493 1770 Zenoni
1522 1718 1616 1786 ju·-

29 1815 143 1862 ata,
176 1798 262 1854 cui
282 1799 338 1852 in
365 1797 662 1872 Imperium
683 1792 983 1851 successisti.
1030 1799 1199 1850 Iratus
1219 1800 1273 1851 &
1305 1813 1429 1853 ante
1452 1794 1618 1852 Geli-

62 1881 135 1936 eri
153 1877 471 1943 Iustinianus
490 1917 508 1942 ‚
543 1875 636 1934 has
654 1875 748 1935 ubi
765 1879 942 1934 literas
957 1894 1226 1955 acceperat
1246 1921 1260 1941 ‚
1296 1879 1474 1934 multo
1497 1898 1620 1934 maa-

42 1963 158 2028 isin
177 1963 438 2018 ultionem
458 1958 707 2017 accensus
728 1956 803 2016 est
820 2000 837 2028 ‚
873 1957 1262 2039 constituitque
1281 1958 1426 2016 bello
1444 1959 1614 2017 Persi-

35 2064 70 2100 o
102 2042 151 2100 se
183 2064 345 2122 quam
378 2041 546 2121 posset
581 2045 820 2120 primum
851 2040 1155 2108 absolvere,
1185 2062 1246 2099 ut
1279 2046 1336 2098 in
1367 2038 1612 2100 Africam

30 2126 262 2201 rajiceret
281 2124 506 2182 bellum.
548 2128 693 2183 Nam
714 2131 767 2182 &
786 2123 851 2181 ad
871 2123 1088 2182 consilia
1101 2122 1254 2204 sagax
1273 2131 1462 2186 eran&
1479 2145 1615 2182 con-

31 2211 134 2265 ulta
165 2210 394 2288 impiger
428 2205 663 2287 exsequi.
723 2209 1037 2267 Revocatus
1074 2210 1243 2286 igitur
1279 2207 1346 2264 ab
1381 2207 1614 2265 Oriente

52 2287 282 2347 elisatius
301 2331 319 2358 ,
354 2286 470 2362 non
504 2293 653 2348 velut
681 2292 737 2346 in
766 2288 1008 2348 Africam
1046 2288 1348 2348 mittendus
1386 2293 1614 2369 (neque

38 2374 145 2428 nim
163 2370 256 2450 ipfi
275 2394 446 2451 neque
468 2373 554 2429 alii
572 2371 625 2429 id
643 2373 919 2431 dicebatur
939 2377 966 2452 )
1003 2371 1092 2432 sed
1108 2371 1256 2452 quafi
1287 2392 1615 2430 exoneratus

45 2454 129 2510 elli
147 2459 308 2514 curis:
348 2453 594 2536 facOtaque
614 2476 739 2512 cum
759 2455 923 2514 Perfis
952 2478 1052 2535 pax
1073 2497 1090 2524 ‚
1124 2477 1290 2534 quam
1317 2454 1468 2512 libris
1502 2457 1617 2513 aliis

46 2538 346 2594 artavimus.
390 2537 713 2596 Iustinianus
731 2543 786 2595 δε
804 2561 873 2595 eo
891 2561 1016 2596 cum
1037 2536 1192 2596 hoste
1207 2544 1262 2595 ὃς
1280 2538 1433 2596 domi
1450 2537 1614 2596 rebus

47 2637 141 2674 ene
160 2617 459 2677 constitutis
474 2660 492 2688 2
519 2621 585 2678 ad
602 2641 683 2679 res
704 2617 901 2681 Africae
920 2625 1080 2680 vertit
1095 2622 1363 2679 animum.
1400 2638 1462 2678 ut
1479 2642 1612 2680 vero

29 2697 317 2777 ignificavit
351 2703 746 2784 magistratibus
783 2709 838 2762 in
871 2705 1145 2763 Vandalos
1182 2710 1237 2761 δε
1273 2703 1614 2762 Gelimerem

40 2781 398 2858 xpeditionem
417 2786 467 2843 se
485 2788 666 2843 moliri
683 2825 700 2854 ‚
721 2787 906 2844 multis
923 2789 977 2844 id
995 2786 1260 2866 displicuit
1279 2828 1295 2855 ‚
1312 2789 1497 2844 animo
1518 2807 1615 2842 an-

43 2864 98 2917 io
130 2866 529 2927 revolventibus
562 2869 1099 2949 memorantibusque
1134 2873 1337 2928 Leonis
1370 2866 1612 2926 infelices

39 2962 258 3013 onan-1⁵2
290 2953 424 3013 mala
448 2949 709 3038 Bafilisci,
750 2971 892 3034 quot
909 2950 1141 3018 absumti
1158 2954 1393 3021 milites,
1433 2969 1616 3030 quan:

1488 3049 1612 3088 tum
