1888 3428
232 184 342 245 142
561 163 967 229 '‘PRocoPn
1010 158 1606 225 CAESAREENSISJ
1819 228 1828 230 ὴ

223 251 482 311 barbaros
501 267 704 305 nomen
726 245 819 302 est.
862 250 937 304 Ita
955 262 1137 301 autem
1158 243 1253 301 fibi
1271 243 1581 322 parentibus
1602 242 1829 324 praefuit,

222 353 286 393 ut
318 353 441 392 vere
472 330 790 408 Imperatori
822 330 1150 384 conveniens
1175 325 1580 384 decusffnullum
1601 324 1709 407 *ipfi
1733 327 1832 384 ab·

224 414 368 475 effer.
410 411 622 471 Iustitiae
642 431 872 490 magnus
891 412 937 465 ei
957 410 1130 465 cultus
1144 450 1161 476 ‚
1180 408 1474 488 legumque
1489 410 1719 489 diligens
1736 430 1832 468 cu..

220 497 409 557 stodia.
452 496 652 551 Terras
669 492 696 549 a
716 494 900 551 vicinis
919 489 1152 547 barbaris
1172 489 1394 547 servavit
1411 491 1657 559 intaecas,
1672 488 1832 549 soler·

220 584 306 639 tiae
323 574 756 653 fortitudinisque
778 572 1036 630 summu&
1076 575 1274 647 Injuria
1291 571 1633 631 subditorum
1652 594 1831 652 quen-³-

223 684 386 742 quam
408 681 505 717 nec
521 656 782 716 afficiebat
797 653 924 734 ipse,
947 676 1046 711 nec
1066 652 1198 711 affici
1219 653 1285 710 ab
1305 656 1415 711 aliis
1435 654 1656 722 sinebat,
1676 654 1831 712 dem-

219 763 284 802 to
306 744 454 823 quod
473 760 675 821 partem
694 758 950 817 agrorum
966 778 983 804 ,
1000 752 1162 817 quam
1183 737 1426 795 Odoacri
1445 738 1638 794 milites
1657 735 1831 814 poffe-
1870 729 1874 734 ’

220 828 409 884 derant
430 870 443 890 ‚
463 828 603 880 inter
621 819 668 878 se
689 819 894 877 Gotthi
914 824 1088 897 partiti
1107 818 1246 877 sunt.
1291 817 1475 877 Verbo
1495 821 1662 899 igitur
1677 823 1831 877 inva-

221 907 308 966 sor
327 951 342 976 ,
381 904 545 983 reipsa
574 910 871 983 Imperator
901 909 956 959 δε
984 902 1274 959 clarissimis
1306 901 1505 981 quibus
1539 902 1593 959 id
1625 921 1831 958 nomen
1883 902 1886 903 ⁷

223 989 677 1069 obtigerat‚„nulla
698 992 841 1064 parte
861 987 1041 1041 minor
1060 1026 1075 1050 ,
1096 987 1329 1042 multum
1348 983 1374 1041 ὲ
1390 983 1620 1041 Gotthis
1638 1027 1652 1049 ‚
1677 1002 1830 1063 aeque

221 1073 289 1129 ab
308 1073 451 1129 Italis
469 1067 744 1127 amabatur
762 1108 779 1134 ,
811 1086 963 1123 more
981 1063 1175 1123 scilicet
1197 1066 1420 1123 humani
1438 1068 1641 1147 ingenii
1663 1106 1680 1133 ‚
1713 1086 1830 1143 quo
1882 1072 1884 1075 ’

221 1152 286 1211 fit
324 1171 384 1211 ut
417 1173 541 1209 cum
573 1154 627 1206 in
646 1152 874 1226 irnperio
899 1148 1140 1228 gerendo
1162 1151 1242 1206 alii
1261 1150 1358 1205 alia
1373 1146 1659 1224 sequantur
1679 1146 1829 1203 insti-

216 1255 333 1293 tuta
351 1277 367 1303 ‚
407 1235 581 1291 statim
612 1232 814 1308 placeat
846 1234 1086 1307 regimen
1104 1270 1117 1295 ,
1152 1230 1352 1308 quibus
1371 1250 1452 1285 res
1486 1228 1513 1286 ὲ
1549 1247 1683 1286 voto
1703 1249 1831 1285 eve-

219 1322 379 1375 niunt
400 1334 594 1394 :grave
613 1312 674 1368 fit
698 1312 824 1375 illis,
839 1309 1038 1390 quibus
1058 1332 1169 1367 non
1190 1310 1216 1366 ἐ
1237 1309 1497 1368 sententia
1514 1331 1594 1367 res
1611 1310 1827 1367 cadunt.

215 1400 446 1478 Adeptae
463 1392 720 1475 potentiae
739 1392 859 1472 post
875 1413 1045 1449 annos
1062 1390 1261 1473 septem
1279 1399 1334 1450 &
1352 1397 1571 1473 triginta
1591 1435 1606 1458 ,
1640 1394 1831 1451 viven-

217 1481 270 1539 di
290 1478 418 1538 fecit
435 1477 603 1535 finem
622 1518 636 1539 ‚
657 1494 768 1534 tam
789 1472 1036 1532 hostibus
1053 1471 1259 1555 semper
1276 1473 1598 1533 formidatus
1617 1516 1634 1543 ,
1664 1495 1830 1553 quam

216 1567 412 1643 ingens
445 1559 521 1618 sui
550 1557 870 1617 desiderium
905 1555 1127 1615 subditis
1163 1561 1485 1637 relinquens·
1529 1558 1688 1632 Mors
1718 1561 1830 1632 ejus

219 1666 384 1724 quem
404 1647 459 1699 in
479 1641 706 1698 modum
726 1639 991 1698 acciderit,
1012 1639 1204 1696 dicam.
1248 1638 1597 1718 Symmachus
1613 1645 1666 1696 &
1682 1641 1830 1694 Boe-
1876 1678 1885 1712 3

219 1727 365 1783 thius
400 1731 512 1801 ejus
530 1742 697 1803 gener
721 1761 736 1783 ,
765 1717 1088 1777 nobilissima
1120 1722 1278 1799 stirpe
1311 1724 1414 1777 orti
1450 1724 1733 1778 Senatores
1771 1726 1829 1778 &

220 1805 557 1866 consulatum
575 1803 752 1880 adepti
771 1820 919 1860 erant
956 1823 970 1857 τ
1005 1803 1168 1860 ambo
1188 1805 1453 1882 sapientiae
1471 1801 1657 1860 studiis
1674 1823 1828 1859 exer·

220 1894 311 1949 citi
343 1933 358 1955 ,
395 1887 559 1946 ambo
589 1886 722 1962 juris
757 1883 1101 1949 observantes
1135 1884 1165 1942 s
1161 1907 1285 1964 upra
1321 1906 1485 1964 quam
1519 1885 1622 1941 dici
1659 1882 1828 1963 poffet

221 1989 372 2030 erant
410 1994 424 2027 ε
463 1971 641 2028 multis
659 1970 859 2023 civium
879 2006 895 2032 ‚
926 1969 1105 2024 multis
1125 1975 1177 2025 ὃ(
1197 1970 1428 2024 externis
1448 1970 1649 2045 promti
1672 1965 1824 2025 solari

219 2055 463 2132 inopiam
484 2095 498 2115 ‚
527 2048 669 2107 fama
685 2047 917 2128 insignes
934 2089 951 2115 ,
987 2049 1110 2105 inde
1131 2048 1701 2124 libiacerbiffimorum
1721 2048 1827 2105 ho-

216 2144 432 2194 minum
452 2134 709 2190 invidiam
738 2151 1017 2208 peperere:
1055 2133 1158 2187 His
1178 2135 1497 2203 calumniam
1517 2135 1572 2188 in
1590 2132 1710 2187 illos
1729 2128 1845 2209 ap?

217 2223 507 2298 petitarum
541 2234 717 2271 rerum
751 2233 1014 2270 novarum
1059 2213 1387 2270 struentibus
1420 2212 1584 2270 fidem
1620 2211 1822 2269 habens

186 2331 192 2335 ·
217 2295 629 2358 Theuderichus
658 2297 823 2353 vitam
856 2299 1066 2374 utrique
1097 2297 1295 2353 ademit
1315 2338 1332 2361 ‚
1362 2297 1509 2352 bona
1538 2295 1744 2374 redegit
1766 2297 1823 2351 in

216 2381 421 2441 fiscum.
463 2379 599 2436 Non
629 2378 818 2434 multis
837 2376 1026 2433 diebus
1048 2376 1164 2455 post
1185 2382 1403 2436 caenanti
1425 2381 1536 2458 regi
1555 2375 1825 2455 appositus

217 2462 519 2523 {ministris
548 2459 622 2516 est
643 2457 793 2538 piscis
809 2462 1162 2541 magnicaput
1193 2483 1206 2516 ε
1240 2461 1293 2518 id
1324 2459 1706 2515 Theudericho
1736 2478 1825 2514 ca-
1882 2531 1884 2533 ‚

216 2564 320 2627 put
340 2544 509 2605 visum
528 2541 681 2600 occisi
702 2561 872 2620 nuper
891 2538 989 2598 effe
1010 2542 1310 2622 Symmachi
1332 2584 1348 2608 ‚
1386 2539 1742 2619 dentibusque
1765 2542 1823 2600 in

216 2629 430 2689 labrum
448 2621 671 2684 inferius
689 2622 969 2702 impressiS,
991 2622 1294 2703 saevumque
1313 2630 1366 2681 &
1385 2622 1716 2680 horrendum
1736 2624 1824 2678 inS-
1860 2666 1863 2669 χ

215 2731 378 2772 tuens
412 2713 583 2767 minas
616 2704 711 2786 ipsi
744 2709 1024 2763 intentare.
1069 2702 1389 2763 Portentoso
1410 2705 1519 2762 visu
1540 2707 1823 2762 exterritus

217 2792 539 2875 ingentique
575 2784 788 2869 percuss
782 2808 841 2844 us
872 2785 1074 2867 frigore
1106 2786 1256 2845 cursu
1285 2786 1592 2845 cubiculum
1630 2788 1784 2865 petiit
1806 2797 1822 2840 εἰ

215 2875 465 2956 jussisque
498 2871 717 2930 insterni
741 2868 837 2927 fibi
855 2873 1038 2949 multis
1056 2870 1286 2929 vestibus
1304 2910 1321 2936 ,
1354 2873 1580 2948 quievit.
1620 2866 1746 2926 Post
1766 2866 1820 2924 id

217 2959 442 3041 Elpidio
460 2954 672 3039 medico
692 2973 747 3012 re
767 2955 920 3011 omni
941 2957 1215 3014 enuntiata
1233 2993 1252 3021 ‚
1287 2955 1342 3011 in
1362 2950 1741 3032 Symmachum
1760 2966 1818 3004 ac

1678 3033 1820 3090 Boe-s
