1888 3428
241 167 356 218 290
498 153 540 155 ”
591 151 968 203 PR‘ocoPn
1013 139 1550 199 CAEsAREENsm

227 230 380 286 latos
398 246 495 283 vos
514 229 712 285 caeteris
729 227 975 302 Auximo
993 220 1229 301 imposui
1248 262 1264 289 ‚
1293 221 1487 279 deinde
1511 242 1578 278 ne
1596 217 1848 281 Gottho'ss

236 330 360 368 rum
381 310 446 367 de
466 309 623 374 vobis
640 312 962 386 opinionem
995 305 1188 365 fallatis
1205 308 1300 383 qui
1320 303 1477 362 vobis
1495 301 1638 361 suam
1662 309 1717 360 &
1736 304 1853 362 Ra-

241 412 430 450 vennae
457 389 681 449 salutem
701 390 986 449 credidere.
1030 390 1134 444 His
1161 383 1473 465 conscriptis
1491 388 1689 467 Vitigis
1710 386 1854 442 rnul-

241 477 312 531 tis
329 475 488 531 donis
516 475 852 548 cumulatum
872 471 1156 529 hominem
1176 471 1420 526 remittit.
1466 472 1585 524 Isin
1606 465 1767 524 castra
1787 467 1854 524 ad

238 559 545 613 Auximum
565 557 629 612 ad
650 556 974 612 commilites
1007 549 1241 611 reversus
1268 591 1288 618 ‚
1333 549 1857 628 morbumrpraetem

233 639 318 706 dit
338 657 399 696 ut
431 639 494 695 ad
525 635 791 716 templum
825 636 975 715 quod
994 639 1049 692 in
1069 637 1322 713 proximo
1342 630 1419 689 est
1435 630 1701 689 secederet
1721 673 1739 699 ‚
1771 649 1857 688 at-

238 742 347 798 que
385 721 510 777 inde
546 717 849 798 progreffus
880 723 936 775 in
955 720 1140 776 locum
1176 714 1270 772 ubi
1289 712 1510 772 antehac
1530 713 1779 771 excubias
1797 710 1856 771 e-

237 819 423 880 gerat,
456 803 590 858 clam
613 800 737 858 suos
767 801 856 859 dat
890 802 1066 857 literas
1098 796 1515 854 Auximatibus.
1554 798 1656 853 Hae
1679 796 1772 852 ubi
1796 797 1856 852 in

239 885 441 963 vulgus
460 888 674 961 prolatae
695 881 815 941 sunt
830 924 846 951 ‚
881 902 1194 960 quanquam
1212 882 1358 959 gravi
1377 875 1518 934 fame
1539 896 1782 943 vexato&
1798 880 1857 933 in

237 965 386 1045 spem
407 987 621 1023 erexere
642 1006 658 1032 ‚
691 988 809 1042 quae
833 963 1010 1021 effecit
1033 985 1099 1019 ne
1115 959 1369 1018 Belisario
1388 963 1555 1017 multa
1572 960 1858 1015 blandien-
1883 966 1888 974 '

238 1052 281 1104 ti
299 1046 466 1104 semet
487 1066 746 1126 aptarent.
796 1052 1003 1104 Verum
1020 1043 1138 1123 post
1157 1047 1431 1122 aliquanto
1455 1083 1472 1110 ‚
1509 1061 1632 1098 cum
1654 1042 1855 1098 nullam

239 1128 689 1209 significationem
724 1132 985 1185 venientis
1028 1127 1055 1183 a
1100 1127 1361 1182 Ravenna
1395 1128 1660 1181 exercitus·
1686 1125 1859 1202 perci-

239 1231 432 1290 perent
451 1254 467 1279 ‚
510 1210 783 1290 magisque
807 1232 863 1267 ac
884 1211 1055 1288 magis
1073 1224 1249 1264 ureret
1270 1207 1439 1265 victus
1464 1208 1646 1281 inopia
1666 1246 1682 1272 ,
1707 1207 1857 1261 Bur-

241 1297 484 1350 centium
517 1294 712 1350 eodem
745 1313 860 1370 quo
883 1309 1002 1347 ante
1039 1292 1267 1345 mittunt
1285 1327 1302 1355 ‚
1333 1286 1386 1344 id
1420 1307 1590 1343 unum
1613 1285 1858 1344 indican-

242 1393 325 1432 tes
343 1378 478 1432 ultra
496 1376 608 1432 dies
628 1377 872 1454 quinque
894 1372 989 1430 fibi
1021 1392 1143 1428 cum
1164 1366 1306 1427 fame
1327 1386 1599 1427 certamen
1617 1389 1731 1424 non
1752 1365 1858 1426 du·

240 1477 501 1515 raturum.
550 1458 737 1515 Rediit
753 1458 840 1513 ille
860 1454 975 1534 spes
993 1472 1273 1511 renovatas
1291 1450 1317 1508 a
1332 1455 1516 1532 Vitige
1533 1447 1856 1508 ferenS.Iam

242 1546 296 1597 δέ
313 1543 604 1599 Romanos
624 1539 816 1600 taedere
836 1555 1057 1617 caeperat
1075 1577 1092 1603 ‚
1122 1535 1276 1615 quod
1293 1539 1350 1591 in
1383 1532 1500 1591 solo
1521 1530 1743 1612 frugum
1761 1555 1858 1591 va*

242 1643 348 1682 cuo
384 1626 479 1679 un‘i
515 1623 721 1700 oppido
756 1619 965 1678 tamdiu
1000 1618 1282 1675 assiderent
1303 1658 1321 1684 ‚
1367 1617 1590 1675 invicto·
1612 1613 1858 1674 adversus

241 1704 383 1760 mala
415 1704 770 1760 barbarorum
807 1705 1011 1758 animo.
1066 1699 1140 1756 ob
1173 1700 1228 1756 id
1264 1698 1550 1777 expetebat
1580 1694 1857 1755 Belisarius

243 1785 483 1860 hostium
499 1787 732 1864 aliquem
751 1825 766 1852 ‚
785 1791 837 1841 &
857 1782 892 1840 fi
911 1780 1078 1861 poffet
1099 1779 1474 1860 &primoribus
1489 1821 1506 1847 ‚
1523 1783 1708 1838 vivum
1725 1800 1860 1836 nan-

243 1867 362 1925 cisci
381 1907 398 1933 ,
438 1867 579 1925 unde
600 1863 819 1923 disceret
840 1884 955 1944 quae
987 1862 1137 1920 causa
1165 1862 1420 1919 barbaros
1454 1863 1518 1919 ad
1537 1879 1738 1919 tantam
1761 1882 1858 1939 pa-

243 1953 491 2006 tientiam
523 1947 858 2005 obfirmaret.
899 1948 1214 2005 Valerianus
1243 1943 1395 2024 quod
1417 1942 1709 2022 optabatur
1726 1941 1860 2001 effes

245 2033 465 2088 &urum
484 2029 533 2088 se
549 2035 765 2109 recepit.
810 2027 926 2085 Esse
945 2030 1165 2085 enimin
1195 2025 1282 2084 sua
1300 2025 1525 2084 cohorte
1543 2028 1721 2105 gentis
1741 2027 1858 2082 Sla-

244 2135 446 2172 vorum
478 2113 775 2170 nonnullos
809 2153 825 2180 ‚
875 2110 1073 2191 quibus
1106 2131 1185 2167 ars
1221 2106 1520 2166 delitescere
1554 2106 1651 2165 sub
1689 2128 1856 2186 parvo

247 2198 495 2274 quamvis
512 2193 633 2251 saxo
655 2212 744 2251 aut
776 2194 1013 2273 virgulto
1031 2234 1047 2260 ,
1084 2191 1278 2249 deinde
1305 2188 1500 2248 insultu
1539 2189 1748 2246 hostem
1769 2210 1856 2246 ra-

243 2299 372 2356 pere
388 2319 403 2339 ‚
435 2278 500 2335 ad
514 2275 756 2333 Danubii
777 2297 991 2334 amnem
1010 2319 1023 2338 ,
1059 2273 1152 2330 ubi
1170 2272 1346 2330 solum
1369 2274 1540 2349 natale
1556 2315 1570 2337 ‚
1592 2272 1646 2328 id
1660 2275 1715 2329 in
1731 2273 1877 2328 Ro-

244 2380 436 2418 manos
454 2358 826 2437 finitimosque
847 2357 1101 2414 barbaros
1119 2354 1357 2413 faffitare
1374 2352 1559 2412 solitis.
1597 2357 1750 2411 laetus
1764 2375 1856 2411 au—

244 2444 362 2500 dito
391 2441 668 2499 Belisarius
699 2438 931 2497 festinari
952 2443 1238 2519 negotium
1267 2437 1441 2513 jubet.
1491 2437 1803 2494 Valerianus
1824 2435 1873 2494 ὲ

245 2527 412 2581 Slavis
436 2524 609 2581 electo
634 2564 649 2590 ‚
683 2525 775 2601 qui
795 2542 1020 2598 corpore
1052 2524 1274 2600 iugem,
1308 2521 1490 2576 animo
1511 2517 1654 2576 haud
1673 2522 1854 2577 minor

245 2601 370 2663 effes:
390 2648 407 2674 ,
441 2605 659 2662 mandat
673 2608 857 2661 vivum
879 2622 938 2660 ut
972 2600 1210 2661 hostium
1239 2603 1472 2680 aliquem
1493 2604 1664 2678 capiat
1682 2639 1699 2665 ‚
1735 2621 1856 2657 ma-

242 2709 351 2768 gna
375 2685 671 2744 aBelisario
693 2688 906 2765 praemia
936 2683 1226 2742 ostentans.
1271 2685 1428 2741 Dixit
1461 2681 1781 2742 effecturum
1801 2681 1855 2740 se

244 2771 301 2829 id
318 2768 469 2827 facile
488 2792 555 2826 eo
574 2774 627 2826 in
648 2770 772 2825 loco
791 2767 884 2824 ubi
901 2766 1064 2824 herba
1082 2785 1192 2825 erat
1207 2810 1222 2831 ‚
1252 2772 1479 2845 quajam
1495 2765 1702 2844 pridem
1719 2761 1854 2834 sola,

245 2856 448 2921 caeteris
478 2852 639 2909 rebus
657 2847 1035 2923 deficientibus
1055 2891 1073 2918 ,
1107 2849 1311 2909 Gotthi
1335 2847 1695 2927 pascebantur.
1738 2848 1856 2904 Sla-

243 2955 349 3008 jvus
365 2956 495 3019 ergo
515 2952 635 2999 ante
655 2933 834 3017 luce-{m
862 2934 1137 3020 moenibus
1155 2933 1555 3015 propinquam,
1600 2946 1855 3012 vepreto-

930 3062 934 3063 γ
1745 3028 1859 3091 que
