1888 3428
238 156 351 211 218
588 154 965 209 PRocoPu
1009 151 1598 212 CAESAREENSISss

230 235 464 316 agminis
481 277 496 299 ,
513 253 602 303 ne,
617 231 652 290 fi
668 255 774 314 qua
788 232 1030 293 formido
1049 231 1311 291 incidiffet
1329 276 1344 302 ‚
1364 254 1482 293 tota
1500 237 1636 293 acies
1655 236 1855 297 turba-2

227 335 380 375 retur
397 334 546 394 :tum
570 335 630 374 ut
649 315 684 373 fi
703 338 808 395 qua
823 339 941 397 pars
975 321 1225 394 equitum
1253 318 1573 396 pelleretur,
1594 340 1660 375 ne
1679 322 1843 398 longa

228 401 332 457 illis
350 395 622 482 effet'fuga
640 441 656 467 ,
694 397 782 457 sed
802 401 995 479 peditis
1026 396 1260 458 subsidio
1294 396 1520 467 restituti
1539 405 1594 458 in
1626 402 1838 459 hostem

228 481 280 541 se
295 481 570 541 referrent.
585 481 654 540 sic
666 484 920 540 Romana
935 504 998 541 ex
1015 501 1159 563 parte
1173 480 1370 540 stru&a
1385 487 1626 541 acies.At
1642 488 1847 563 Vitigis

229 566 496 623 omnibus
515 566 743 623 Gotthis
762 587 906 623 arma
923 587 1106 646 capere
1128 562 1277 641 jussis
1297 606 1313 632 ‚
1331 566 1461 625 nihil
1493 569 1548 624 in
1568 564 1743 623 castris
1759 588 1847 624 re-

227 648 482 728 linquens
499 690 515 716 ‚
533 647 627 705 nifi
643 648 795 729 quod
809 648 1046 717 imbelle,
1065 649 1282 708 Marciae
1302 652 1549 729 praecepit
1573 650 1850 707 Neronia-

230 735 386 789 nisin
405 734 604 808 campis
626 750 685 789 ut
714 731 1058 801 consisteret,
1093 734 1339 790 intentus
1371 727 1555 811 pontis
1573 732 1636 790 ad
1666 732 1848 789 custo-

232 813 374 873 diam
395 839 411 882 ‚·
430 835 497 871 ne
518 815 634 872 illac
651 813 817 872 hostis
834 819 1157 894 irrumperet
1175 838 1190 873 ε
1209 812 1315 895 ipse
1335 814 1399 872 ad
1427 814 1476 872 se
1496 834 1724 872 vocatos
1746 836 1871 875 cae-.

231 914 380 955 teros
398 896 465 955 fic
483 898 793 976 alloquitur.
817 898 1065 969 Quidam
1087 919 1174 956 me
1192 894 1333 955 forte
1348 897 1414 956 de
1439 894 1668 978 imperio
1705 896 1853 955 solli—

231 981 401 1037 citum
423 998 615 1059 putent
631 1021 647 1047 ‚
667 980 743 1038 ob
757 980 811 1038 id
831 988 884 1039 &
903 1003 1119 1039 comem
1138 984 1196 1038 in
1216 977 1473 1038 vosfuiffe
1497 979 1718 1038 antehac
1742 1020 1758 1047 ‚
1795 984 1851 1037 δε

231 1083 379 1119 nunc
404 1062 468 1119 ad
487 1061 797 1121 audendum
814 1066 1161 1122 incitamenta
1180 1060 1398 1121 adferre.
1421 1084 1600 1143 neque
1615 1064 1854 1120 multum
1873 1084 1877 1087 ’

234 1144 302 1201 ab
319 1144 540 1215 humani
558 1148 764 1224 ingenii
783 1167 937 1204 more
957 1144 1212 1204 abhorret
1227 1167 1288 1204 ea
1307 1147 1629 1221 conjeetura.
1664 1148 1854 1203 Solent

234 1229 384 1284 enim
402 1231 495 1305 qui
516 1248 694 1283 rerum
715 1232 945 1305 imperiti
963 1226 1085 1285 sunt
1104 1227 1222 1295 ,his
1256 1249 1498 1307 quorum
1512 1222 1677 1307 opera
1710 1224 1854 1285 indi-

156 1353 158 1360 s
226 1318 368 1388 ‘gent
386 1352 400 1373 ‚
422 1330 734 1388 quanquam
754 1312 994 1368 multum
1012 1308 1151 1367 infra
1176 1308 1225 1366 fe
1246 1304 1431 1390 positis
1451 1309 1724 1377 ‚blandiri
1742 1350 1757 1376 ,
1795 1312 1853 1366 in

233 1393 367 1449 alios
401 1387 643 1449 difficiles
678 1388 811 1459 effe,
840 1392 1040 1474 quibus
1071 1391 1122 1450 se
1151 1413 1291 1471 opus
1307 1413 1422 1450 non
1445 1391 1641 1450 habere
1673 1390 1854 1449 existi-

235 1491 407 1532 mant.
450 1475 575 1551 Ego
596 1496 726 1534 vero
747 1496 924 1556 neque
946 1497 1044 1555 pro
1067 1481 1172 1534 vita
1192 1496 1370 1554 neque
1392 1496 1492 1555 pro
1510 1477 1754 1554 potentia
1773 1495 1856 1531 re-

233 1557 456 1622 tinenda
488 1555 605 1614 sum
627 1561 829 1615 anxius.
876 1561 1056 1618 Velim
1088 1559 1224 1616 hanc
1241 1557 1404 1615 hodie
1434 1577 1628 1615 exuere
1647 1573 1870 1636 purpu-‘A

235 1659 351 1696 ram
363 1659 424 1694 ea
442 1639 560 1718 lege
578 1656 638 1695 ut
655 1661 773 1697 eam
795 1641 1125 1699 alterinduat
1143 1640 1410 1697 Gotthus.
1455 1639 1733 1699 Theudati
1762 1662 1857 1697 ve-

237 1741 301 1777 ro
321 1724 526 1778 exitum
549 1723 711 1778 etiam
731 1721 953 1778 beatum
971 1724 1155 1797 judico
1177 1763 1193 1789 ,
1215 1724 1302 1778 cui
1322 1722 1510 1779 datum
1530 1722 1605 1779 est
1625 1723 1856 1802 popula-2

238 1806 381 1860 rium
401 1802 653 1860 manibus
672 1824 796 1861 cum
817 1825 987 1884 regno
1007 1801 1243 1861 animam
1263 1807 1543 1862 amittere:
1565 1805 1711 1862 Nam
1732 1826 1860 1882 pro-

238 1889 354 1966 pria
370 1888 637 1943 calamitas
652 1905 816 1966 gente
836 1905 954 1943 tota
975 1888 1238 1943 incolumi
1254 1926 1269 1947 ,
1287 1886 1428 1963 apud
1447 1884 1705 1964 sapientes
1716 1886 1859 1945 sola-⁶

238 1970 321 2025 tio
340 1989 456 2024 non
474 1986 639 2025 caret.
666 1989 853 2027 verum
871 1967 966 2026 ubi
986 1968 1357 2027 Vandalorum
1379 1966 1521 2026 casus
1537 1976 1588 2027 δέ
1606 1971 1857 2027 Gelime-

238 2053 311 2106 ris
327 2052 514 2107 ultima
546 2048 730 2129 spe6³to
752 2092 766 2112 ‚
805 2051 940 2108 nihil
976 2052 1249 2112 mediocre
1280 2070 1521 2108 mentem
1548 2050 1731 2109 subit:
1767 2051 1856 2111 sed

241 2131 493 2190 Gotthos
514 2136 758 2190 contueri
772 2134 960 2192 videor
975 2156 1096 2191 cum
1118 2137 1294 2213 parvis
1327 2133 1506 2191 liberis
1534 2131 1818 2193 servientes
1841 2158 1859 2193 ε

238 2231 362 2274 tum
397 2235 527 2271 vero
562 2236 757 2274 uxores
786 2216 980 2275 vestras
997 2258 1013 2285 ,
1044 2215 1363 2274 hominibus
1395 2219 1626 2275 maxime
1653 2215 1858 2275 infestis

240 2294 531 2354 foedissima
548 2298 851 2376 praestantes
885 2299 1178 2379 obsequia:
1208 2319 1296 2356 me
1316 2320 1444 2357 vero
1466 2340 1482 2366 ,
1521 2296 1575 2358 &
1593 2298 1858 2359 Theude-

240 2377 372 2440 richi
389 2400 451 2436 ex
485 2377 593 2437 filia
612 2398 870 2460 nepotem
892 2423 909 2450 ‚
939 2387 1026 2462 agi
1061 2395 1395 2462 quocunque
1431 2379 1596 2439 visum
1631 2384 1874 2441 viffitoriss

241 2461 365 2523 bus,
408 2462 543 2521 Haec
564 2484 661 2520 vos
679 2485 749 2520 ne
771 2467 1022 2523 eveniant
1038 2469 1290 2523 timentes
1306 2468 1361 2521 in
1377 2464 1482 2521 hoc
1502 2465 1744 2543 praelium
1767 2485 1858 2522 ac-
1887 2516 1888 2525 ,

242 2546 388 2625 cingi
403 2547 634 2624 cupiam.
681 2549 764 2603 Sic
781 2550 928 2604 enim
960 2551 1014 2604 in
1034 2570 1229 2628 pugnae
1265 2548 1391 2603 loco
1422 2566 1659 2604 mortem
1691 2569 1856 2627 quam
1886 2554 1888 2611 Ι

243 2631 407 2684 vitam
428 2645 639 2707 accepta
657 2628 799 2687 clade
819 2632 1093 2710 potiorem
1108 2629 1397 2688 habebitis.
1416 2651 1589 2688 unum
1609 2633 1756 2688 enim
1772 2628 1888 2702 νί-’ξ

243 2710 288 2770 ti
305 2706 475 2769 fortes
504 2713 703 2769 malum
738 2711 1078 2782 existimant,
1114 2714 1180 2772 ab
1201 2710 1353 2770 hoste
1375 2716 1532 2772 vinci.
1578 2714 1737 2770 Mors
1758 2734 1857 2770 au-
1885 2707 1888 2782 Ξ

243 2807 357 2850 tem
380 2832 395 2853 ‚
426 2791 599 2851 subita
631 2793 948 2872 praesertim,
980 2799 1143 2853 etiam
1173 2798 1267 2878 qui
1287 2814 1408 2853 ante
1427 2793 1667 2854 infelices
1701 2792 1857 2854 fuere

245 2875 435 2934 beatos
451 2873 589 2934 facit.
632 2878 767 2939 Haec
786 2900 882 2936 vos
901 2878 936 2936 fi
955 2877 1110 2937 effata
1137 2882 1327 2937 animis
1363 2882 1733 2959 imprimentes
1751 2899 1859 2957 pu-

245 2978 411 3040 gnam
431 2959 691 3041 capeffitis
707 3001 723 3029 2
742 2957 894 3022 facile
909 2959 1154 3022 hostibus
1171 2962 1466 3042 superiores
1502 2964 1649 3020 eritis
1664 3002 1682 3030 ³
1722 2981 1855 3016 nau-

1697 3039 1699 3041 .
1722 3015 1738 3040 Ι

1787 3044 1863 3098 eis
