1931 3428
249 162 584 218 LIBER
663 130 1253 210 SEchnvsj
1368 112 1386 139 ⁶
1465 128 1585 211 793'

0 270 110 311 :um
131 243 343 304 Alboin
372 257 463 317 per
482 250 717 314 portam,
741 246 858 307 quae
875 224 1070 281 dicitur
1099 220 1275 278 Sancti
1309 214 1590 283 Iohannis,

0 333 59 392 ab
82 325 345 388 Orientali
367 319 513 378 urbis
532 332 678 395 parte
696 311 942 386 introiret
959 346 974 368 ,
1009 322 1181 380 equus
1201 305 1314 375 ejus
1343 304 1400 356 in
1421 314 1592 377 portae

0 414 175 474 medio
189 403 498 468 concidenS,
515 396 759 478 quamvis
777 384 1064 449 calcaribus
1079 381 1598 459 stimulatus‚quam-

0 501 74 560 vis
90 495 214 552 hinc
233 487 357 547 inde
377 485 444 542 ab
463 481 680 540 stratore
700 469 1013 535 verberibus
1030 462 1190 523 caesus
1206 504 1222 530 ‚
1252 482 1365 519 non
1383 459 1597 538 poterat

0 577 204 638 elevari.
245 571 412 626 Tunc
431 585 572 623 unus
591 583 652 619 ex
675 555 866 616 eisdem
880 545 1253 629 Langobardis
1268 587 1284 608 ‚
1323 544 1496 599 taliter
1517 563 1603 598 re-

0 680 122 744 gem
142 658 403 714 allocutus
419 647 510 713 est,
528 646 708 703 dicens
729 660 743 694 ε
765 639 1057 693 Memento
1077 629 1301 688 domine
1317 627 1459 692 Rex,
1474 645 1606 702 qua-

0 748 46 803 le
67 758 262 799 votum
284 730 500 794 vovisti.
543 730 745 802 Frange
763 738 875 777 tam
894 716 1092 774 durum
1111 729 1330 776 votum,
1347 713 1401 765 &
1421 710 1606 785 ingre-

0 825 158 888 dieris
179 818 392 878 urbem.
434 817 577 873 Vere
612 806 814 864 etenim
836 797 1174 857 Christianus
1188 790 1263 850 est
1295 790 1608 870 populusin

1 906 100 967 bac
120 905 347 962 civitate.
392 890 666 973 Siquidem
691 884 901 943 Alboin
922 898 1140 939 voverat
1158 919 1174 943 ,
1213 874 1367 955 quod
1389 874 1611 930 univer—

7 989 126 1049 sum
146 983 412 1066 populum
433 1018 449 1045 ,
481 977 608 1054 quia
624 968 673 1029 se
694 966 899 1026 tradere
921 958 1171 1022 noluisset
1189 1003 1203 1024 ,
1226 957 1408 1038 gladio
1430 956 1613 1011 extin-

6 1083 232 1153 *gueretp
254 1064 370 1132 Qui
393 1057 680 1139 postquam
713 1053 814 1108 tale
834 1065 1030 1110 votum
1048 1045 1385 1120 dirumpenS,
1406 1035 1615 1094 civibus

9 1150 399 1229 indulgentiam
430 1135 677 1221 promisit
704 1178 721 1204 ,
772 1153 900 1190 mox
933 1148 1105 1207 equus
1135 1131 1249 1200 ejus
1292 1120 1616 1197 consurgit,

11 1233 119 1316 ipse
138 1235 408 1288 civitatem
430 1217 710 1303 ingrefl'us‚
730 1218 856 1274 nulii
877 1210 1144 1286 laefionem
1164 1203 1400 1264 inferens
1418 1243 1433 1270 ,
1452 1204 1507 1258 in
1529 1197 1620 1257 sua

11 1311 364 1396 promiffione
400 1300 706 1387 permanfit.
750 1301 915 1356 Tunc
934 1294 995 1351 ad
1029 1313 1155 1348 eum
1175 1289 1355 1346 omnis
1384 1283 1621 1364 populus

16 1404 74 1458 in
94 1398 374 1476 palatium,
393 1389 544 1467 quod
564 1381 840 1464 quondam
855 1380 971 1434 Rex
990 1372 1366 1431 Theudericus
1380 1364 1626 1423 constru÷

18 1498 168 1539 xerat
189 1492 512 1537 concurrens
530 1509 546 1536 a
564 1465 681 1546 post
699 1482 870 1521 tantas
890 1463 1131 1518 animum
1152 1452 1383 1511 miserias
1400 1488 1418 1518 ‚
1450 1447 1513 1506 de
1533 1444 1624 1527 spe

17 1570 129 1643 jam
149 1559 290 1623 fidus
307 1556 489 1616 futura
508 1594 523 1615 ‚
559 1552 723 1629 coepit
743 1546 998 1603 relevare.

373 1694 434 1759 C
537 1714 585 1755 A
683 1710 738 1751 P.
884 1674 1289 1750 XXVIII.

71 1839 317 1919 Qomodo
337 1835 501 1893 Alboin
516 1871 532 1897 ‚
560 1827 816 1908 postquam
845 1823 993 1879 tribus
1020 1819 1243 1895 regnavit
1260 1821 1398 1871 annis
1415 1851 1430 1875 ‚
1475 1829 1592 1868 con-

209 1958 215 1961 κ
216 1922 328 1997 filio
334 1919 428 1995 fitae
447 1914 657 1993 conjugis
683 1952 699 1979 ,
729 1911 787 1968 ab
804 1905 1063 1966 Helmichis
1079 1900 1351 1975 interfestns
1373 1893 1455 1971 est.

197 2062 268 2118 Vi
286 2062 405 2117 Rex
424 2052 709 2136 postquam
730 2052 784 2106 in
803 2047 948 2105 Italia
962 2060 1070 2102 tres
1090 2059 1262 2097 annos
1293 2042 1347 2093 &
1376 2031 1460 2091 sex
1491 2050 1642 2087 men-

44 2067 279 2219 Qses
313 2142 593 2219 regnavit,
637 2132 834 2191 insidiis
869 2127 967 2186 suae
1004 2125 1253 2202 conjugis
1285 2122 1645 2192 interemptus

46 2226 137 2286 est.
187 2221 360 2282 Causa
380 2241 562 2278 autem
581 2212 974 2275 interfectionis
995 2213 1106 2283 ejus
1135 2206 1245 2262 haec
1260 2199 1383 2258 fuit.
1418 2200 1565 2254 Cum
1589 2198 1647 2251 in

11 2320 14 2325 ’
49 2310 304 2373 convivio
329 2346 346 2374 ,
380 2304 517 2361 ultra
537 2321 699 2380 quam
721 2310 1039 2374 oportuerat
1056 2333 1070 2354 ,
1103 2285 1243 2368 apud
1260 2289 1539 2344 Veronam
1561 2280 1652 2334 lae-

47 2412 136 2457 tus
161 2388 406 2447 refideret
437 2428 453 2454 ,
496 2405 620 2442 cum
643 2380 844 2462 poculo
867 2374 1018 2456 quod
1054 2371 1119 2429 de
1139 2373 1312 2449 capite
1334 2366 1654 2422 Cunimunae

52 2475 107 2533 di
140 2475 280 2551 regis
302 2512 317 2537 ,
351 2468 426 2532 sui
444 2466 612 2525 soceri
631 2507 646 2534 ,
686 2462 913 2526 fecerat,
957 2458 1152 2536 reginae
1172 2453 1235 2510 ad
1256 2446 1555 2507 bibendum
1572 2445 1656 2501 vi·-

55 2577 190 2617 num
212 2554 320 2611 dari
340 2552 590 2631 praecepit
607 2588 622 2615 ‚
659 2563 820 2624 atque
841 2562 956 2598 eam
979 2557 1038 2597 ut
1055 2558 1178 2594 cum
1200 2551 1344 2615 patre
1363 2530 1457 2587 suo
1478 2527 1659 2586 laetan-

57 2657 138 2697 ter
171 2636 418 2702 biberet,
453 2633 721 2691 invitavit.
762 2626 892 2683 Hoc
922 2644 988 2680 ne
1020 2623 1107 2685 cui
1139 2618 1383 2677 videatur
1413 2604 1664 2688 impoffi-

60 2720 170 2777 bile
192 2760 208 2787 ,
236 2720 510 2780 veritatem
529 2717 585 2771 in
607 2707 826 2774 Christo
859 2709 1078 2784 loquor.
1129 2721 1236 2782 ego
1264 2698 1370 2755 hoc
1402 2693 1663 2774 poculum

65 2801 205 2867 vidi,
236 2802 292 2856 in
313 2796 551 2878 quodam
571 2796 654 2853 die
685 2790 857 2854 festo,
902 2785 1124 2846 Ratchis
1157 2783 1488 2861 principem,
1520 2790 1581 2829 ut
1602 2772 1670 2827 il·-

66 2883 162 2946 lud
191 2883 435 2938 convivis
470 2876 572 2935 suis
604 2874 930 2939 ostentaret,
965 2881 1127 2926 manu
1147 2881 1443 2924 tenentem.
1492 2857 1669 2933 Igitur

68 2962 418 3029 Rosemunda
438 2959 532 3024 ubi
550 2980 664 3019 rem
680 2954 1077 3018 animadvertit,
1095 2950 1262 3007 altum
1283 2939 1595 3018 concipiens
1612 2936 1671 2991 in

857 3038 913 3095 D
935 3035 967 3094 d
988 3035 1020 3092 d
1070 3050 1093 3109 5
1506 3015 1671 3074 corde
