<?xml version="1.0" encoding="UTF-8"?>
<!DOCTYPE html PUBLIC "-//W3C//DTD XHTML 1.0 Transitional//EN"
    "http://www.w3.org/TR/xhtml1/DTD/xhtml1-transitional.dtd">
<html xmlns="http://www.w3.org/1999/xhtml" xml:lang="en" lang="en">
 <head>
  <title>
</title>
<meta http-equiv="Content-Type" content="text/html;charset=utf-8" />
  <meta name='ocr-system' content='tesseract 3.04.00' />
  <meta name='ocr-capabilities' content='ocr_page ocr_carea ocr_par ocr_line ocrx_word'/>
</head>
<body>
  <div class='ocr_page' id='page_1' title='image "./historiagotthoru00grot_0405.png"; bbox 0 0 1888 3428; ppageno 0'>
   <div class='ocr_carea' id='block_1_1' title="bbox 0 150 1647 3122">
    <p class='ocr_par' dir='ltr' id='par_1_1' title="bbox 0 150 1647 3105">
     <span class='ocr_line' id='line_1_1' title="bbox 156 150 1624 243; baseline 0.01 -36"><span class='ocrx_word' id='word_1_1' title='bbox 156 150 606 211; x_wconf 70' lang='lat' dir='ltr'>Go‘rTHicffi</span> <span class='ocrx_word' id='word_1_2' title='bbox 645 153 1063 213; x_wconf 56' lang='lat' dir='ltr'>HISTORIA:</span> <span class='ocrx_word' id='word_1_3' title='bbox 1105 160 1252 214; x_wconf 71' lang='lat' dir='ltr'>Lm.</span> <span class='ocrx_word' id='word_1_4' title='bbox 1294 166 1380 220; x_wconf 81' lang='grc' dir='ltr'>ΙΙ.</span> <span class='ocrx_word' id='word_1_5' title='bbox 1509 187 1624 243; x_wconf 83' lang='lat'>239</span> 
     </span>
     <span class='ocr_line' id='line_1_2' title="bbox 12 233 1630 323; baseline 0.012 -35"><span class='ocrx_word' id='word_1_6' title='bbox 12 235 250 311; x_wconf 81' lang='lat' dir='ltr'>pertinet</span> <span class='ocrx_word' id='word_1_7' title='bbox 266 274 283 301; x_wconf 86' lang='lat'>‚</span> <span class='ocrx_word' id='word_1_8' title='bbox 319 239 527 293; x_wconf 86' lang='lat' dir='ltr'>nemini</span> <span class='ocrx_word' id='word_1_9' title='bbox 554 233 924 293; x_wconf 79' lang='lat' dir='ltr'>concesserim.</span> <span class='ocrx_word' id='word_1_10' title='bbox 969 239 1023 294; x_wconf 88' lang='lat' dir='ltr'>Si</span> <span class='ocrx_word' id='word_1_11' title='bbox 1057 240 1190 318; x_wconf 88' lang='lat' dir='ltr'>quid</span> <span class='ocrx_word' id='word_1_12' title='bbox 1210 243 1353 300; x_wconf 90' lang='lat' dir='ltr'>aliud</span> <span class='ocrx_word' id='word_1_13' title='bbox 1389 244 1630 323; x_wconf 80' lang='lat' dir='ltr'>postula-</span> 
     </span>
     <span class='ocr_line' id='line_1_3' title="bbox 17 308 1629 396; baseline 0.011 -25"><span class='ocrx_word' id='word_1_14' title='bbox 17 318 86 371; x_wconf 86' lang='lat' dir='ltr'>tis</span> <span class='ocrx_word' id='word_1_15' title='bbox 106 353 124 380; x_wconf 89' lang='lat'><em>,</em></span> <span class='ocrx_word' id='word_1_16' title='bbox 145 336 296 373; x_wconf 87' lang='lat' dir='ltr'>aures</span> <span class='ocrx_word' id='word_1_17' title='bbox 314 308 545 396; x_wconf 66' lang='lat' dir='ltr'>praebeO.</span> <span class='ocrx_word' id='word_1_18' title='bbox 589 316 795 375; x_wconf 89' lang='lat' dir='ltr'>Gotthi</span> <span class='ocrx_word' id='word_1_19' title='bbox 825 317 1032 376; x_wconf 87' lang='lat' dir='ltr'>rursum</span> <span class='ocrx_word' id='word_1_20' title='bbox 1056 345 1072 386; x_wconf 80' lang='grc'>,-</span> <span class='ocrx_word' id='word_1_21' title='bbox 1093 343 1215 379; x_wconf 86' lang='lat' dir='ltr'>vera</span> <span class='ocrx_word' id='word_1_22' title='bbox 1236 345 1338 381; x_wconf 88' lang='lat' dir='ltr'>nos</span> <span class='ocrx_word' id='word_1_23' title='bbox 1356 327 1538 388; x_wconf 78' lang='lat' dir='ltr'>dixisse</span> <span class='ocrx_word' id='word_1_24' title='bbox 1561 353 1629 389; x_wconf 91' lang='lat' dir='ltr'>ne</span> 
     </span>
     <span class='ocr_line' id='line_1_4' title="bbox 15 397 1631 480; baseline 0.012 -28"><span class='ocrx_word' id='word_1_25' title='bbox 15 417 114 453; x_wconf 91' lang='lat' dir='ltr'>vos</span> <span class='ocrx_word' id='word_1_26' title='bbox 135 398 355 476; x_wconf 71' lang='lat' dir='ltr'>quidem</span> <span class='ocrx_word' id='word_1_27' title='bbox 375 397 518 480; x_wconf 83' lang='lat' dir='ltr'>fugit</span> <span class='ocrx_word' id='word_1_28' title='bbox 536 442 552 466; x_wconf 94' lang='lat'>‚</span> <span class='ocrx_word' id='word_1_29' title='bbox 588 400 673 459; x_wconf 89' lang='lat' dir='ltr'>sed</span> <span class='ocrx_word' id='word_1_30' title='bbox 695 420 763 457; x_wconf 90' lang='lat' dir='ltr'>ne</span> <span class='ocrx_word' id='word_1_31' title='bbox 799 403 1126 461; x_wconf 77' lang='lat' dir='ltr'>contentiosi</span> <span class='ocrx_word' id='word_1_32' title='bbox 1154 406 1433 466; x_wconf 87' lang='lat' dir='ltr'>videamur</span> <span class='ocrx_word' id='word_1_33' title='bbox 1451 452 1469 479; x_wconf 89' lang='lat'>,</span> <span class='ocrx_word' id='word_1_34' title='bbox 1505 417 1631 471; x_wconf 82' lang='lat' dir='ltr'>Sici-</span> 
     </span>
     <span class='ocr_line' id='line_1_5' title="bbox 13 478 1630 572; baseline 0.011 -39"><span class='ocrx_word' id='word_1_35' title='bbox 13 478 172 546; x_wconf 88' lang='lat' dir='ltr'>liam,</span> <span class='ocrx_word' id='word_1_36' title='bbox 195 499 398 538; x_wconf 86' lang='lat' dir='ltr'>tantam</span> <span class='ocrx_word' id='word_1_37' title='bbox 429 501 649 563; x_wconf 85' lang='lat' dir='ltr'>tamque</span> <span class='ocrx_word' id='word_1_38' title='bbox 667 482 892 541; x_wconf 89' lang='lat' dir='ltr'>divitem</span> <span class='ocrx_word' id='word_1_39' title='bbox 929 482 1154 546; x_wconf 89' lang='lat' dir='ltr'>insulam</span> <span class='ocrx_word' id='word_1_40' title='bbox 1176 530 1193 556; x_wconf 88' lang='lat'><em>,</em></span> <span class='ocrx_word' id='word_1_41' title='bbox 1227 510 1294 545; x_wconf 91' lang='lat' dir='ltr'>en</span> <span class='ocrx_word' id='word_1_42' title='bbox 1326 491 1485 549; x_wconf 87' lang='lat' dir='ltr'>vobis</span> <span class='ocrx_word' id='word_1_43' title='bbox 1504 516 1630 572; x_wconf 89' lang='lat' dir='ltr'>per-</span> 
     </span>
     <span class='ocr_line' id='line_1_6' title="bbox 13 562 1629 653; baseline 0.012 -38"><span class='ocrx_word' id='word_1_44' title='bbox 13 564 321 630; x_wconf 84' lang='lat' dir='ltr'>mittimus,</span> <span class='ocrx_word' id='word_1_45' title='bbox 361 563 465 621; x_wconf 87' lang='lat' dir='ltr'>fine</span> <span class='ocrx_word' id='word_1_46' title='bbox 485 587 591 643; x_wconf 87' lang='lat' dir='ltr'>qua</span> <span class='ocrx_word' id='word_1_47' title='bbox 625 586 692 621; x_wconf 89' lang='lat' dir='ltr'>ne</span> <span class='ocrx_word' id='word_1_48' title='bbox 723 562 919 625; x_wconf 81' lang='lat' dir='ltr'>Africae</span> <span class='ocrx_word' id='word_1_49' title='bbox 954 569 1177 647; x_wconf 86' lang='lat' dir='ltr'>quidem</span> <span class='ocrx_word' id='word_1_50' title='bbox 1195 587 1314 629; x_wconf 87' lang='lat' dir='ltr'>tuta</span> <span class='ocrx_word' id='word_1_51' title='bbox 1351 572 1629 653; x_wconf 82' lang='lat' dir='ltr'>poffeffio.</span> 
     </span>
     <span class='ocr_line' id='line_1_7' title="bbox 10 644 1628 737; baseline 0.011 -38"><span class='ocrx_word' id='word_1_52' title='bbox 10 644 132 700; x_wconf 89' lang='lat' dir='ltr'>Nos</span> <span class='ocrx_word' id='word_1_53' title='bbox 168 665 331 713; x_wconf 75' lang='grc' dir='ltr'><strong>νει-ο,</strong></span> <span class='ocrx_word' id='word_1_54' title='bbox 366 650 544 726; x_wconf 87' lang='lat' dir='ltr'>inquit</span> <span class='ocrx_word' id='word_1_55' title='bbox 576 645 886 716; x_wconf 84' lang='lat' dir='ltr'>Belisarius‚</span> <span class='ocrx_word' id='word_1_56' title='bbox 928 653 1261 710; x_wconf 82' lang='lat' dir='ltr'>Britanniam</span> <span class='ocrx_word' id='word_1_57' title='bbox 1294 655 1433 715; x_wconf 83' lang='lat' dir='ltr'>haud</span> <span class='ocrx_word' id='word_1_58' title='bbox 1462 661 1628 737; x_wconf 88' lang='lat' dir='ltr'>paulo</span> 
     </span>
     <span class='ocr_line' id='line_1_8' title="bbox 11 729 1629 820; baseline 0.014 -41"><span class='ocrx_word' id='word_1_59' title='bbox 11 729 275 799; x_wconf 82' lang='lat' dir='ltr'>majorem</span> <span class='ocrx_word' id='word_1_60' title='bbox 300 730 567 796; x_wconf 42' lang='lat' dir='ltr'>Sicilia&amp;</span> <span class='ocrx_word' id='word_1_61' title='bbox 590 731 830 787; x_wconf 84' lang='lat' dir='ltr'>Romani</span> <span class='ocrx_word' id='word_1_62' title='bbox 851 735 1149 811; x_wconf 82' lang='lat' dir='ltr'>antiquitus</span> <span class='ocrx_word' id='word_1_63' title='bbox 1176 740 1340 813; x_wconf 84' lang='lat' dir='ltr'>juris,</span> <span class='ocrx_word' id='word_1_64' title='bbox 1368 740 1629 820; x_wconf 77' lang='lat' dir='ltr'>largimur</span> 
     </span>
     <span class='ocr_line' id='line_1_9' title="bbox 13 807 1629 905; baseline 0.012 -42"><span class='ocrx_word' id='word_1_65' title='bbox 13 807 256 866; x_wconf 80' lang='lat' dir='ltr'>Gotthis.</span> <span class='ocrx_word' id='word_1_66' title='bbox 277 832 370 888; x_wconf 88' lang='lat' dir='ltr'>par</span> <span class='ocrx_word' id='word_1_67' title='bbox 388 817 534 867; x_wconf 91' lang='lat' dir='ltr'>enim</span> <span class='ocrx_word' id='word_1_68' title='bbox 574 810 850 870; x_wconf 86' lang='lat' dir='ltr'>beneficiis</span> <span class='ocrx_word' id='word_1_69' title='bbox 884 814 1268 894; x_wconf 75' lang='lat' dir='ltr'>respondentes</span> <span class='ocrx_word' id='word_1_70' title='bbox 1301 820 1484 880; x_wconf 85' lang='lat' dir='ltr'>referri</span> <span class='ocrx_word' id='word_1_71' title='bbox 1504 847 1629 905; x_wconf 80' lang='lat' dir='ltr'>gra-</span> 
     </span>
     <span class='ocr_line' id='line_1_10' title="bbox 7 890 1624 981; baseline 0.015 -36"><span class='ocrx_word' id='word_1_72' title='bbox 7 890 128 946; x_wconf 82' lang='lat' dir='ltr'>tiaS.</span> <span class='ocrx_word' id='word_1_73' title='bbox 171 894 259 949; x_wconf 89' lang='lat' dir='ltr'>Ne</span> <span class='ocrx_word' id='word_1_74' title='bbox 279 892 313 948; x_wconf 83' lang='lat' dir='ltr'>fi</span> <span class='ocrx_word' id='word_1_75' title='bbox 333 893 397 949; x_wconf 89' lang='lat' dir='ltr'>de</span> <span class='ocrx_word' id='word_1_76' title='bbox 420 894 721 971; x_wconf 77' lang='lat' dir='ltr'>Campania</span> <span class='ocrx_word' id='word_1_77' title='bbox 736 896 958 975; x_wconf 85' lang='lat' dir='ltr'>quidem</span> <span class='ocrx_word' id='word_1_78' title='bbox 980 918 1071 957; x_wconf 88' lang='lat' dir='ltr'>aut</span> <span class='ocrx_word' id='word_1_79' title='bbox 1106 903 1342 981; x_wconf 75' lang='lat' dir='ltr'>Neapoli</span> <span class='ocrx_word' id='word_1_80' title='bbox 1362 905 1624 970; x_wconf 78' lang='lat' dir='ltr'>dicamus,</span> 
     </span>
     <span class='ocr_line' id='line_1_11' title="bbox 5 973 1626 1069; baseline 0.014 -42"><span class='ocrx_word' id='word_1_81' title='bbox 5 978 270 1049; x_wconf 88' lang='lat' dir='ltr'>accepturi</span> <span class='ocrx_word' id='word_1_82' title='bbox 289 973 409 1032; x_wconf 80' lang='lat' dir='ltr'>estis</span> <span class='ocrx_word' id='word_1_83' title='bbox 428 977 804 1037; x_wconf 83' lang='lat' dir='ltr'>conditionem</span> <span class='ocrx_word' id='word_1_84' title='bbox 827 985 850 1037; x_wconf 84' lang='lat'>?</span> <span class='ocrx_word' id='word_1_85' title='bbox 883 985 1036 1054; x_wconf 84' lang='lat' dir='ltr'>ajunt</span> <span class='ocrx_word' id='word_1_86' title='bbox 1069 985 1292 1042; x_wconf 83' lang='lat' dir='ltr'>Gotthi.</span> <span class='ocrx_word' id='word_1_87' title='bbox 1336 990 1534 1069; x_wconf 83' lang='lat' dir='ltr'>Neque</span> <span class='ocrx_word' id='word_1_88' title='bbox 1569 1013 1626 1048; x_wconf 88' lang='lat' dir='ltr'>e-</span> 
     </span>
     <span class='ocr_line' id='line_1_12' title="bbox 7 1057 1624 1152; baseline 0.014 -44"><span class='ocrx_word' id='word_1_89' title='bbox 7 1057 122 1109; x_wconf 90' lang='lat' dir='ltr'>nim</span> <span class='ocrx_word' id='word_1_90' title='bbox 147 1096 164 1124; x_wconf 93' lang='lat'>,</span> <span class='ocrx_word' id='word_1_91' title='bbox 200 1059 370 1114; x_wconf 87' lang='lat' dir='ltr'>aitille</span> <span class='ocrx_word' id='word_1_92' title='bbox 392 1059 489 1125; x_wconf 87' lang='lat' dir='ltr'>,de</span> <span class='ocrx_word' id='word_1_93' title='bbox 519 1059 682 1117; x_wconf 82' lang='lat' dir='ltr'>rebus</span> <span class='ocrx_word' id='word_1_94' title='bbox 713 1067 1059 1139; x_wconf 83' lang='lat' dir='ltr'>Imperatoris</span> <span class='ocrx_word' id='word_1_95' title='bbox 1094 1069 1242 1124; x_wconf 79' lang='lat' dir='ltr'>aliter</span> <span class='ocrx_word' id='word_1_96' title='bbox 1266 1091 1432 1148; x_wconf 82' lang='lat' dir='ltr'>quam</span> <span class='ocrx_word' id='word_1_97' title='bbox 1464 1071 1624 1152; x_wconf 81' lang='lat' dir='ltr'>ipsius</span> 
     </span>
     <span class='ocr_line' id='line_1_13' title="bbox 6 1134 1625 1229; baseline 0.014 -38"><span class='ocrx_word' id='word_1_98' title='bbox 6 1134 263 1195; x_wconf 87' lang='lat' dir='ltr'>arbitratu</span> <span class='ocrx_word' id='word_1_99' title='bbox 302 1138 524 1198; x_wconf 81' lang='lat' dir='ltr'>statuere</span> <span class='ocrx_word' id='word_1_100' title='bbox 563 1143 722 1200; x_wconf 88' lang='lat' dir='ltr'>nobis</span> <span class='ocrx_word' id='word_1_101' title='bbox 758 1146 899 1202; x_wconf 88' lang='lat' dir='ltr'>licet.</span> <span class='ocrx_word' id='word_1_102' title='bbox 944 1151 1022 1203; x_wconf 76' lang='lat' dir='ltr'>At</span> <span class='ocrx_word' id='word_1_103' title='bbox 1042 1149 1174 1226; x_wconf 83' lang='lat' dir='ltr'>quid</span> <span class='ocrx_word' id='word_1_104' title='bbox 1210 1149 1246 1206; x_wconf 89' lang='lat' dir='ltr'>s1</span> <span class='ocrx_word' id='word_1_105' title='bbox 1263 1172 1364 1229; x_wconf 87' lang='lat' dir='ltr'>pro</span> <span class='ocrx_word' id='word_1_106' title='bbox 1401 1161 1625 1213; x_wconf 85' lang='lat' dir='ltr'>retentis</span> 
     </span>
     <span class='ocr_line' id='line_1_14' title="bbox 5 1222 1627 1309; baseline 0.014 -36"><span class='ocrx_word' id='word_1_107' title='bbox 5 1237 249 1277; x_wconf 88' lang='lat' dir='ltr'>annuum</span> <span class='ocrx_word' id='word_1_108' title='bbox 268 1222 423 1300; x_wconf 84' lang='lat' dir='ltr'>quod</span> <span class='ocrx_word' id='word_1_109' title='bbox 442 1229 763 1283; x_wconf 87' lang='lat' dir='ltr'>convenerit</span> <span class='ocrx_word' id='word_1_110' title='bbox 784 1229 1080 1305; x_wconf 77' lang='lat' dir='ltr'>pendamus</span> <span class='ocrx_word' id='word_1_111' title='bbox 1116 1237 1481 1309; x_wconf 78' lang='lat' dir='ltr'>Imperatori?</span> <span class='ocrx_word' id='word_1_112' title='bbox 1529 1238 1627 1296; x_wconf 88' lang='lat' dir='ltr'>ad-</span> 
     </span>
     <span class='ocr_line' id='line_1_15' title="bbox 0 1298 1621 1394; baseline 0.013 -37"><span class='ocrx_word' id='word_1_113' title='bbox 0 1298 138 1359; x_wconf 88' lang='lat' dir='ltr'>dunt</span> <span class='ocrx_word' id='word_1_114' title='bbox 157 1302 337 1381; x_wconf 81' lang='lat' dir='ltr'>legati.</span> <span class='ocrx_word' id='word_1_115' title='bbox 357 1305 446 1361; x_wconf 90' lang='lat' dir='ltr'>Ne</span> <span class='ocrx_word' id='word_1_116' title='bbox 464 1305 534 1362; x_wconf 88' lang='lat' dir='ltr'>fic</span> <span class='ocrx_word' id='word_1_117' title='bbox 553 1308 775 1385; x_wconf 84' lang='lat' dir='ltr'>quidem</span> <span class='ocrx_word' id='word_1_118' title='bbox 795 1315 1109 1379; x_wconf 87' lang='lat' dir='ltr'>conveniet,</span> <span class='ocrx_word' id='word_1_119' title='bbox 1128 1313 1412 1394; x_wconf 86' lang='lat' dir='ltr'>respondet</span> <span class='ocrx_word' id='word_1_120' title='bbox 1431 1318 1621 1378; x_wconf 82' lang='lat' dir='ltr'>Belisa-</span> 
     </span>
     <span class='ocr_line' id='line_1_16' title="bbox 5 1384 1624 1470; baseline 0.015 -33"><span class='ocrx_word' id='word_1_121' title='bbox 5 1384 134 1441; x_wconf 82' lang='lat' dir='ltr'>riuS.</span> <span class='ocrx_word' id='word_1_122' title='bbox 156 1386 319 1444; x_wconf 91' lang='lat' dir='ltr'>Nulla</span> <span class='ocrx_word' id='word_1_123' title='bbox 338 1386 482 1445; x_wconf 88' lang='lat' dir='ltr'>enim</span> <span class='ocrx_word' id='word_1_124' title='bbox 504 1389 666 1446; x_wconf 88' lang='lat' dir='ltr'>nobis</span> <span class='ocrx_word' id='word_1_125' title='bbox 687 1391 921 1470; x_wconf 85' lang='lat' dir='ltr'>potestas</span> <span class='ocrx_word' id='word_1_126' title='bbox 941 1391 1036 1452; x_wconf 80' lang='lat' dir='ltr'>nisi</span> <span class='ocrx_word' id='word_1_127' title='bbox 1052 1393 1282 1456; x_wconf 89' lang='lat' dir='ltr'>domino</span> <span class='ocrx_word' id='word_1_128' title='bbox 1309 1397 1624 1461; x_wconf 85' lang='lat' dir='ltr'>suaservan-</span> 
     </span>
     <span class='ocr_line' id='line_1_17' title="bbox 2 1463 1625 1560; baseline 0.014 -39"><span class='ocrx_word' id='word_1_129' title='bbox 2 1463 210 1524; x_wconf 91' lang='lat' dir='ltr'>di.cum</span> <span class='ocrx_word' id='word_1_130' title='bbox 228 1468 292 1527; x_wconf 84' lang='lat' dir='ltr'>ad</span> <span class='ocrx_word' id='word_1_131' title='bbox 313 1471 568 1528; x_wconf 88' lang='lat' dir='ltr'>ultimum</span> <span class='ocrx_word' id='word_1_132' title='bbox 587 1471 848 1549; x_wconf 58' lang='lat' dir='ltr'>digi&#39;ffent.</span> <span class='ocrx_word' id='word_1_133' title='bbox 869 1478 990 1534; x_wconf 89' lang='lat' dir='ltr'>Sine</span> <span class='ocrx_word' id='word_1_134' title='bbox 1010 1477 1074 1534; x_wconf 87' lang='lat' dir='ltr'>ad</span> <span class='ocrx_word' id='word_1_135' title='bbox 1091 1482 1482 1560; x_wconf 83' lang='lat' dir='ltr'>Imperatorem</span> <span class='ocrx_word' id='word_1_136' title='bbox 1498 1489 1625 1543; x_wconf 88' lang='lat' dir='ltr'>mit-</span> 
     </span>
     <span class='ocr_line' id='line_1_18' title="bbox 5 1553 1622 1640; baseline 0.013 -35"><span class='ocrx_word' id='word_1_137' title='bbox 5 1565 269 1615; x_wconf 79' lang='lat' dir='ltr'>tamuS,ut</span> <span class='ocrx_word' id='word_1_138' title='bbox 290 1572 413 1608; x_wconf 91' lang='lat' dir='ltr'>curn</span> <span class='ocrx_word' id='word_1_139' title='bbox 434 1574 502 1609; x_wconf 87' lang='lat' dir='ltr'>eo</span> <span class='ocrx_word' id='word_1_140' title='bbox 523 1553 587 1610; x_wconf 85' lang='lat' dir='ltr'>de</span> <span class='ocrx_word' id='word_1_141' title='bbox 606 1571 730 1611; x_wconf 92' lang='lat' dir='ltr'>toto</span> <span class='ocrx_word' id='word_1_142' title='bbox 752 1562 981 1638; x_wconf 84' lang='lat' dir='ltr'>negotio</span> <span class='ocrx_word' id='word_1_143' title='bbox 1002 1570 1622 1640; x_wconf 74' lang='lat' dir='ltr'>comparemuszinterim</span> 
     </span>
     <span class='ocr_line' id='line_1_19' title="bbox 6 1631 1625 1727; baseline 0.014 -40"><span class='ocrx_word' id='word_1_144' title='bbox 6 1632 71 1688; x_wconf 88' lang='lat' dir='ltr'>ad</span> <span class='ocrx_word' id='word_1_145' title='bbox 109 1631 440 1710; x_wconf 84' lang='lat' dir='ltr'>praefinitum</span> <span class='ocrx_word' id='word_1_146' title='bbox 483 1653 699 1712; x_wconf 89' lang='lat' dir='ltr'>tempus</span> <span class='ocrx_word' id='word_1_147' title='bbox 731 1642 994 1697; x_wconf 83' lang='lat' dir='ltr'>exercitus</span> <span class='ocrx_word' id='word_1_148' title='bbox 1030 1643 1096 1699; x_wconf 87' lang='lat' dir='ltr'>ab</span> <span class='ocrx_word' id='word_1_149' title='bbox 1130 1650 1291 1704; x_wconf 88' lang='lat' dir='ltr'>armis</span> <span class='ocrx_word' id='word_1_150' title='bbox 1329 1648 1625 1727; x_wconf 84' lang='lat' dir='ltr'>quiescant.</span> 
     </span>
     <span class='ocr_line' id='line_1_20' title="bbox 1 1711 1624 1805; baseline 0.015 -37"><span class='ocrx_word' id='word_1_151' title='bbox 1 1711 132 1770; x_wconf 88' lang='lat' dir='ltr'>Esto</span> <span class='ocrx_word' id='word_1_152' title='bbox 153 1754 171 1782; x_wconf 89' lang='lat'>,</span> <span class='ocrx_word' id='word_1_153' title='bbox 192 1716 369 1794; x_wconf 87' lang='lat' dir='ltr'>inquit</span> <span class='ocrx_word' id='word_1_154' title='bbox 387 1715 474 1772; x_wconf 90' lang='lat' dir='ltr'>ille</span> <span class='ocrx_word' id='word_1_155' title='bbox 498 1737 708 1797; x_wconf 86' lang='lat' dir='ltr'>:neque</span> <span class='ocrx_word' id='word_1_156' title='bbox 727 1724 871 1778; x_wconf 82' lang='lat' dir='ltr'>enim</span> <span class='ocrx_word' id='word_1_157' title='bbox 891 1721 1105 1782; x_wconf 87' lang='lat' dir='ltr'>obstare</span> <span class='ocrx_word' id='word_1_158' title='bbox 1123 1732 1285 1805; x_wconf 89' lang='lat' dir='ltr'>cupio</span> <span class='ocrx_word' id='word_1_159' title='bbox 1307 1729 1536 1789; x_wconf 76' lang='lat' dir='ltr'>consiliis</span> <span class='ocrx_word' id='word_1_160' title='bbox 1557 1734 1624 1792; x_wconf 80' lang='lat' dir='ltr'>ad.</span> 
     </span>
     <span class='ocr_line' id='line_1_21' title="bbox 4 1794 1622 1874; baseline 0.014 -23"><span class='ocrx_word' id='word_1_161' title='bbox 4 1815 194 1874; x_wconf 86' lang='lat' dir='ltr'>pacem</span> <span class='ocrx_word' id='word_1_162' title='bbox 223 1794 540 1856; x_wconf 87' lang='lat' dir='ltr'>ferentibus.</span> <span class='ocrx_word' id='word_1_163' title='bbox 587 1806 667 1856; x_wconf 88' lang='lat' dir='ltr'>Ita</span> <span class='ocrx_word' id='word_1_164' title='bbox 699 1799 860 1861; x_wconf 86' lang='lat' dir='ltr'>finito</span> <span class='ocrx_word' id='word_1_165' title='bbox 889 1803 1135 1864; x_wconf 82' lang='lat' dir='ltr'>sermone</span> <span class='ocrx_word' id='word_1_166' title='bbox 1168 1809 1373 1869; x_wconf 87' lang='lat' dir='ltr'>Gotthi</span> <span class='ocrx_word' id='word_1_167' title='bbox 1395 1831 1527 1872; x_wconf 89' lang='lat' dir='ltr'>tunc</span> <span class='ocrx_word' id='word_1_168' title='bbox 1563 1819 1622 1873; x_wconf 85' lang='lat' dir='ltr'>in</span> 
     </span>
     <span class='ocr_line' id='line_1_22' title="bbox 7 1875 1620 1978; baseline 0.014 -45"><span class='ocrx_word' id='word_1_169' title='bbox 7 1875 170 1935; x_wconf 88' lang='lat' dir='ltr'>castra</span> <span class='ocrx_word' id='word_1_170' title='bbox 188 1877 453 1937; x_wconf 82' lang='lat' dir='ltr'>recessere.</span> <span class='ocrx_word' id='word_1_171' title='bbox 491 1886 760 1941; x_wconf 75' lang='lat' dir='ltr'>Proximis</span> <span class='ocrx_word' id='word_1_172' title='bbox 778 1906 959 1944; x_wconf 87' lang='lat' dir='ltr'>autem</span> <span class='ocrx_word' id='word_1_173' title='bbox 990 1890 1181 1949; x_wconf 86' lang='lat' dir='ltr'>diebus</span> <span class='ocrx_word' id='word_1_174' title='bbox 1202 1897 1446 1972; x_wconf 88' lang='lat' dir='ltr'>repetitis</span> <span class='ocrx_word' id='word_1_175' title='bbox 1485 1896 1620 1978; x_wconf 85' lang='lat' dir='ltr'>saepe</span> 
     </span>
     <span class='ocr_line' id='line_1_23' title="bbox 8 1961 1625 2061; baseline 0.014 -45"><span class='ocrx_word' id='word_1_176' title='bbox 8 1961 294 2040; x_wconf 87' lang='lat' dir='ltr'>colloquiis</span> <span class='ocrx_word' id='word_1_177' title='bbox 313 1968 364 2021; x_wconf 65' lang='grc' dir='ltr'>δι’</span> <span class='ocrx_word' id='word_1_178' title='bbox 399 1963 627 2024; x_wconf 85' lang='lat' dir='ltr'>induciae</span> <span class='ocrx_word' id='word_1_179' title='bbox 650 1968 814 2045; x_wconf 66' lang='lat' dir='ltr'>pa&amp;ae</span> <span class='ocrx_word' id='word_1_180' title='bbox 835 1968 954 2027; x_wconf 89' lang='lat' dir='ltr'>sunt</span> <span class='ocrx_word' id='word_1_181' title='bbox 974 1972 1081 2036; x_wconf 51' lang='lat' dir='ltr'>j&amp;</span> <span class='ocrx_word' id='word_1_182' title='bbox 1109 1975 1352 2034; x_wconf 86' lang='lat' dir='ltr'>additum</span> <span class='ocrx_word' id='word_1_183' title='bbox 1372 1995 1431 2047; x_wconf 80' lang='lat' dir='ltr'>ut</span> <span class='ocrx_word' id='word_1_184' title='bbox 1463 1977 1625 2061; x_wconf 50' lang='lat' dir='ltr'>epriss</span> 
     </span>
     <span class='ocr_line' id='line_1_24' title="bbox 4 2036 1625 2142; baseline 0.014 -43"><span class='ocrx_word' id='word_1_185' title='bbox 4 2036 519 2125; x_wconf 84' lang='lat' dir='ltr'>moribusutrinque</span> <span class='ocrx_word' id='word_1_186' title='bbox 540 2046 750 2106; x_wconf 85' lang='lat' dir='ltr'>obfides</span> <span class='ocrx_word' id='word_1_187' title='bbox 772 2069 1126 2112; x_wconf 89' lang='lat' dir='ltr'>mutarentur.</span> <span class='ocrx_word' id='word_1_188' title='bbox 1159 2059 1429 2137; x_wconf 77' lang='lat' dir='ltr'>quaedum</span> <span class='ocrx_word' id='word_1_189' title='bbox 1448 2084 1625 2142; x_wconf 86' lang='lat' dir='ltr'>agun-</span> 
     </span>
     <span class='ocr_line' id='line_1_25' title="bbox 5 2121 1623 2219; baseline 0.014 -39"><span class='ocrx_word' id='word_1_190' title='bbox 5 2127 114 2193; x_wconf 48' lang='lat' dir='ltr'>tur,‘</span> <span class='ocrx_word' id='word_1_191' title='bbox 127 2121 430 2184; x_wconf 86' lang='lat' dir='ltr'>Isaurorum</span> <span class='ocrx_word' id='word_1_192' title='bbox 452 2133 711 2188; x_wconf 84' lang='lat' dir='ltr'>exercitus</span> <span class='ocrx_word' id='word_1_193' title='bbox 729 2133 1046 2193; x_wconf 89' lang='lat' dir='ltr'>Romanum</span> <span class='ocrx_word' id='word_1_194' title='bbox 1069 2138 1134 2196; x_wconf 87' lang='lat' dir='ltr'>ad</span> <span class='ocrx_word' id='word_1_195' title='bbox 1152 2158 1376 2219; x_wconf 90' lang='lat' dir='ltr'>portum</span> <span class='ocrx_word' id='word_1_196' title='bbox 1397 2144 1623 2203; x_wconf 89' lang='lat' dir='ltr'>:Iohan-</span> 
     </span>
     <span class='ocr_line' id='line_1_26' title="bbox 5 2209 1647 2297; baseline 0.014 -34"><span class='ocrx_word' id='word_1_197' title='bbox 5 2210 87 2264; x_wconf 88' lang='lat' dir='ltr'>nis</span> <span class='ocrx_word' id='word_1_198' title='bbox 105 2228 301 2288; x_wconf 84' lang='lat' dir='ltr'>agmen·</span> <span class='ocrx_word' id='word_1_199' title='bbox 319 2209 531 2268; x_wconf 87' lang='lat' dir='ltr'>Ostiam</span> <span class='ocrx_word' id='word_1_200' title='bbox 552 2217 792 2290; x_wconf 84' lang='lat' dir='ltr'>pervenit</span> <span class='ocrx_word' id='word_1_201' title='bbox 818 2239 832 2273; x_wconf 71' lang='grc' dir='ltr'><em>ε</em></span> <span class='ocrx_word' id='word_1_202' title='bbox 867 2238 1045 2297; x_wconf 86' lang='lat' dir='ltr'>neque</span> <span class='ocrx_word' id='word_1_203' title='bbox 1067 2241 1157 2278; x_wconf 87' lang='lat' dir='ltr'>aut</span> <span class='ocrx_word' id='word_1_204' title='bbox 1173 2220 1647 2295; x_wconf 80' lang='lat' dir='ltr'>exscendentibus</span> 
     </span>
     <span class='ocr_line' id='line_1_27' title="bbox 5 2290 1623 2368; baseline 0.013 -21"><span class='ocrx_word' id='word_1_205' title='bbox 5 2308 97 2347; x_wconf 89' lang='lat' dir='ltr'>aut</span> <span class='ocrx_word' id='word_1_206' title='bbox 117 2290 279 2348; x_wconf 86' lang='lat' dir='ltr'>castra</span> <span class='ocrx_word' id='word_1_207' title='bbox 312 2293 616 2351; x_wconf 86' lang='lat' dir='ltr'>locantibus</span> <span class='ocrx_word' id='word_1_208' title='bbox 648 2294 815 2354; x_wconf 88' lang='lat' dir='ltr'>hostis</span> <span class='ocrx_word' id='word_1_209' title='bbox 842 2297 1072 2358; x_wconf 73' lang='lat' dir='ltr'>obstitit.</span> <span class='ocrx_word' id='word_1_210' title='bbox 1116 2305 1246 2362; x_wconf 84' lang='lat' dir='ltr'>Nox</span> <span class='ocrx_word' id='word_1_211' title='bbox 1288 2323 1347 2362; x_wconf 93' lang='lat' dir='ltr'>ut</span> <span class='ocrx_word' id='word_1_212' title='bbox 1367 2306 1434 2365; x_wconf 89' lang='lat' dir='ltr'>ab</span> <span class='ocrx_word' id='word_1_213' title='bbox 1465 2314 1623 2368; x_wconf 88' lang='lat' dir='ltr'>omni</span> 
     </span>
     <span class='ocr_line' id='line_1_28' title="bbox 5 2373 1622 2470; baseline 0.014 -41"><span class='ocrx_word' id='word_1_214' title='bbox 5 2373 213 2452; x_wconf 87' lang='lat' dir='ltr'>impetu</span> <span class='ocrx_word' id='word_1_215' title='bbox 232 2392 346 2432; x_wconf 84' lang='lat' dir='ltr'>tuta</span> <span class='ocrx_word' id='word_1_216' title='bbox 367 2373 490 2433; x_wconf 84' lang='lat' dir='ltr'>effet</span> <span class='ocrx_word' id='word_1_217' title='bbox 508 2418 524 2444; x_wconf 84' lang='lat'><em>‚</em></span> <span class='ocrx_word' id='word_1_218' title='bbox 548 2374 704 2435; x_wconf 80' lang='lat' dir='ltr'>Isauri</span> <span class='ocrx_word' id='word_1_219' title='bbox 722 2376 921 2439; x_wconf 48' lang='lat' dir='ltr'>foffa‘in</span> <span class='ocrx_word' id='word_1_220' title='bbox 940 2384 1109 2441; x_wconf 89' lang='lat' dir='ltr'>altum</span> <span class='ocrx_word' id='word_1_221' title='bbox 1143 2385 1378 2466; x_wconf 69' lang='lat' dir='ltr'>deprefl&#39;a</span> <span class='ocrx_word' id='word_1_222' title='bbox 1398 2409 1622 2470; x_wconf 89' lang='lat' dir='ltr'>portum</span> 
     </span>
     <span class='ocr_line' id='line_1_29' title="bbox 0 2457 1622 2547; baseline 0.014 -36"><span class='ocrx_word' id='word_1_223' title='bbox 0 2459 152 2531; x_wconf 85' lang='lat' dir='ltr'>juxta</span> <span class='ocrx_word' id='word_1_224' title='bbox 167 2472 397 2516; x_wconf 78' lang='lat' dir='ltr'>attentas</span> <span class='ocrx_word' id='word_1_225' title='bbox 420 2457 651 2538; x_wconf 81' lang='lat' dir='ltr'>agebant</span> <span class='ocrx_word' id='word_1_226' title='bbox 670 2460 873 2521; x_wconf 86' lang='lat' dir='ltr'>vicibus</span> <span class='ocrx_word' id='word_1_227' title='bbox 887 2465 1253 2547; x_wconf 81' lang='lat' dir='ltr'>excubias.qui</span> <span class='ocrx_word' id='word_1_228' title='bbox 1273 2492 1398 2529; x_wconf 90' lang='lat' dir='ltr'>cum</span> <span class='ocrx_word' id='word_1_229' title='bbox 1418 2473 1622 2532; x_wconf 84' lang='lat' dir='ltr'>Iohan-</span> 
     </span>
     <span class='ocr_line' id='line_1_30' title="bbox 5 2538 1622 2635; baseline 0.014 -42"><span class='ocrx_word' id='word_1_230' title='bbox 5 2556 75 2594; x_wconf 85' lang='lat' dir='ltr'>ne</span> <span class='ocrx_word' id='word_1_231' title='bbox 97 2578 116 2605; x_wconf 84' lang='lat'>‚</span> <span class='ocrx_word' id='word_1_232' title='bbox 139 2538 382 2597; x_wconf 90' lang='lat' dir='ltr'>curribus</span> <span class='ocrx_word' id='word_1_233' title='bbox 401 2544 753 2618; x_wconf 64' lang='lat' dir='ltr'>circumjeetis</span> <span class='ocrx_word' id='word_1_234' title='bbox 773 2547 924 2605; x_wconf 85' lang='lat' dir='ltr'>velut</span> <span class='ocrx_word' id='word_1_235' title='bbox 945 2549 1084 2607; x_wconf 89' lang='lat' dir='ltr'>vallo</span> <span class='ocrx_word' id='word_1_236' title='bbox 1101 2548 1356 2611; x_wconf 84' lang='lat' dir='ltr'>custoditi</span> <span class='ocrx_word' id='word_1_237' title='bbox 1375 2559 1622 2635; x_wconf 88' lang='lat' dir='ltr'>requiem</span> 
     </span>
     <span class='ocr_line' id='line_1_31' title="bbox 3 2615 1622 2714; baseline 0.015 -39"><span class='ocrx_word' id='word_1_238' title='bbox 3 2615 248 2679; x_wconf 85' lang='lat' dir='ltr'>sumsere.</span> <span class='ocrx_word' id='word_1_239' title='bbox 291 2624 472 2680; x_wconf 67' lang='grc' dir='ltr'>Νοέὶε</span> <span class='ocrx_word' id='word_1_240' title='bbox 495 2644 556 2681; x_wconf 86' lang='lat' dir='ltr'>ea</span> <span class='ocrx_word' id='word_1_241' title='bbox 593 2623 701 2704; x_wconf 87' lang='lat' dir='ltr'>ipse</span> <span class='ocrx_word' id='word_1_242' title='bbox 721 2646 940 2688; x_wconf 84' lang='lat' dir='ltr'>centum</span> <span class='ocrx_word' id='word_1_243' title='bbox 962 2653 1086 2690; x_wconf 88' lang='lat' dir='ltr'>cum</span> <span class='ocrx_word' id='word_1_244' title='bbox 1116 2635 1389 2714; x_wconf 82' lang='lat' dir='ltr'>equitibus</span> <span class='ocrx_word' id='word_1_245' title='bbox 1405 2637 1622 2699; x_wconf 85' lang='lat' dir='ltr'>Ostiam</span> 
     </span>
     <span class='ocr_line' id='line_1_32' title="bbox 7 2702 1622 2796; baseline 0.014 -36"><span class='ocrx_word' id='word_1_246' title='bbox 7 2705 157 2761; x_wconf 87' lang='lat' dir='ltr'>venit</span> <span class='ocrx_word' id='word_1_247' title='bbox 171 2702 478 2775; x_wconf 85' lang='lat' dir='ltr'>Belisarius,</span> <span class='ocrx_word' id='word_1_248' title='bbox 521 2712 577 2764; x_wconf 85' lang='lat'>&amp;</span> <span class='ocrx_word' id='word_1_249' title='bbox 606 2714 827 2768; x_wconf 84' lang='lat' dir='ltr'>narratis</span> <span class='ocrx_word' id='word_1_250' title='bbox 846 2734 963 2792; x_wconf 84' lang='lat' dir='ltr'>quae</span> <span class='ocrx_word' id='word_1_251' title='bbox 992 2718 1049 2773; x_wconf 87' lang='lat' dir='ltr'>in</span> <span class='ocrx_word' id='word_1_252' title='bbox 1074 2712 1258 2796; x_wconf 82' lang='lat' dir='ltr'>praelio</span> <span class='ocrx_word' id='word_1_253' title='bbox 1293 2718 1622 2793; x_wconf 81' lang='lat' dir='ltr'>evenerant,</span> 
     </span>
     <span class='ocr_line' id='line_1_33' title="bbox 10 2787 1621 2879; baseline 0.014 -41"><span class='ocrx_word' id='word_1_254' title='bbox 10 2787 67 2838; x_wconf 86' lang='lat'>&amp;</span> <span class='ocrx_word' id='word_1_255' title='bbox 85 2805 203 2863; x_wconf 85' lang='lat' dir='ltr'>quae</span> <span class='ocrx_word' id='word_1_256' title='bbox 226 2804 349 2844; x_wconf 86' lang='lat' dir='ltr'>cum</span> <span class='ocrx_word' id='word_1_257' title='bbox 367 2788 596 2848; x_wconf 89' lang='lat' dir='ltr'>Gotthis</span> <span class='ocrx_word' id='word_1_258' title='bbox 617 2795 893 2874; x_wconf 81' lang='lat' dir='ltr'>pepigerat</span> <span class='ocrx_word' id='word_1_259' title='bbox 911 2838 928 2864; x_wconf 87' lang='lat'>‚</span> <span class='ocrx_word' id='word_1_260' title='bbox 945 2818 1106 2879; x_wconf 79' lang='lat' dir='ltr'>auget</span> <span class='ocrx_word' id='word_1_261' title='bbox 1124 2805 1335 2860; x_wconf 83' lang='lat' dir='ltr'>animos</span> <span class='ocrx_word' id='word_1_262' title='bbox 1349 2844 1366 2871; x_wconf 90' lang='lat'>‚</span> <span class='ocrx_word' id='word_1_263' title='bbox 1400 2807 1621 2862; x_wconf 80' lang='lat' dir='ltr'>mittant</span> 
     </span>
     <span class='ocr_line' id='line_1_34' title="bbox 6 2860 1620 2964; baseline 0.014 -45"><span class='ocrx_word' id='word_1_264' title='bbox 6 2860 228 2923; x_wconf 87' lang='lat' dir='ltr'>sarcinas</span> <span class='ocrx_word' id='word_1_265' title='bbox 244 2907 263 2933; x_wconf 92' lang='lat'>‚</span> <span class='ocrx_word' id='word_1_266' title='bbox 279 2870 579 2952; x_wconf 86' lang='lat' dir='ltr'>alacresque</span> <span class='ocrx_word' id='word_1_267' title='bbox 598 2876 837 2934; x_wconf 83' lang='lat' dir='ltr'>Romam</span> <span class='ocrx_word' id='word_1_268' title='bbox 863 2897 1017 2937; x_wconf 87' lang='lat' dir='ltr'>eant:</span> <span class='ocrx_word' id='word_1_269' title='bbox 1052 2901 1113 2939; x_wconf 82' lang='lat' dir='ltr'>ut</span> <span class='ocrx_word' id='word_1_270' title='bbox 1129 2880 1236 2941; x_wconf 86' lang='lat' dir='ltr'>fine</span> <span class='ocrx_word' id='word_1_271' title='bbox 1266 2889 1500 2964; x_wconf 73' lang='lat' dir='ltr'>periculo</span> <span class='ocrx_word' id='word_1_272' title='bbox 1521 2890 1620 2942; x_wconf 81' lang='lat' dir='ltr'>iter</span> 
     </span>
     <span class='ocr_line' id='line_1_35' title="bbox 6 2943 1620 3105; baseline 0.011 -100"><span class='ocrx_word' id='word_1_273' title='bbox 6 2943 71 3006; x_wconf 82' lang='lat' dir='ltr'>sit</span> <span class='ocrx_word' id='word_1_274' title='bbox 88 2944 185 3009; x_wconf 85' lang='lat' dir='ltr'>fibi</span> <span class='ocrx_word' id='word_1_275' title='bbox 202 2970 338 3015; x_wconf 87' lang='lat' dir='ltr'>curae</span> <span class='ocrx_word' id='word_1_276' title='bbox 358 2951 488 3016; x_wconf 89' lang='lat' dir='ltr'>fore.</span> <span class='ocrx_word' id='word_1_277' title='bbox 522 2956 593 3016; x_wconf 87' lang='lat' dir='ltr'>Et</span> <span class='ocrx_word' id='word_1_278' title='bbox 613 2955 718 3038; x_wconf 81' lang='lat' dir='ltr'>ipse</span> <span class='ocrx_word' id='word_1_279' title='bbox 732 2961 951 3039; x_wconf 81' lang='lat' dir='ltr'>quidem</span> <span class='ocrx_word' id='word_1_280' title='bbox 969 2965 1148 3043; x_wconf 85' lang='lat' dir='ltr'>primo</span> <span class='ocrx_word' id='word_1_281' title='bbox 1172 2988 1329 3026; x_wconf 85' lang='lat' dir='ltr'>mane</span> <span class='ocrx_word' id='word_1_282' title='bbox 1349 2971 1405 3027; x_wconf 84' lang='lat' dir='ltr'>in</span> <span class='ocrx_word' id='word_1_283' title='bbox 1426 2967 1620 3105; x_wconf 51' lang='grc' dir='ltr'>ιιτῐίἰεηι</span> 
     </span>
    </p>

    <p class='ocr_par' dir='ltr' id='par_1_2' title="bbox 1440 3065 1622 3122">
     <span class='ocr_line' id='line_1_36' title="bbox 1440 3065 1622 3122; baseline 0.005 -17"><span class='ocrx_word' id='word_1_284' title='bbox 1440 3068 1496 3105; x_wconf 84' lang='lat' dir='ltr'>re</span> <span class='ocrx_word' id='word_1_285' title='bbox 1540 3065 1622 3122; x_wconf 67' lang='lat' dir='ltr'>ut,</span> 
     </span>
    </p>
   </div>
  </div>
 </body>
</html>
