1888 3428
351 146 1248 218 ·PR01,EGOMENA.'
1564 161 1643 226 527.

27 242 172 327 &iam
189 285 206 311 ‚
221 282 224 286 Δ
240 237 372 320 ipsas
390 240 624 315 denique
648 233 908 310 Capitolii
926 249 1130 288 auratas
1149 230 1360 310 tegulas
1379 228 1504 288 inde
1522 251 1641 309 quo

28 328 203 386 voluit
234 323 488 381 abduxit„
526 340 608 376 res
643 313 1073 375 VVandalorum
1105 315 1208 370 late
1241 310 1642 390 prosequuntur

27 409 330 485 Procopius
351 412 403 463 δε
425 410 659 463 Zonaras
680 439 698 465 ,
731 396 946 453 brevius
982 397 1076 473 qui
1114 392 1391 451 Chronica
1423 392 1638 472 scripse..

27 513 118 557 re,
138 487 438 568 rpraesertim
469 483 668 544 Vifior
698 475 1112 535 TunnonenfiS.
1162 478 1220 532 Si
1249 479 1369 553 quis
1392 478 1637 543 miretur,

28 573 180 654 quod
216 589 362 628 tanta
390 589 510 626 cum
549 584 671 621 cura
689 561 812 619 dem
829 562 1020 617 Latine
1049 561 1410 637 Procopium,
1447 560 1541 634 qui
1571 556 1640 613 fi·-

28 677 155 714 nem
176 651 449 729 utriusque
466 648 682 725 Imperii
699 662 818 699 tum
842 641 1177 702 VVandalici
1195 660 1314 703 tum
1335 638 1640 716 Ostrogot-

27 737 156 794 thici
181 742 235 792 &
266 728 522 811 specstavit
557 725 664 807 ipse
694 731 749 783 δε
784 723 1107 803 descriptum
1138 723 1354 801 reliquit
1377 719 1636 800 posteris,

26 822 70 877 is
90 815 386 876 confideret
406 833 544 892 rogo
569 852 586 878 ‚
621 827 810 888 praeter
828 808 979 886 quod
998 809 1055 865 in
1072 804 1154 865 his,
1171 804 1318 861 libris
1336 805 1561 862 &initia
1584 809 1640 861 δε

18 905 349 960 incrementa
368 893 643 954 Gotthicae
661 891 1126 968 VVandalicaeque
1161 885 1552 967 magnitudinis
1582 889 1637 951 in

21 1001 133 1039 tam
153 983 469 1060 longinquis
488 973 808 1056 regionibus,
825 973 1018 1032 dantur
1040 967 1309 1049 conspici,
1356 966 1497 1045 ipsos
1518 968 1640 1024 illos

20 1084 320 1144 regnorum
340 1065 516 1119 exitus
534 1060 762 1139 plurima
781 1055 975 1112 habere
996 1072 1115 1132 quae
1150 1072 1270 1108 tum
1304 1052 1436 1106 alios
1454 1090 1471 1116 ‚
1515 1068 1635 1106 tum

21 1149 282 1226 praecipue
315 1149 556 1203 Sueones
577 1181 595 1207 ,
632 1160 873 1219 quorum
892 1137 1183 1194 honoriae
1214 1132 1524 1190 commodis
1545 1150 1638 1187 to-

24 1248 144 1285 tum
165 1249 250 1284 me
270 1227 449 1286 dedidi
467 1267 483 1293 ‚
506 1224 766 1281 instruere
782 1217 997 1297 possint.
1031 1239 1134 1297 ego
1151 1238 1284 1273 cum·
1299 1218 1642 1292 Procopium·

23 1313 149 1389 lego
173 1350 188 1376 ,
207 1314 381 1368 virum
403 1309 571 1364 exacti
590 1309 645 1361 in
664 1304 825 1360 rebus
844 1301 1090 1359 civilibus
1109 1295 1639 1375 militaribusqueju-

21 1393 149 1450 dicii
167 1432 184 1457 ,
221 1398 274 1449 δε
304 1389 535 1447 Belisarii
556 1391 884 1467 praecipuum
906 1383 969 1443 ad
989 1383 1203 1443 illorum
1223 1400 1522 1457 regnorum
1543 1400 1639 1434 ex·-

22 1477 158 1531 cidia
179 1474 480 1547 adjutorem
501 1513 517 1538 ‚
551 1491 666 1526 non
688 1485 979 1526 contentus
999 1482 1220 1520 eventus
1239 1458 1385 1518 noffe
1402 1506 1416 1526 ,
1438 1463 1494 1518 in
1510 1480 1638 1516 cau-

19 1554 100 1613 sas
133 1558 371 1633 inquiro.
426 1571 564 1629 puto
602 1568 783 1607 autem
818 1548 950 1604 duas
986 1566 1074 1606 me
1110 1545 1290 1600 videre
1328 1544 1633 1621 praecipuas.

21 1640 167 1717 prior
192 1634 265 1693 est
296 1635 445 1715 quod
482 1635 568 1689 ille
606 1631 633 1687 Ξι
652 1629 856 1708 frigore
892 1631 1039 1683 intus
1064 1630 1118 1682 in
1139 1630 1351 1687 animos
1372 1622 1638 1690 ada&us3t

21 1722 397 1798 septentrione
417 1717 649 1772 Martius
668 1714 814 1769 calor
834 1711 1088 1788 paulatim
1109 1709 1377 1787 elanguit,
1407 1706 1636 1762 mollitie

18 1805 128 1860 caeli
149 1801 374 1866 Gallici,
394 1798 581 1864 Italici,
601 1796 779 1861 Siculi,
799 1791 1095 1870 Hispzmid,
1117 1787 1378 1869 Africani.
1413 1808 1636 1865 procaes-

18 1889 72 1944 lo
94 1902 293 1942 mutata
324 1889 377 1940 &
397 1885 515 1937 vitae
549 1882 686 1935 ratio
710 1919 726 1945 ‚
756 1877 1123 1955 paulatimque
1147 1874 1353 1951 patrius
1369 1871 1456 1927 ille
1485 1874 1635 1948 rigor

18 1969 199 2025 locum
221 1963 346 2023 fecit
367 1967 493 2022 laxis
512 1961 768 2018 domibus
784 2000 799 2025 ‚
820 1958 1048 2024 balneis,
1070 1954 1304 2012 vestibus
1324 1952 1636 2031 splendidis„

16 2052 186 2129 epulis
220 2046 491 2128 exquisitis
526 2085 542 2111 ‚
574 2046 795 2120 aliisque
819 2040 873 2098 id
904 2059 1077 2120 genus
1107 2037 1322 2101 deliciis.
1369 2036 1635 2114 [inpulere

14 2137 353 2207 tuentesjam
389 2132 600 2186 animos
632 2139 849 2182 externa
883 2124 1174 2200 conjugia„
1211 2120 1450 2184 valentes
1477 2120 1636 2196 inge-

17 2217 111 2271 nio
126 2212 338 2272 femiiiae
360 2218 411 2269 δέ
428 2230 603 2291 gnarae
627 2207 827 2286 quibus
846 2205 1074 2266 vinculis
1093 2201 1313 2259 affectus
1333 2205 1634 2269 retineren-

17 2313 139 2354 tur:
181 2298 303 2354 inde
332 2296 429 2351 alia
461 2286 702 2357 {ineu-la,
746 2307 1071 2346 communes
1107 2285 1285 2353 liberi,
1326 2284 1489 2350 altera
1522 2280 1634 2339 haec

16 2378 92 2436 est
111 2420 126 2441 ,
143 2379 296 2458 quod
310 2377 376 2435 de
396 2378 554 2454 partis
571 2374 718 2430 bello
737 2374 891 2428 terris
912 2369 1146 2434 νίξὲοτεε
1166 2364 1501 2446 potiffimam
1519 2384 1635 2443 par-

15 2477 126 2519 tem
163 2461 260 2518 sibi
289 2459 512 2538 quisque
540 2462 658 2532 jure
689 2456 940 2531 mancipii
969 2470 1218 2531 accepere
1253 2489 1269 2515 ‚
1315 2466 1507 2505 contra
1539 2469 1635 2505 ve·-

15 2542 359 2601 tustiffimum
410 2543 820 2598 Germanorum
875 2555 1090 2597 morem
1138 2531 1418 2589 laudatum
1457 2527 1632 2586 Caesa«

18 2627 82 2682 ri.
125 2629 342 2686 Initium
370 2623 423 2681 id
442 2625 672 2681 avaritiae
701 2641 817 2698 quae
838 2623 1047 2678 animos
1068 2614 1210 2673 haud
1231 2613 1394 2675 dubie
1421 2610 1634 2669 effemi-

19 2724 126 2765 nat.
164 2711 325 2765 vitam
357 2710 503 2763 enim
547 2721 902 2762 contemnere
938 2721 1059 2757 non
1099 2694 1274 2776 potest
1308 2693 1406 2752 nifi
1439 2697 1534 2773 qui
1578 2698 1633 2750 &

16 2791 321 2867 voluptates
359 2795 414 2847 &
460 2788 605 2844 illam
648 2788 778 2842 citra
824 2781 959 2842 fines
994 2802 1135 2860 quos
1170 2797 1360 2836 natura
1396 2775 1636 2855 praescri-

16 2869 99 2928 bit
143 2870 377 2929 habendi?
415 2870 684 2928 licentiam
720 2863 1084 2924 contemserit.
1143 2863 1280 2919 Non
1314 2859 1450 2917 adeo
1488 2852 1636 2914 diffi-

14 2955 111 3031 cile
144 2952 218 3012 est
251 2954 477 3012 aliorum
514 2969 677 3010 errata
715 2947 833 3029 post
860 2960 1136 3011 ‘eventurn
1173 2962 1359 3002 notare
1399 2933 1436 3010 ‚¹
1461 2945 1515 3003 ὃ(
1552 2955 1637 3003 ta-

958 3029 992 3087 d
1038 3047 1106 3104 5χ
1504 3039 1649 3091 ΠἸΕῌ,
