1888 3428
247 207 360 278 362
443 234 445 236 -
538 203 959 258 *Przfiocopn
1014 201 1604 258 CAESAREENsrs

237 285 396 359 gium
418 301 531 337 non
548 277 689 339 famz‘i
707 300 919 340 tantum
940 283 1027 340 sed
1049 290 1103 341 &
1120 282 1232 340 visu
1253 278 1548 363 cognosset.
1596 281 1854 362 Cumque

236 365 380 426 illius
413 369 467 421 &
506 386 642 421 uxor
673 372 727 422 δε
764 365 916 423 liberi
950 366 1061 422 duo
1084 369 1225 422 inter
1242 370 1485 443 captivos
1504 361 1853 433 haberentur,

237 465 468 502 uxorem
488 445 848 527 ‘filiorumque
882 449 1109 505 alterurn
1124 446 1300 505 statim
1325 450 1376 503 ei
1395 445 1626 504 reddidit
1665 469 1679 501 ε
1722 447 1860 503 alte-

236 547 360 592 rum
394 549 495 607 pro
530 529 716 587 obfide
753 534 988 587 retinens
1023 536 1161 587 inter
1196 532 1324 587 alios
1360 529 1664 607 Spoletium
1698 527 1860 585 milit.

233 610 594 690 Ejus'oppidh
614 633 739 669 cum
760 611 827 669 ab
846 613 1168 670 Herodiano
1187 612 1431 669 deditum
1452 610 1504 667 id
1524 627 1857 689 acceperant,

236 690 443 748 Gotthi
477 692 754 751 diruerant
791 699 1012 752 moenia.
1057 700 1134 752 At
1173 698 1231 751 in-
1263 715 1329 751 eo
1359 693 1512 772 quod
1532 711 1676 749 extra
1695 695 1860 772 oppi-

233 774 370 834 dum
391 776 933 856 erat‘amphitheatrO,
948 777 1240 835 obstruffls
1258 777 1491 835 aditibus
1510 815 1526 841 ‚
1558 772 1859 853 praesidium

234 857 654 926 collocaverant,
673 864 863 938 partim
885 860 983 917 suae
1002 864 1199 941 gentis,
1217 859 1719 938 partimRomanos
1739 878 1877 935 per-,

231 936 392 1018 fugas
417 981 433 1007 ‚
461 944 517 998 in
550 945 661 1021 agri
693 942 978 1001 circumsiti
1013 946 1254 1001 tutelam.
1299 942 1665 998 Martinianus
1686 960 1749 994 ex
1774 938 1859 1007 his

231 1020 497 1101 quosdam
517 1021 612 1079 fibi
633 1028 946 1083 conciliatos
980 1028 1206 1103 impellit
1239 1043 1299 1082 ut
1319 1023 1585 1104 infigniin
1601 1021 1860 1079 barbaros

233 1103 388 1161 edito
414 1103 653 1161 facinore
675 1109 929 1164 Romana
950 1107 1012 1164 ad
1033 1106 1194 1164 castra
1212 1124 1625 1165 reverterentur,
1647 1102 1784 1161 misit
1800 1109 1858 1160 δε

232 1185 303 1246 ad
320 1184 633 1264 praefeffitum
651 1187 889 1245 Perusini
910 1189 1130 1267 praefidii
1149 1230 1167 1257 ‚
1200 1188 1296 1246 fibi
1317 1208 1376 1247 ut
1395 1205 1662 1266 quantum
1683 1183 1860 1265 poffet

234 1289 431 1347 agmen
452 1270 754 1347 Spoletium
776 1275 1013 1327 mitteret
1035 1312 1051 1339 ‚
1077 1270 1183 1349 spei
1201 1269 1301 1329 suae
1321 1267 1625 1327 rationibus
1644 1266 1860 1346 exposi-

232 1354 323 1406 tis·
364 1352 607 1408 Hunnus
627 1371 736 1409 erat
755 1352 1015 1432 Oldogan
1037 1359 1150 1428 ejus
1169 1352 1389 1430 praefidii
1408 1352 1586 1409 refitor
1607 1392 1623 1418 ,
1656 1373 1718 1408 ex
1742 1371 1857 1429 quo

233 1447 485 1512 tempore
507 1434 809 1513 Cyprianus
828 1434 855 1492 a
873 1433 967 1492 suo
984 1435 1145 1515 ipsius
1164 1434 1381 1494 satellite
1400 1476 1419 1502 ,
1450 1438 1523 1491 ita
1551 1451 1612 1491 ut
1628 1435 1857 1502 narravi,

231 1511 593 1573 obtruncatus
625 1517 885 1574 ceciderat
904 1560 917 1573 .
965 1521 1007 1575 is
1037 1518 1299 1599 Oldogan
1335 1539 1460 1575 cum
1495 1519 1652 1572 omni
1688 1518 1859 1573 milite
1872 1528 1885 1556 «¹

237 1596 542 1675 Spoletium
563 1619 826 1678 properat.
874 1623 1040 1679 quem
1059 1621 1114 1657 ut
1132 1605 1241 1674 jam
1263 1621 1431 1679 prope
1450 1599 1547 1656 effe
1564 1599 1852 1655 Martinia-

231 1699 335 1735 nus
352 1681 701 1747 intellexerat,
720 1703 844 1739 cum
866 1683 1127 1739 militibus
1143 1683 1456 1763 quindecim
1473 1687 1512 1754 j(
1530 1701 1616 1738 tot
1634 1684 1855 1737 enimin

232 1760 440 1818 consilii
466 1760 541 1818 sui
566 1762 871 1820 societatem
906 1771 1268 1843 pertraxerat)
1298 1766 1522 1843 Spoletii
1541 1760 1855 1842 praefec'cum

231 1842 363 1900 nihil
381 1847 664 1903 timentem
684 1846 885 1903 occidit
903 1887 917 1907 ,
952 1844 1226 1925 portisque
1246 1850 1441 1925 apertis
1459 1847 1746 1902 Romanos
1766 1866 1856 1901 ac-

232 1928 382 2003 cipit..
423 1928 501 1987 Hi
518 1930 699 1984 multis
718 1928 953 1985 hostium
982 1927 1278 1985 interfetffis
1311 1950 1424 1985 non
1444 1948 1644 2005 paucos
1664 1927 1727 1983 ad
1746 1930 1849 1985 Be-

230 2009 466 2065 lilarium
494 2024 677 2089 captos
699 2031 874 2089 egere.
919 2013 1052 2068 Non
1074 2013 1248 2068 multo
1267 2010 1386 2090 post
1414 2015 1468 2066 in
1488 2028 1730 2082 mentem
1752 2017 1849 2066 ve-

231 2093 315 2146 nit
330 2090 583 2147 Belisario
601 2095 841 2151 Romam
861 2095 935 2148 ire
955 2134 971 2160 ‚
1008 2100 1059 2151 δέ
1080 2115 1191 2171 quo
1214 2092 1431 2150 veniffet
1460 2093 1728 2151 malorum
1750 2112 1850 2148 co-

231 2192 345 2230 tam
368 2175 585 2230 intueri.
630 2180 814 2253 Itaque
850 2196 973 2232 cum
1006 2176 1212 2231 dileetis
1248 2176 1392 2231 mille
1425 2179 1526 2232 iter
1545 2176 1702 2252 capit.
1748 2172 1850 2230 Sed

229 2253 518 2320 Romanus
537 2257 757 2333 quidam
778 2278 1099 2333 praecurrens
1118 2257 1180 2313 ad
1195 2256 1374 2314 hostes
1391 2259 1447 2313 in
1471 2257 1674 2336 Algido
1690 2254 1853 2312 castra

229 2354 468 2394 metatos
497 2336 727 2395 Belisarii
760 2338 1021 2419 significat
1051 2339 1360 2396 adventum.
1401 2338 1621 2396 Barbari
1661 2337 1848 2418 pofitis

228 2439 326 2495 per
343 2421 459 2476 loca
477 2419 596 2476 urbi
616 2423 955 2498 circumjetssta
976 2422 1214 2487 infidus,
1249 2441 1308 2478 ut
1331 2425 1513 2495 jamin
1532 2425 1847 2499 propinquo

227 2501 537 2559 Belisarium
565 2502 781 2582 ejusque
801 2508 1026 2562 militem
1047 2503 1231 2569 vident
1251 2545 1267 2571 ,
1302 2504 1368 2560 de
1386 2501 1602 2560 latebris
1621 2500 1849 2559 consur—

226 2602 386 2662 gunt.
430 2590 683 2664 Pugnato
700 2591 915 2653 acriter,
949 2586 1221 2666 praevaluit
1251 2587 1637 2642 Romanorum
1659 2586 1846 2651 νὶτωε,

226 2668 325 2743 qui
344 2663 471 2724 fufis
488 2665 748 2731 hostibus,
774 2670 957 2725 multis
978 2670 1371 2735 &interemtis³
1389 2673 1616 2726 Portum
1634 2667 1847 2724 incolu-

228 2769 346 2805 mes
366 2748 609 2806 redeunt.
656 2755 704 2804 Is
739 2755 813 2806 rei
834 2750 980 2808 istius
1001 2749 1105 2807 fuit
1125 2752 1315 2810 exitus.
1361 2756 1421 2807 In
1444 2749 1691 2806 Calabria
1710 2749 1845 2804 mari

227 2830 432 2905 adjacet
463 2831 591 2888 urbs
622 2833 923 2891 Tarentum
948 2873 962 2894 ,
996 2832 1147 2891 bidui
1176 2829 1346 2897 ferme
1367 2832 1433 2888 ab
1447 2832 1737 2911 Hydrunte
1756 2832 1850 2906 ine

227 2915 450 2970 tervallo
472 2955 489 2981 ‚
522 2935 627 2993 qua
646 2917 701 2970 in
721 2914 966 2972 Thurios
984 2913 1373 2994 Rlieginosque
1393 2918 1494 2971 iter
1513 2913 1606 2970 est.
1646 2915 1775 2971 Huc
1791 2910 1843 2968 se

227 2993 493 3065 Iohannes
510 3038 529 3068 ,
558 2998 868 3064 Tarentinis
902 2995 1217 3078 quibusdam
1252 2996 1644 3063 advocantibus
1661 3035 1681 3066 ,
1713 3004 1841 3132 pum

1739 3091 1839 3130 uon
