<?xml version="1.0" encoding="UTF-8"?>
<!DOCTYPE html PUBLIC "-//W3C//DTD XHTML 1.0 Transitional//EN"
    "http://www.w3.org/TR/xhtml1/DTD/xhtml1-transitional.dtd">
<html xmlns="http://www.w3.org/1999/xhtml" xml:lang="en" lang="en">
 <head>
  <title>
</title>
<meta http-equiv="Content-Type" content="text/html;charset=utf-8" />
  <meta name='ocr-system' content='tesseract 3.04.00' />
  <meta name='ocr-capabilities' content='ocr_page ocr_carea ocr_par ocr_line ocrx_word'/>
</head>
<body>
  <div class='ocr_page' id='page_1' title='image "./historiagotthoru00grot_0393.png"; bbox 0 0 1888 3428; ppageno 0'>
   <div class='ocr_carea' id='block_1_1' title="bbox 12 176 1652 3145">
    <p class='ocr_par' dir='ltr' id='par_1_1' title="bbox 12 176 1652 3141">
     <span class='ocr_line' id='line_1_1' title="bbox 260 176 1652 282; baseline 0.017 -46"><span class='ocrx_word' id='word_1_1' title='bbox 260 176 703 244; x_wconf 70' lang='lat' dir='ltr'>Go-rTH‘icffi</span> <span class='ocrx_word' id='word_1_2' title='bbox 744 177 1095 249; x_wconf 61' lang='lat' dir='ltr'>&#39;His’roui</span> <span class='ocrx_word' id='word_1_3' title='bbox 1118 212 1168 249; x_wconf 64' lang='grc' dir='ltr'>,ιε</span> <span class='ocrx_word' id='word_1_4' title='bbox 1209 189 1450 255; x_wconf 62' lang='lat' dir='ltr'>[11³.st</span> <span class='ocrx_word' id='word_1_5' title='bbox 1537 192 1652 282; x_wconf 51' lang='lat'>‘22²7&#39;</span> 
     </span>
     <span class='ocr_line' id='line_1_2' title="bbox 29 253 1651 357; baseline 0.016 -41"><span class='ocrx_word' id='word_1_6' title='bbox 29 253 177 328; x_wconf 89' lang='lat' dir='ltr'>bant,</span> <span class='ocrx_word' id='word_1_7' title='bbox 197 263 610 345; x_wconf 83' lang='lat' dir='ltr'>tolerabantque</span> <span class='ocrx_word' id='word_1_8' title='bbox 630 271 780 337; x_wconf 89' lang='lat' dir='ltr'>dura,</span> <span class='ocrx_word' id='word_1_9' title='bbox 803 272 1151 353; x_wconf 75' lang='lat' dir='ltr'>multumque</span> <span class='ocrx_word' id='word_1_10' title='bbox 1167 279 1222 333; x_wconf 89' lang='lat' dir='ltr'>in</span> <span class='ocrx_word' id='word_1_11' title='bbox 1242 283 1461 357; x_wconf 89' lang='lat' dir='ltr'>periculi</span> <span class='ocrx_word' id='word_1_12' title='bbox 1483 302 1651 342; x_wconf 90' lang='lat' dir='ltr'>vene-</span> 
     </span>
     <span class='ocr_line' id='line_1_3' title="bbox 28 346 1648 430; baseline 0.015 -30"><span class='ocrx_word' id='word_1_13' title='bbox 28 362 162 401; x_wconf 84' lang='lat' dir='ltr'>rant.</span> <span class='ocrx_word' id='word_1_14' title='bbox 219 346 383 412; x_wconf 87' lang='lat' dir='ltr'>Tunc</span> <span class='ocrx_word' id='word_1_15' title='bbox 416 347 693 408; x_wconf 89' lang='lat' dir='ltr'>Belisarius</span> <span class='ocrx_word' id='word_1_16' title='bbox 724 350 963 412; x_wconf 76' lang='lat' dir='ltr'>Bucliam</span> <span class='ocrx_word' id='word_1_17' title='bbox 997 355 1154 430; x_wconf 82' lang='lat' dir='ltr'>jube-t</span> <span class='ocrx_word' id='word_1_18' title='bbox 1190 359 1479 424; x_wconf 87' lang='lat' dir='ltr'>ducentem</span> <span class='ocrx_word' id='word_1_19' title='bbox 1521 363 1648 426; x_wconf 82' lang='lat' dir='ltr'>suos</span> 
     </span>
     <span class='ocr_line' id='line_1_4' title="bbox 30 427 1645 522; baseline 0.015 -39"><span class='ocrx_word' id='word_1_20' title='bbox 30 429 291 508; x_wconf 80' lang='lat' dir='ltr'>(integris&#39;</span> <span class='ocrx_word' id='word_1_21' title='bbox 316 427 369 504; x_wconf 85' lang='lat' dir='ltr'>hi</span> <span class='ocrx_word' id='word_1_22' title='bbox 407 431 723 511; x_wconf 85' lang='lat' dir='ltr'>corporibus</span> <span class='ocrx_word' id='word_1_23' title='bbox 742 435 999 516; x_wconf 82' lang='lat' dir='ltr'><strong>equisque</strong></span> <span class='ocrx_word' id='word_1_24' title='bbox 1027 436 1258 520; x_wconf 63' lang='lat' dir='ltr'>&amp;pugna</span> <span class='ocrx_word' id='word_1_25' title='bbox 1289 444 1547 522; x_wconf 83' lang='lat' dir='ltr'>aderant)</span> <span class='ocrx_word' id='word_1_26' title='bbox 1584 452 1645 508; x_wconf 86' lang='lat' dir='ltr'>in.</span> 
     </span>
     <span class='ocr_line' id='line_1_5' title="bbox 24 511 1642 597; baseline 0.014 -31"><span class='ocrx_word' id='word_1_27' title='bbox 24 511 398 569; x_wconf 79' lang='lat' dir='ltr'>Neronianam</span> <span class='ocrx_word' id='word_1_28' title='bbox 438 516 712 593; x_wconf 83' lang='lat' dir='ltr'>planitiem</span> <span class='ocrx_word' id='word_1_29' title='bbox 747 521 822 576; x_wconf 82' lang='lat' dir='ltr'>ire</span> <span class='ocrx_word' id='word_1_30' title='bbox 840 560 854 585; x_wconf 93' lang='lat'>,</span> <span class='ocrx_word' id='word_1_31' title='bbox 891 519 1130 597; x_wconf 86' lang='lat' dir='ltr'>serojam</span> <span class='ocrx_word' id='word_1_32' title='bbox 1152 523 1255 582; x_wconf 63' lang='lat' dir='ltr'>die»</span> <span class='ocrx_word' id='word_1_33' title='bbox 1298 527 1419 584; x_wconf 89' lang='lat' dir='ltr'>Hac</span> <span class='ocrx_word' id='word_1_34' title='bbox 1438 528 1501 586; x_wconf 92' lang='lat' dir='ltr'>ad</span> <span class='ocrx_word' id='word_1_35' title='bbox 1517 528 1642 588; x_wconf 83' lang='lat' dir='ltr'>Ro-</span> 
     </span>
     <span class='ocr_line' id='line_1_6' title="bbox 23 594 1649 691; baseline 0.014 -43"><span class='ocrx_word' id='word_1_36' title='bbox 23 594 530 654; x_wconf 76' lang='lat' dir='ltr'>manos·acceffi0ne</span> <span class='ocrx_word' id='word_1_37' title='bbox 548 594 685 656; x_wconf 64' lang='lat' dir='ltr'>facta</span> <span class='ocrx_word' id='word_1_38' title='bbox 700 641 715 665; x_wconf 92' lang='lat'>‚</span> <span class='ocrx_word' id='word_1_39' title='bbox 738 597 1048 661; x_wconf 84' lang='lat' dir='ltr'>funduntur</span> <span class='ocrx_word' id='word_1_40' title='bbox 1061 601 1242 664; x_wconf 89' lang='lat' dir='ltr'>subito</span> <span class='ocrx_word' id='word_1_41' title='bbox 1261 608 1470 668; x_wconf 88' lang='lat' dir='ltr'>barbari</span> <span class='ocrx_word' id='word_1_42' title='bbox 1492 626 1505 667; x_wconf 67' lang='grc' dir='ltr'>ὲ</span> <span class='ocrx_word' id='word_1_43' title='bbox 1525 615 1649 691; x_wconf 51' lang='lat' dir='ltr'>quia</span> 
     </span>
     <span class='ocr_line' id='line_1_7' title="bbox 23 672 1645 758; baseline 0.014 -28"><span class='ocrx_word' id='word_1_44' title='bbox 23 672 129 730; x_wconf 88' lang='lat' dir='ltr'>bus</span> <span class='ocrx_word' id='word_1_45' title='bbox 147 675 282 734; x_wconf 86' lang='lat' dir='ltr'>dum</span> <span class='ocrx_word' id='word_1_46' title='bbox 302 676 485 736; x_wconf 81' lang='lat' dir='ltr'>insistit</span> <span class='ocrx_word' id='word_1_47' title='bbox 503 680 709 739; x_wconf 87' lang='lat' dir='ltr'>Buchas</span> <span class='ocrx_word' id='word_1_48' title='bbox 730 724 745 749; x_wconf 91' lang='lat'>,</span> <span class='ocrx_word' id='word_1_49' title='bbox 779 684 845 740; x_wconf 84' lang='lat' dir='ltr'>ab</span> <span class='ocrx_word' id='word_1_50' title='bbox 875 684 1041 744; x_wconf 87' lang='lat' dir='ltr'>hostis</span> <span class='ocrx_word' id='word_1_51' title='bbox 1064 690 1328 758; x_wconf 86' lang='lat' dir='ltr'>militibus</span> <span class='ocrx_word' id='word_1_52' title='bbox 1349 692 1645 753; x_wconf 81' lang='lat' dir='ltr'>duodecim</span> 
     </span>
     <span class='ocr_line' id='line_1_8' title="bbox 20 753 1645 856; baseline 0.014 -43"><span class='ocrx_word' id='word_1_53' title='bbox 20 753 190 815; x_wconf 85' lang='lat' dir='ltr'>hastas</span> <span class='ocrx_word' id='word_1_54' title='bbox 222 757 522 818; x_wconf 88' lang='lat' dir='ltr'>ferentibus</span> <span class='ocrx_word' id='word_1_55' title='bbox 555 765 611 819; x_wconf 87' lang='lat' dir='ltr'>in</span> <span class='ocrx_word' id='word_1_56' title='bbox 648 764 843 823; x_wconf 87' lang='lat' dir='ltr'>orbem</span> <span class='ocrx_word' id='word_1_57' title='bbox 867 769 1107 828; x_wconf 61' lang='lat' dir='ltr'>collectis</span> <span class='ocrx_word' id='word_1_58' title='bbox 1126 772 1410 834; x_wconf 79' lang='lat' dir='ltr'>clauditur.</span> <span class='ocrx_word' id='word_1_59' title='bbox 1451 780 1645 856; x_wconf 85' lang='lat' dir='ltr'>Atque</span> 
     </span>
     <span class='ocr_line' id='line_1_9' title="bbox 17 840 1647 923; baseline 0.015 -28"><span class='ocrx_word' id='word_1_60' title='bbox 17 840 97 896; x_wconf 87' lang='lat' dir='ltr'>illi</span> <span class='ocrx_word' id='word_1_61' title='bbox 132 862 257 898; x_wconf 92' lang='lat' dir='ltr'>eum</span> <span class='ocrx_word' id='word_1_62' title='bbox 294 861 573 923; x_wconf 86' lang='lat' dir='ltr'>quotquot</span> <span class='ocrx_word' id='word_1_63' title='bbox 593 865 742 903; x_wconf 89' lang='lat' dir='ltr'>erant</span> <span class='ocrx_word' id='word_1_64' title='bbox 761 847 920 908; x_wconf 85' lang='lat' dir='ltr'>hastis</span> <span class='ocrx_word' id='word_1_65' title='bbox 935 849 1202 912; x_wconf 87' lang='lat' dir='ltr'>feriebant</span> <span class='ocrx_word' id='word_1_66' title='bbox 1220 897 1237 922; x_wconf 86' lang='lat'><em>,</em></span> <span class='ocrx_word' id='word_1_67' title='bbox 1269 861 1429 917; x_wconf 85' lang='lat' dir='ltr'>irritis</span> <span class='ocrx_word' id='word_1_68' title='bbox 1447 859 1647 919; x_wconf 63' lang='lat' dir='ltr'>iffibus</span> 
     </span>
     <span class='ocr_line' id='line_1_10' title="bbox 18 922 1648 1023; baseline 0.015 -46"><span class='ocrx_word' id='word_1_69' title='bbox 18 937 116 998; x_wconf 87' lang='lat' dir='ltr'>per</span> <span class='ocrx_word' id='word_1_70' title='bbox 130 926 304 980; x_wconf 83' lang='lat' dir='ltr'>loricae</span> <span class='ocrx_word' id='word_1_71' title='bbox 322 922 659 998; x_wconf 82' lang='lat' dir='ltr'>firmitatem,</span> <span class='ocrx_word' id='word_1_72' title='bbox 679 930 775 992; x_wconf 72' lang='lat' dir='ltr'>nisi</span> <span class='ocrx_word' id='word_1_73' title='bbox 794 935 945 1010; x_wconf 86' lang='lat' dir='ltr'>quod</span> <span class='ocrx_word' id='word_1_74' title='bbox 966 935 1318 998; x_wconf 87' lang='lat' dir='ltr'>Gotthorum</span> <span class='ocrx_word' id='word_1_75' title='bbox 1341 963 1480 1000; x_wconf 90' lang='lat' dir='ltr'>unus</span> <span class='ocrx_word' id='word_1_76' title='bbox 1499 955 1648 1023; x_wconf 78' lang='lat' dir='ltr'>pone</span> 
     </span>
     <span class='ocr_line' id='line_1_11' title="bbox 18 1003 1646 1106; baseline 0.015 -47"><span class='ocrx_word' id='word_1_77' title='bbox 18 1003 228 1062; x_wconf 83' lang='lat' dir='ltr'>adstans</span> <span class='ocrx_word' id='word_1_78' title='bbox 249 1005 405 1085; x_wconf 87' lang='lat' dir='ltr'>super</span> <span class='ocrx_word' id='word_1_79' title='bbox 421 1009 697 1071; x_wconf 80' lang='lat' dir='ltr'>dexteram</span> <span class='ocrx_word' id='word_1_80' title='bbox 721 1015 931 1073; x_wconf 82' lang='lat' dir='ltr'>axillam</span> <span class='ocrx_word' id='word_1_81' title='bbox 948 1058 966 1084; x_wconf 90' lang='lat'>‚</span> <span class='ocrx_word' id='word_1_82' title='bbox 999 1040 1106 1099; x_wconf 85' lang='lat' dir='ltr'>qua</span> <span class='ocrx_word' id='word_1_83' title='bbox 1122 1019 1353 1081; x_wconf 85' lang='lat' dir='ltr'>humero</span> <span class='ocrx_word' id='word_1_84' title='bbox 1373 1029 1646 1106; x_wconf 45' lang='lat' dir='ltr'>jungitur}</span> 
     </span>
     <span class='ocr_line' id='line_1_12' title="bbox 16 1086 1644 1186; baseline 0.014 -42"><span class='ocrx_word' id='word_1_85' title='bbox 16 1089 213 1145; x_wconf 87' lang='lat' dir='ltr'>vulnus</span> <span class='ocrx_word' id='word_1_86' title='bbox 238 1086 443 1148; x_wconf 85' lang='lat' dir='ltr'>inflixit</span> <span class='ocrx_word' id='word_1_87' title='bbox 463 1113 642 1174; x_wconf 88' lang='lat' dir='ltr'>neque</span> <span class='ocrx_word' id='word_1_88' title='bbox 661 1118 914 1159; x_wconf 50' lang='lat' dir='ltr'>,mortem</span> <span class='ocrx_word' id='word_1_89' title='bbox 933 1122 1112 1181; x_wconf 88' lang='lat' dir='ltr'>neque</span> <span class='ocrx_word' id='word_1_90' title='bbox 1132 1110 1323 1163; x_wconf 86' lang='lat' dir='ltr'>mortis</span> <span class='ocrx_word' id='word_1_91' title='bbox 1344 1109 1644 1186; x_wconf 81' lang='lat' dir='ltr'>periculum</span> 
     </span>
     <span class='ocr_line' id='line_1_13' title="bbox 16 1165 1646 1262; baseline 0.015 -38"><span class='ocrx_word' id='word_1_92' title='bbox 16 1165 283 1234; x_wconf 83' lang='lat' dir='ltr'>adferens.</span> <span class='ocrx_word' id='word_1_93' title='bbox 327 1193 390 1229; x_wconf 81' lang='lat' dir='ltr'>ex</span> <span class='ocrx_word' id='word_1_94' title='bbox 425 1175 647 1234; x_wconf 89' lang='lat' dir='ltr'>adverso</span> <span class='ocrx_word' id='word_1_95' title='bbox 670 1182 800 1238; x_wconf 87' lang='lat' dir='ltr'>alius</span> <span class='ocrx_word' id='word_1_96' title='bbox 828 1181 1010 1241; x_wconf 85' lang='lat' dir='ltr'>femur</span> <span class='ocrx_word' id='word_1_97' title='bbox 1028 1187 1223 1244; x_wconf 79' lang='lat' dir='ltr'>laevum</span> <span class='ocrx_word' id='word_1_98' title='bbox 1245 1190 1532 1262; x_wconf 81' lang='lat' dir='ltr'>verberans</span> <span class='ocrx_word' id='word_1_99' title='bbox 1552 1210 1646 1248; x_wconf 90' lang='lat' dir='ltr'>to-</span> 
     </span>
     <span class='ocr_line' id='line_1_14' title="bbox 16 1252 1646 1340; baseline 0.014 -33"><span class='ocrx_word' id='word_1_100' title='bbox 16 1268 139 1308; x_wconf 82' lang='lat' dir='ltr'>rum</span> <span class='ocrx_word' id='word_1_101' title='bbox 171 1257 266 1332; x_wconf 86' lang='lat' dir='ltr'>qui</span> <span class='ocrx_word' id='word_1_102' title='bbox 302 1252 379 1310; x_wconf 89' lang='lat' dir='ltr'>ibi</span> <span class='ocrx_word' id='word_1_103' title='bbox 409 1253 484 1313; x_wconf 88' lang='lat' dir='ltr'>est</span> <span class='ocrx_word' id='word_1_104' title='bbox 514 1257 809 1340; x_wconf 88' lang='lat' dir='ltr'>obliquum</span> <span class='ocrx_word' id='word_1_105' title='bbox 846 1262 1011 1323; x_wconf 82' lang='lat' dir='ltr'>scidit.</span> <span class='ocrx_word' id='word_1_106' title='bbox 1057 1269 1462 1330; x_wconf 75' lang='lat' dir='ltr'>Videbant&#39;haec</span> <span class='ocrx_word' id='word_1_107' title='bbox 1480 1274 1646 1339; x_wconf 68' lang='lat' dir='ltr'>Vale-r</span> 
     </span>
     <span class='ocr_line' id='line_1_15' title="bbox 15 1335 1645 1433; baseline 0.013 -42"><span class='ocrx_word' id='word_1_108' title='bbox 15 1335 201 1392; x_wconf 84' lang='lat' dir='ltr'>rianus&#39;</span> <span class='ocrx_word' id='word_1_109' title='bbox 230 1341 284 1393; x_wconf 84' lang='lat'>&amp;</span> <span class='ocrx_word' id='word_1_110' title='bbox 320 1336 595 1397; x_wconf 86' lang='lat' dir='ltr'>Martinus</span> <span class='ocrx_word' id='word_1_111' title='bbox 613 1379 631 1409; x_wconf 83' lang='lat'>‚</span> <span class='ocrx_word' id='word_1_112' title='bbox 660 1342 1007 1426; x_wconf 80' lang='lat' dir='ltr'>subsidioque</span> <span class='ocrx_word' id='word_1_113' title='bbox 1028 1350 1236 1410; x_wconf 58' lang='lat' dir='ltr'>advensti</span> <span class='ocrx_word' id='word_1_114' title='bbox 1267 1353 1519 1433; x_wconf 87' lang='lat' dir='ltr'>depulere</span> <span class='ocrx_word' id='word_1_115' title='bbox 1536 1354 1645 1412; x_wconf 86' lang='lat' dir='ltr'>ho-</span> 
     </span>
     <span class='ocr_line' id='line_1_16' title="bbox 15 1414 1645 1512; baseline 0.015 -41"><span class='ocrx_word' id='word_1_116' title='bbox 15 1414 172 1479; x_wconf 84' lang='lat' dir='ltr'>stem,</span> <span class='ocrx_word' id='word_1_117' title='bbox 194 1422 248 1475; x_wconf 83' lang='lat'>&amp;</span> <span class='ocrx_word' id='word_1_118' title='bbox 267 1441 470 1498; x_wconf 85' lang='lat' dir='ltr'>equum</span> <span class='ocrx_word' id='word_1_119' title='bbox 484 1423 679 1482; x_wconf 82' lang='lat' dir='ltr'>Buchae</span> <span class='ocrx_word' id='word_1_120' title='bbox 702 1422 872 1485; x_wconf 81' lang='lat' dir='ltr'>fraeno</span> <span class='ocrx_word' id='word_1_121' title='bbox 891 1448 1138 1490; x_wconf 87' lang='lat' dir='ltr'>tenentes</span> <span class='ocrx_word' id='word_1_122' title='bbox 1157 1437 1356 1512; x_wconf 88' lang='lat' dir='ltr'>pariter</span> <span class='ocrx_word' id='word_1_123' title='bbox 1371 1441 1428 1494; x_wconf 89' lang='lat' dir='ltr'>in</span> <span class='ocrx_word' id='word_1_124' title='bbox 1446 1437 1645 1506; x_wconf 64' lang='lat' dir='ltr'>urbemi</span> 
     </span>
     <span class='ocr_line' id='line_1_17' title="bbox 14 1499 1639 1592; baseline 0.013 -36"><span class='ocrx_word' id='word_1_125' title='bbox 14 1499 241 1558; x_wconf 81' lang='lat' dir='ltr'>rediere.</span> <span class='ocrx_word' id='word_1_126' title='bbox 284 1508 396 1562; x_wconf 84' lang='lat' dir='ltr'>Iam</span> <span class='ocrx_word' id='word_1_127' title='bbox 415 1524 525 1562; x_wconf 85' lang='lat' dir='ltr'>nox</span> <span class='ocrx_word' id='word_1_128' title='bbox 546 1525 674 1573; x_wconf 88' lang='lat' dir='ltr'>erat,</span> <span class='ocrx_word' id='word_1_129' title='bbox 696 1514 752 1565; x_wconf 85' lang='lat'>&amp;</span> <span class='ocrx_word' id='word_1_130' title='bbox 771 1531 893 1569; x_wconf 87' lang='lat' dir='ltr'>cum</span> <span class='ocrx_word' id='word_1_131' title='bbox 915 1518 1159 1592; x_wconf 84' lang='lat' dir='ltr'>pecuniis</span> <span class='ocrx_word' id='word_1_132' title='bbox 1176 1517 1317 1576; x_wconf 90' lang='lat' dir='ltr'>adest</span> <span class='ocrx_word' id='word_1_133' title='bbox 1332 1519 1639 1592; x_wconf 54' lang='lat' dir='ltr'>Euthaliusg</span> 
     </span>
     <span class='ocr_line' id='line_1_18' title="bbox 14 1583 1643 1662; baseline 0.014 -24"><span class='ocrx_word' id='word_1_134' title='bbox 14 1585 83 1639; x_wconf 87' lang='lat' dir='ltr'>In</span> <span class='ocrx_word' id='word_1_135' title='bbox 103 1583 295 1651; x_wconf 81' lang='lat' dir='ltr'>urbem</span> <span class='ocrx_word' id='word_1_136' title='bbox 317 1586 549 1645; x_wconf 83' lang='lat' dir='ltr'>univerfi</span> <span class='ocrx_word' id='word_1_137' title='bbox 564 1607 624 1645; x_wconf 87' lang='lat' dir='ltr'>ut</span> <span class='ocrx_word' id='word_1_138' title='bbox 647 1612 903 1650; x_wconf 87' lang='lat' dir='ltr'>venerant</span> <span class='ocrx_word' id='word_1_139' title='bbox 923 1635 939 1662; x_wconf 63' lang='lat'><em>2</em></span> <span class='ocrx_word' id='word_1_140' title='bbox 974 1614 1093 1653; x_wconf 87' lang='lat' dir='ltr'>tum</span> <span class='ocrx_word' id='word_1_141' title='bbox 1112 1599 1334 1657; x_wconf 82' lang='lat' dir='ltr'>demum</span> <span class='ocrx_word' id='word_1_142' title='bbox 1354 1602 1421 1660; x_wconf 88' lang='lat' dir='ltr'>de</span> <span class='ocrx_word' id='word_1_143' title='bbox 1445 1604 1643 1662; x_wconf 82' lang='lat' dir='ltr'>vulne-</span> 
     </span>
     <span class='ocr_line' id='line_1_19' title="bbox 15 1664 1643 1764; baseline 0.015 -44"><span class='ocrx_word' id='word_1_144' title='bbox 15 1664 164 1722; x_wconf 86' lang='lat' dir='ltr'>ribus</span> <span class='ocrx_word' id='word_1_145' title='bbox 183 1670 421 1746; x_wconf 86' lang='lat' dir='ltr'>cogitare</span> <span class='ocrx_word' id='word_1_146' title='bbox 443 1690 670 1728; x_wconf 86' lang='lat' dir='ltr'>vacuum</span> <span class='ocrx_word' id='word_1_147' title='bbox 690 1669 814 1731; x_wconf 89' lang='lat' dir='ltr'>fuit.</span> <span class='ocrx_word' id='word_1_148' title='bbox 847 1680 1012 1735; x_wconf 77' lang='lat' dir='ltr'>&#39;Arzae</span> <span class='ocrx_word' id='word_1_149' title='bbox 1029 1699 1091 1734; x_wconf 87' lang='lat' dir='ltr'>ex</span> <span class='ocrx_word' id='word_1_150' title='bbox 1116 1701 1211 1737; x_wconf 86' lang='lat' dir='ltr'>ore</span> <span class='ocrx_word' id='word_1_151' title='bbox 1229 1684 1455 1741; x_wconf 88' lang='lat' dir='ltr'>evellere</span> <span class='ocrx_word' id='word_1_152' title='bbox 1471 1683 1643 1764; x_wconf 86' lang='lat' dir='ltr'>spicu-</span> 
     </span>
     <span class='ocr_line' id='line_1_20' title="bbox 12 1742 1644 1846; baseline 0.015 -43"><span class='ocrx_word' id='word_1_153' title='bbox 12 1742 130 1804; x_wconf 87' lang='lat' dir='ltr'>lum</span> <span class='ocrx_word' id='word_1_154' title='bbox 151 1751 408 1828; x_wconf 86' lang='lat' dir='ltr'>agitantes</span> <span class='ocrx_word' id='word_1_155' title='bbox 426 1753 619 1810; x_wconf 90' lang='lat' dir='ltr'>medici</span> <span class='ocrx_word' id='word_1_156' title='bbox 636 1751 871 1832; x_wconf 62' lang='lat' dir='ltr'>perplexi</span> <span class='ocrx_word' id='word_1_157' title='bbox 890 1756 1198 1818; x_wconf 85' lang='lat' dir='ltr'>haesitabant</span> <span class='ocrx_word' id='word_1_158' title='bbox 1214 1804 1231 1831; x_wconf 81' lang='lat'>,</span> <span class='ocrx_word' id='word_1_159' title='bbox 1251 1781 1365 1821; x_wconf 88' lang='lat' dir='ltr'>non</span> <span class='ocrx_word' id='word_1_160' title='bbox 1387 1786 1484 1846; x_wconf 87' lang='lat' dir='ltr'>pro</span> <span class='ocrx_word' id='word_1_161' title='bbox 1504 1789 1644 1837; x_wconf 68' lang='lat' dir='ltr'>ocu÷</span> 
     </span>
     <span class='ocr_line' id='line_1_21' title="bbox 13 1828 1643 1924; baseline 0.013 -39"><span class='ocrx_word' id='word_1_162' title='bbox 13 1829 72 1886; x_wconf 87' lang='lat' dir='ltr'>lo</span> <span class='ocrx_word' id='word_1_163' title='bbox 91 1828 300 1889; x_wconf 89' lang='lat' dir='ltr'>solliciti</span> <span class='ocrx_word' id='word_1_164' title='bbox 323 1874 340 1899; x_wconf 89' lang='lat'><strong><em>,</em></strong></span> <span class='ocrx_word' id='word_1_165' title='bbox 373 1855 538 1911; x_wconf 90' lang='lat' dir='ltr'>quem</span> <span class='ocrx_word' id='word_1_166' title='bbox 573 1833 769 1895; x_wconf 87' lang='lat' dir='ltr'>servari</span> <span class='ocrx_word' id='word_1_167' title='bbox 801 1839 946 1918; x_wconf 83' lang='lat' dir='ltr'>poffe</span> <span class='ocrx_word' id='word_1_168' title='bbox 983 1864 1082 1900; x_wconf 89' lang='lat' dir='ltr'>nec</span> <span class='ocrx_word' id='word_1_169' title='bbox 1115 1843 1428 1924; x_wconf 84' lang='lat' dir='ltr'>sperabant,</span> <span class='ocrx_word' id='word_1_170' title='bbox 1463 1849 1550 1909; x_wconf 89' lang='lat' dir='ltr'>sed</span> <span class='ocrx_word' id='word_1_171' title='bbox 1573 1846 1643 1916; x_wconf 64' lang='lat' dir='ltr'>nei</span> 
     </span>
     <span class='ocr_line' id='line_1_22' title="bbox 15 1912 1641 2007; baseline 0.014 -39"><span class='ocrx_word' id='word_1_172' title='bbox 15 1912 452 1973; x_wconf 87' lang='lat' dir='ltr'>membranarum</span> <span class='ocrx_word' id='word_1_173' title='bbox 485 1939 886 2002; x_wconf 87' lang='lat' dir='ltr'>nervorumque</span> <span class='ocrx_word' id='word_1_174' title='bbox 921 1927 977 1981; x_wconf 91' lang='lat' dir='ltr'>in</span> <span class='ocrx_word' id='word_1_175' title='bbox 1012 1939 1149 1984; x_wconf 48' lang='lat' dir='ltr'>eam*</span> <span class='ocrx_word' id='word_1_176' title='bbox 1162 1944 1369 2007; x_wconf 82' lang='lat' dir='ltr'>partem</span> <span class='ocrx_word' id='word_1_177' title='bbox 1402 1953 1641 1998; x_wconf 55' lang='lat' dir='ltr'>concur-‚-</span> 
     </span>
     <span class='ocr_line' id='line_1_23' title="bbox 14 1997 1641 2087; baseline 0.015 -38"><span class='ocrx_word' id='word_1_178' title='bbox 14 1997 248 2053; x_wconf 86' lang='lat' dir='ltr'>rentium</span> <span class='ocrx_word' id='word_1_179' title='bbox 285 2017 508 2078; x_wconf 86' lang='lat' dir='ltr'>ruptura</span> <span class='ocrx_word' id='word_1_180' title='bbox 541 2004 766 2060; x_wconf 74' lang='lat' dir='ltr'>exitium</span> <span class='ocrx_word' id='word_1_181' title='bbox 810 2003 1038 2066; x_wconf 87' lang='lat' dir='ltr'>adferret</span> <span class='ocrx_word' id='word_1_182' title='bbox 1071 2012 1187 2068; x_wconf 87' lang='lat' dir='ltr'>viro</span> <span class='ocrx_word' id='word_1_183' title='bbox 1230 2015 1370 2070; x_wconf 87' lang='lat' dir='ltr'>inter</span> <span class='ocrx_word' id='word_1_184' title='bbox 1392 2014 1641 2087; x_wconf 83' lang='lat' dir='ltr'>Belisarii</span> 
     </span>
     <span class='ocr_line' id='line_1_24' title="bbox 12 2075 1641 2173; baseline 0.015 -40"><span class='ocrx_word' id='word_1_185' title='bbox 12 2075 339 2149; x_wconf 80' lang='lat' dir='ltr'>domesticos</span> <span class='ocrx_word' id='word_1_186' title='bbox 376 2085 619 2161; x_wconf 88' lang='lat' dir='ltr'>principi.</span> <span class='ocrx_word' id='word_1_187' title='bbox 663 2087 825 2145; x_wconf 82' lang='lat' dir='ltr'>Forte</span> <span class='ocrx_word' id='word_1_188' title='bbox 857 2086 884 2144; x_wconf 78' lang='grc' dir='ltr'>ὲ</span> <span class='ocrx_word' id='word_1_189' title='bbox 917 2091 1138 2149; x_wconf 84' lang='lat' dir='ltr'>medicis</span> <span class='ocrx_word' id='word_1_190' title='bbox 1153 2093 1506 2173; x_wconf 68' lang='lat' dir='ltr'>Theoffistus</span> <span class='ocrx_word' id='word_1_191' title='bbox 1525 2104 1641 2165; x_wconf 76' lang='lat' dir='ltr'>cer-J</span> 
     </span>
     <span class='ocr_line' id='line_1_25' title="bbox 13 2163 1639 2243; baseline 0.016 -28"><span class='ocrx_word' id='word_1_192' title='bbox 13 2163 184 2217; x_wconf 91' lang='lat' dir='ltr'>vicem</span> <span class='ocrx_word' id='word_1_193' title='bbox 204 2179 417 2220; x_wconf 85' lang='lat' dir='ltr'>tentans</span> <span class='ocrx_word' id='word_1_194' title='bbox 436 2168 816 2242; x_wconf 68' lang='lat' dir='ltr'>percun&amp;atus</span> <span class='ocrx_word' id='word_1_195' title='bbox 838 2169 912 2227; x_wconf 86' lang='lat' dir='ltr'>est</span> <span class='ocrx_word' id='word_1_196' title='bbox 930 2171 1167 2233; x_wconf 89' lang='lat' dir='ltr'>saucium</span> <span class='ocrx_word' id='word_1_197' title='bbox 1186 2216 1204 2243; x_wconf 86' lang='lat'><strong><em>,</em></strong></span> <span class='ocrx_word' id='word_1_198' title='bbox 1242 2180 1552 2239; x_wconf 86' lang='lat' dir='ltr'>multumne</span> <span class='ocrx_word' id='word_1_199' title='bbox 1582 2181 1639 2242; x_wconf 84' lang='lat' dir='ltr'>id</span> 
     </span>
     <span class='ocr_line' id='line_1_26' title="bbox 12 2240 1639 2336; baseline 0.015 -38"><span class='ocrx_word' id='word_1_200' title='bbox 12 2240 230 2311; x_wconf 78' lang='lat' dir='ltr'>doleret.</span> <span class='ocrx_word' id='word_1_201' title='bbox 276 2247 486 2304; x_wconf 87' lang='lat' dir='ltr'>Fatenti</span> <span class='ocrx_word' id='word_1_202' title='bbox 501 2248 773 2319; x_wconf 86' lang='lat' dir='ltr'>dolorem,</span> <span class='ocrx_word' id='word_1_203' title='bbox 794 2258 847 2309; x_wconf 88' lang='lat'>&amp;</span> <span class='ocrx_word' id='word_1_204' title='bbox 869 2273 949 2321; x_wconf 86' lang='lat' dir='ltr'>tu,</span> <span class='ocrx_word' id='word_1_205' title='bbox 969 2259 1142 2336; x_wconf 90' lang='lat' dir='ltr'>inquit</span> <span class='ocrx_word' id='word_1_206' title='bbox 1162 2299 1177 2324; x_wconf 91' lang='lat'>,</span> <span class='ocrx_word' id='word_1_207' title='bbox 1215 2258 1383 2329; x_wconf 80' lang='lat' dir='ltr'>salvus</span> <span class='ocrx_word' id='word_1_208' title='bbox 1402 2303 1419 2330; x_wconf 88' lang='lat'>‚</span> <span class='ocrx_word' id='word_1_209' title='bbox 1458 2270 1513 2321; x_wconf 87' lang='lat'>&amp;</span> <span class='ocrx_word' id='word_1_210' title='bbox 1533 2264 1639 2331; x_wconf 85' lang='lat' dir='ltr'>tibi</span> 
     </span>
     <span class='ocr_line' id='line_1_27' title="bbox 12 2328 1634 2422; baseline 0.014 -41"><span class='ocrx_word' id='word_1_211' title='bbox 12 2328 299 2393; x_wconf 90' lang='lat' dir='ltr'>oculorum</span> <span class='ocrx_word' id='word_1_212' title='bbox 333 2329 424 2386; x_wconf 73' lang='lat' dir='ltr'>lux</span> <span class='ocrx_word' id='word_1_213' title='bbox 450 2370 465 2390; x_wconf 67' lang='lat'>2</span> <span class='ocrx_word' id='word_1_214' title='bbox 503 2351 830 2409; x_wconf 80' lang='lat' dir='ltr'>argumento</span> <span class='ocrx_word' id='word_1_215' title='bbox 865 2338 990 2395; x_wconf 90' lang='lat' dir='ltr'>inde</span> <span class='ocrx_word' id='word_1_216' title='bbox 1026 2340 1194 2398; x_wconf 62' lang='lat' dir='ltr'>duesto</span> <span class='ocrx_word' id='word_1_217' title='bbox 1218 2383 1233 2404; x_wconf 87' lang='lat'><em>,</em></span> <span class='ocrx_word' id='word_1_218' title='bbox 1268 2343 1420 2422; x_wconf 83' lang='lat' dir='ltr'>quod</span> <span class='ocrx_word' id='word_1_219' title='bbox 1443 2367 1634 2404; x_wconf 88' lang='lat' dir='ltr'>mucro</span> 
     </span>
     <span class='ocr_line' id='line_1_28' title="bbox 12 2406 1637 2506; baseline 0.015 -44"><span class='ocrx_word' id='word_1_220' title='bbox 12 2409 100 2470; x_wconf 81' lang='lat' dir='ltr'>teli</span> <span class='ocrx_word' id='word_1_221' title='bbox 133 2406 160 2464; x_wconf 72' lang='grc' dir='ltr'>εὶ</span> <span class='ocrx_word' id='word_1_222' title='bbox 194 2429 316 2468; x_wconf 91' lang='lat' dir='ltr'>cute</span> <span class='ocrx_word' id='word_1_223' title='bbox 350 2432 466 2468; x_wconf 92' lang='lat' dir='ltr'>non</span> <span class='ocrx_word' id='word_1_224' title='bbox 501 2414 664 2493; x_wconf 84' lang='lat' dir='ltr'>longe</span> <span class='ocrx_word' id='word_1_225' title='bbox 686 2415 1002 2477; x_wconf 83' lang='lat' dir='ltr'>abscederet.</span> <span class='ocrx_word' id='word_1_226' title='bbox 1048 2425 1205 2502; x_wconf 87' lang='lat' dir='ltr'>quod</span> <span class='ocrx_word' id='word_1_227' title='bbox 1225 2447 1358 2506; x_wconf 84' lang='lat' dir='ltr'>ergo</span> <span class='ocrx_word' id='word_1_228' title='bbox 1378 2430 1472 2485; x_wconf 86' lang='lat' dir='ltr'>teli</span> <span class='ocrx_word' id='word_1_229' title='bbox 1489 2427 1637 2487; x_wconf 80' lang='lat' dir='ltr'>foras</span> 
     </span>
     <span class='ocr_line' id='line_1_29' title="bbox 12 2492 1636 2588; baseline 0.016 -44"><span class='ocrx_word' id='word_1_230' title='bbox 12 2492 356 2567; x_wconf 86' lang='lat' dir='ltr'>prominebat</span> <span class='ocrx_word' id='word_1_231' title='bbox 373 2494 615 2553; x_wconf 82' lang='lat' dir='ltr'>evulsum</span> <span class='ocrx_word' id='word_1_232' title='bbox 633 2503 895 2575; x_wconf 82' lang='lat' dir='ltr'>projecit:</span> <span class='ocrx_word' id='word_1_233' title='bbox 928 2504 1159 2562; x_wconf 80' lang='lat' dir='ltr'>Nudatis</span> <span class='ocrx_word' id='word_1_234' title='bbox 1178 2509 1344 2588; x_wconf 87' lang='lat' dir='ltr'>igitur</span> <span class='ocrx_word' id='word_1_235' title='bbox 1362 2528 1485 2568; x_wconf 89' lang='lat' dir='ltr'>cute</span> <span class='ocrx_word' id='word_1_236' title='bbox 1506 2532 1636 2568; x_wconf 85' lang='lat' dir='ltr'>ner-</span> 
     </span>
     <span class='ocr_line' id='line_1_30' title="bbox 14 2574 1636 2674; baseline 0.016 -47"><span class='ocrx_word' id='word_1_237' title='bbox 14 2574 94 2627; x_wconf 84' lang='lat' dir='ltr'>vis</span> <span class='ocrx_word' id='word_1_238' title='bbox 108 2613 124 2638; x_wconf 86' lang='lat'>‚</span> <span class='ocrx_word' id='word_1_239' title='bbox 142 2594 411 2656; x_wconf 81' lang='lat' dir='ltr'>qua-parte</span> <span class='ocrx_word' id='word_1_240' title='bbox 432 2583 698 2637; x_wconf 81' lang='lat' dir='ltr'>maximus</span> <span class='ocrx_word' id='word_1_241' title='bbox 718 2582 876 2640; x_wconf 84' lang='lat' dir='ltr'>dolor</span> <span class='ocrx_word' id='word_1_242' title='bbox 896 2583 1222 2646; x_wconf 84' lang='lat' dir='ltr'>sentiebatur</span> <span class='ocrx_word' id='word_1_243' title='bbox 1236 2631 1251 2656; x_wconf 86' lang='lat'>‚</span> <span class='ocrx_word' id='word_1_244' title='bbox 1282 2589 1431 2650; x_wconf 88' lang='lat' dir='ltr'>facile</span> <span class='ocrx_word' id='word_1_245' title='bbox 1446 2596 1636 2674; x_wconf 58' lang='lat' dir='ltr'>eduxit</span> 
     </span>
     <span class='ocr_line' id='line_1_31' title="bbox 13 2650 1636 2755; baseline 0.016 -46"><span class='ocrx_word' id='word_1_246' title='bbox 13 2650 275 2730; x_wconf 86' lang='lat' dir='ltr'>spiculum</span> <span class='ocrx_word' id='word_1_247' title='bbox 306 2658 478 2716; x_wconf 88' lang='lat' dir='ltr'>tribus</span> <span class='ocrx_word' id='word_1_248' title='bbox 513 2660 684 2719; x_wconf 80' lang='lat' dir='ltr'>hamis</span> <span class='ocrx_word' id='word_1_249' title='bbox 709 2670 874 2723; x_wconf 75' lang='lat' dir='ltr'>acutis</span> <span class='ocrx_word' id='word_1_250' title='bbox 908 2668 1155 2728; x_wconf 89' lang='lat' dir='ltr'>constans</span> <span class='ocrx_word' id='word_1_251' title='bbox 1175 2709 1192 2739; x_wconf 59' lang='lat'>2</span> <span class='ocrx_word' id='word_1_252' title='bbox 1221 2694 1280 2729; x_wconf 86' lang='lat' dir='ltr'>ac</span> <span class='ocrx_word' id='word_1_253' title='bbox 1311 2673 1463 2732; x_wconf 83' lang='lat' dir='ltr'>fimul</span> <span class='ocrx_word' id='word_1_254' title='bbox 1483 2676 1636 2755; x_wconf 78' lang='lat' dir='ltr'>quod</span> 
     </span>
     <span class='ocr_line' id='line_1_32' title="bbox 15 2736 1634 2824; baseline 0.015 -32"><span class='ocrx_word' id='word_1_255' title='bbox 15 2736 110 2793; x_wconf 82' lang='lat' dir='ltr'>teli</span> <span class='ocrx_word' id='word_1_256' title='bbox 145 2741 290 2798; x_wconf 90' lang='lat' dir='ltr'>intus</span> <span class='ocrx_word' id='word_1_257' title='bbox 321 2741 558 2800; x_wconf 86' lang='lat' dir='ltr'>restabat.</span> <span class='ocrx_word' id='word_1_258' title='bbox 606 2748 688 2802; x_wconf 88' lang='lat' dir='ltr'>Sic</span> <span class='ocrx_word' id='word_1_259' title='bbox 710 2750 852 2805; x_wconf 90' lang='lat' dir='ltr'>malo</span> <span class='ocrx_word' id='word_1_260' title='bbox 873 2750 1125 2809; x_wconf 84' lang='lat' dir='ltr'>liberatus</span> <span class='ocrx_word' id='word_1_261' title='bbox 1155 2758 1323 2812; x_wconf 82' lang='lat' dir='ltr'>Arzes</span> <span class='ocrx_word' id='word_1_262' title='bbox 1344 2762 1634 2824; x_wconf 77' lang='lat' dir='ltr'>necicatri-</span> 
     </span>
     <span class='ocr_line' id='line_1_33' title="bbox 15 2823 1635 2915; baseline 0.016 -42"><span class='ocrx_word' id='word_1_263' title='bbox 15 2831 134 2876; x_wconf 83' lang='lat' dir='ltr'>cem</span> <span class='ocrx_word' id='word_1_264' title='bbox 168 2823 390 2901; x_wconf 82' lang='lat' dir='ltr'>quidem</span> <span class='ocrx_word' id='word_1_265' title='bbox 426 2827 482 2882; x_wconf 89' lang='lat' dir='ltr'>in</span> <span class='ocrx_word' id='word_1_266' title='bbox 515 2824 647 2885; x_wconf 81' lang='lat' dir='ltr'>facie</span> <span class='ocrx_word' id='word_1_267' title='bbox 676 2830 740 2886; x_wconf 89' lang='lat' dir='ltr'>de</span> <span class='ocrx_word' id='word_1_268' title='bbox 760 2832 978 2889; x_wconf 87' lang='lat' dir='ltr'>vulnere</span> <span class='ocrx_word' id='word_1_269' title='bbox 998 2838 1233 2895; x_wconf 85' lang='lat' dir='ltr'>retinuit.</span> <span class='ocrx_word' id='word_1_270' title='bbox 1281 2845 1486 2915; x_wconf 84' lang='lat' dir='ltr'>majore</span> <span class='ocrx_word' id='word_1_271' title='bbox 1507 2845 1635 2900; x_wconf 60' lang='lat' dir='ltr'>vio-2,</span> 
     </span>
     <span class='ocr_line' id='line_1_34' title="bbox 14 2901 1636 3000; baseline 0.012 -41"><span class='ocrx_word' id='word_1_272' title='bbox 14 2901 180 2960; x_wconf 85' lang='lat' dir='ltr'>lentia</span> <span class='ocrx_word' id='word_1_273' title='bbox 208 2904 402 2967; x_wconf 80' lang='lat' dir='ltr'>Cut&#39;ilae</span> <span class='ocrx_word' id='word_1_274' title='bbox 439 2930 650 2969; x_wconf 79' lang='lat' dir='ltr'>exemta</span> <span class='ocrx_word' id='word_1_275' title='bbox 688 2910 830 2969; x_wconf 87' lang='lat' dir='ltr'>hasta</span> <span class='ocrx_word' id='word_1_276' title='bbox 851 2956 867 2981; x_wconf 87' lang='lat'>‚</span> <span class='ocrx_word' id='word_1_277' title='bbox 905 2914 1174 2976; x_wconf 76' lang='lat' dir='ltr'>inhaeserat</span> <span class='ocrx_word' id='word_1_278' title='bbox 1197 2924 1357 2979; x_wconf 66' lang='lat' dir='ltr'>&#39;enim</span> <span class='ocrx_word' id='word_1_279' title='bbox 1389 2921 1636 3000; x_wconf 65' lang='lat' dir='ltr'>validius2</span> 
     </span>
     <span class='ocr_line' id='line_1_35' title="bbox 13 2982 1633 3141; baseline 0.009 -97"><span class='ocrx_word' id='word_1_280' title='bbox 13 2982 194 3068; x_wconf 65' lang='lat' dir='ltr'>effecit</span> <span class='ocrx_word' id='word_1_281' title='bbox 215 3005 277 3050; x_wconf 79' lang='lat' dir='ltr'>ut</span> <span class='ocrx_word' id='word_1_282' title='bbox 297 2993 460 3055; x_wconf 83' lang='lat' dir='ltr'>animi</span> <span class='ocrx_word' id='word_1_283' title='bbox 484 2990 859 3076; x_wconf 77' lang='lat' dir='ltr'>delinqueret:</span> <span class='ocrx_word' id='word_1_284' title='bbox 891 2995 1285 3084; x_wconf 81' lang='lat' dir='ltr'>flammatisque</span> <span class='ocrx_word' id='word_1_285' title='bbox 1316 3004 1515 3062; x_wconf 80' lang='lat' dir='ltr'>cerebri</span> <span class='ocrx_word' id='word_1_286' title='bbox 1545 3003 1633 3141; x_wconf 52' lang='lat' dir='ltr'>ila-i</span> 
     </span>
    </p>

    <p class='ocr_par' dir='ltr' id='par_1_2' title="bbox 969 3086 1634 3145">
     <span class='ocr_line' id='line_1_36' title="bbox 969 3086 1634 3145; baseline 0.009 -6"><span class='ocrx_word' id='word_1_287' title='bbox 969 3086 1009 3139; x_wconf 68' lang='lat' dir='ltr'>P</span> <span class='ocrx_word' id='word_1_288' title='bbox 1058 3093 1086 3137; x_wconf 58' lang='lat' dir='ltr'>a</span> <span class='ocrx_word' id='word_1_289' title='bbox 1476 3105 1543 3143; x_wconf 79' lang='lat' dir='ltr'>vo</span> <span class='ocrx_word' id='word_1_290' title='bbox 1572 3102 1634 3145; x_wconf 60' lang='lat' dir='ltr'>ue</span> 
     </span>
    </p>
   </div>
  </div>
 </body>
</html>
