1888 3428
208 133 595 190 Hts-rORIAE
635 128 852 186 VAND
873 144 1115 185 Amcffi
1154 131 1302 187 Lm.
1344 136 1427 190 11.
1517 153 1629 214 137

24 229 159 294 put,
189 220 249 272 δε
283 214 457 270 varios
491 213 645 269 vultu
679 211 889 267 colores
914 209 1138 266 induere
1157 216 1322 290 coepit
1341 252 1359 278 ‚
1397 215 1549 292 plane
1568 237 1631 275 ut

23 294 396 374 magnitudine
414 299 624 372 reiquae
645 289 905 372 agebatur
935 311 1210 371 appareret
1229 298 1512 354 attonituS.
1550 302 1632 356 in-
1685 317 1687 321 ’

25 377 91 436 de
125 383 310 435 Petrus
345 379 576 450 conjecit
592 373 743 453 quod
761 390 871 430 erat
892 414 908 441 ‚
936 395 1115 453 neque
1134 393 1316 432 tamen
1331 384 1632 438 enuntiavit

22 461 294 536 cuiquam,
316 459 469 536 quod
488 455 599 536 ipfi,
616 459 962 532 Imperatoris
979 460 1213 522 amanti,
1241 457 1480 536 placebat
1497 482 1634 518 con-

18 537 208 596 filium.
244 543 322 595 At
342 538 631 605 Artasiren‚
650 558 819 616 prope
838 536 1172 595 Gontharim
1191 553 1314 596 cum
1332 540 1634 606 acceffiffet,

19 619 48 678 ex
67 618 260 677 servitii
283 622 439 679 turba
458 619 599 678 forte
618 618 769 677 trusit
789 621 981 699 aliquis
996 661 1012 687 ‚
1033 627 1087 678 &
1106 619 1281 679 ceffim
1303 626 1480 680 euntis
1498 629 1634 683 con-

22 700 187 778 spexit
205 699 383 760 ensem
406 709 596 784 vagina
610 720 832 759 exutum
856 742 872 766 ‚
912 701 1264 785 protinusque
1299 709 1636 767 exclamavit.

21 785 152 853 Otu
171 826 188 853 ,
221 786 471 863 quidhoc
490 783 563 843 est
583 787 656 841 rei
687 791 709 843 ?
740 784 816 842 ibi
836 783 1139 843 Gontharis
1175 786 1240 844 ad
1271 787 1512 846 dextram
1532 813 1631 849 au·-

18 887 132 924 rem
169 869 387 933 admota
417 889 580 925 manu
600 909 616 933 ,
649 887 745 924 ore
779 865 1041 925 converso
1077 866 1248 947 ipsum
1286 873 1516 928 intuitus
1535 872 1632 931 est.

19 948 281 1006 Artafires
311 954 527 1008 interim
562 947 765 1007 incuffu
784 950 946 1031 gladii
964 969 1167 1029 partem
1188 951 1388 1010 cerebri
1408 975 1530 1011 cum
1550 957 1637 1013 di·-

17 1034 143 1111 gitis
174 1030 426 1093 abstulit0·
453 1032 625 1092 Simul
658 1036 849 1089 Petrus
882 1033 1040 1090 elatos
1062 1036 1293 1093 clamore
1314 1033 1635 1097 hortabatur

16 1112 600 1191 Artafiremmefarium
619 1113 904 1174 hominem
920 1134 980 1173 ut
998 1115 1311 1175 conficeret.
1333 1121 1634 1199 erigentem

16 1194 71 1255 se
104 1194 655 1261 Gontharimsvidens
670 1196 974 1255 Artabanes
992 1239 1009 1263 ‚
1038 1217 1098 1255 ut
1119 1203 1402 1277 proximus
1416 1222 1637 1261 aecum-

18 1275 185 1336 bebat
206 1270 232 1345 ,¹
257 1282 542 1361 ancipitem
580 1277 891 1340 machaeram
914 1321 931 1347 ‚
957 1301 1068 1359 quae
1091 1285 1140 1337 ei
1158 1282 1221 1338 ad
1238 1279 1418 1340 femur
1442 1305 1637 1364 magna

21 1360 293 1438 pendebat
315 1402 332 1429 ‚
354 1364 411 1418 in
430 1358 692 1418 sinistrum
712 1360 1067 1438 Gontharidis
1084 1362 1225 1419 latus
1243 1365 1435 1441 capulo
1454 1364 1637 1425 defos-

21 1439 129 1499 sam
147 1483 164 1510 ,
201 1441 275 1499 ibi
293 1445 528 1522 reliquit.
576 1463 753 1522 neque
774 1444 1053 1500 minusille
1083 1442 1296 1525 surgere
1314 1446 1631 1516 conabatur,

21 1522 112 1582 sed
146 1524 349 1582 viribus
385 1520 668 1582 mortifero
690 1527 906 1582 vulnere
926 1524 1305 1585 deficientibus
1324 1529 1632 1589 collabitur.

22 1611 103 1668 At
121 1606 360 1664 Artafirae
380 1606 630 1664 Vlitheus
653 1609 880 1686 impegit
911 1608 1146 1685 gladium
1168 1647 1185 1671 ,
1217 1628 1376 1687 caput
1407 1629 1634 1688 petens:

21 1688 112 1744 ille
133 1709 260 1746 vero
278 1689 462 1747 laevam
481 1687 815 1767 praetendens
835 1691 992 1766 capiti
1014 1728 1029 1754 ‚
1060 1686 1285 1747 solertiae
1317 1689 1417 1748 suae
1437 1733 1452 1759 ,
1491 1711 1636 1752 tem-

21 1790 155 1849 pore
175 1772 403 1828 maxime
421 1765 703 1827 neceffario
721 1810 738 1836 ,
767 1766 1008 1826 fruc'tum
1029 1771 1168 1828 tulit.
1215 1770 1468 1831 hebetato
1487 1779 1635 1834 enim

23 1852 204 1930 gladio
239 1856 294 1909 in
329 1855 650 1933 Sagittarum
676 1870 846 1931 partes
864 1850 1082 1909 brachio
1104 1853 1379 1932 oppositas
1399 1897 1416 1923 ‚
1448 1857 1633 1917 illaesus

23 1931 148 2012 ipse,
170 1934 445 1993 Vlitheum
466 1931 615 1991 facile
634 1930 924 1991 interfecit.
966 1940 1156 1992 Petrus
1177 1957 1303 1993 vero
1327 1943 1381 1994 δε
1399 1940 1637 1998 Artaba-

23 2037 119 2073 nes
153 2014 330 2075 ensem
360 2035 590 2097 uterque
612 2018 844 2073 alienum
864 2057 880 2084 ‚
915 2018 998 2075 ille
1021 2016 1377 2080 Gontharidis
1399 2025 1491 2100 qui
1511 2020 1635 2080 fue-

25 2114 123 2163 rat,
144 2099 228 2156 hic
247 2096 503 2158 eductum
524 2098 723 2157 Vlithei
745 2097 989 2176 prostrati
1009 2099 1073 2156 de
1095 2121 1321 2180 corpore
1339 2143 1356 2169 ,
1377 2107 1636 2183 arripien-

24 2198 103 2237 tes
123 2221 138 2241 ,
173 2179 455 2240 satellitum
490 2183 706 2259 reliquis
743 2184 903 2237 vitam
935 2181 1201 2241 adimunt.
1246 2188 1392 2241 Orto
1411 2184 1553 2253 hine,
1576 2207 1636 2247 ut

23 2258 174 2320 facile
193 2260 417 2331 creditu,
438 2261 658 2344 strepitu
680 2268 733 2320 &
753 2264 983 2320 clamore
1002 2267 1210 2344 ingenti
1233 2306 1249 2332 ‚
1287 2284 1345 2324 ut
1363 2288 1488 2325 eum
1510 2292 1636 2350 per-

0 2359 2 2363 ’
23 2365 272 2422 ceperant
288 2349 570 2409 Armenii,
603 2347 698 2424 qui
724 2349 878 2417 juxta
911 2346 1270 2405 Gontharidis
1294 2350 1637 2412 excubitores

20 2424 301 2491 adstabant
317 2472 333 2494 ,
358 2427 567 2492 sumtiS‚
589 2445 650 2484 ut
670 2430 992 2505 imperatum
1014 2426 1191 2486 fuerat
1207 2474 1221 2494 ‚
1252 2428 1412 2489 scutis
1429 2472 1448 2499 ,
1482 2435 1545 2492 ad
1563 2436 1638 2493 le-

24 2508 144 2573 &cos
160 2509 410 2574 cursitant
428 2550 445 2576 ,
465 2508 844 2587 Vandalosque
867 2531 1060 2575 omnes
1078 2517 1133 2569 &
1153 2513 1283 2569 alios
1302 2513 1638 2576 Gontharidi

21 2586 300 2653 familiares
331 2595 605 2672 perimunt
622 2631 641 2657 ‚
670 2590 917 2652 obstante
947 2597 1183 2655 nemine.
1225 2596 1391 2657 Tunc
1407 2598 1637 2662 Artaba-

24 2692 122 2735 nes
158 2672 505 2737 Athanasium
544 2674 842 2732 obtestatus
860 2673 935 2736 est
953 2717 973 2747 2
1005 2678 1181 2754 palatii
1201 2695 1261 2735 ut
1278 2700 1461 2738 curam
1478 2703 1637 2762 gere-

23 2770 107 2810 ret
141 2775 156 2811 ε
194 2754 269 2812 ibi
289 2777 523 2836 namque
542 2756 641 2815 effe
660 2760 846 2814 omnia
865 2797 886 2822 ,
918 2780 1037 2837 quae
1067 2759 1394 2819 Areobindo
1413 2759 1637 2822 fortuna

24 2836 326 2915 reliquiffet.
367 2837 703 2901 excubitores
723 2837 1077 2900 Gontharidis
1096 2883 1113 2909 ,
1133 2861 1194 2900 ut
1215 2840 1384 2901 finem
1403 2850 1519 2919 ejus
1539 2868 1638 2903 co-

27 2938 270 2998 gnovere
289 2959 308 2990 ,
341 2923 614 2981 Armeniis
650 2919 697 2979 se
733 2920 1074 2985 addiderunt..
1120 2924 1287 2986 Erant
1308 2930 1455 2986 enim
1476 2930 1636 2985 multi

1052 3010 1078 3062 I
1124 3021 1148 3082 5
1569 3006 1638 3068 de
