<?xml version="1.0" encoding="UTF-8"?>
<!DOCTYPE html PUBLIC "-//W3C//DTD XHTML 1.0 Transitional//EN"
    "http://www.w3.org/TR/xhtml1/DTD/xhtml1-transitional.dtd">
<html xmlns="http://www.w3.org/1999/xhtml" xml:lang="en" lang="en">
 <head>
  <title>
</title>
<meta http-equiv="Content-Type" content="text/html;charset=utf-8" />
  <meta name='ocr-system' content='tesseract 3.04.00' />
  <meta name='ocr-capabilities' content='ocr_page ocr_carea ocr_par ocr_line ocrx_word'/>
</head>
<body>
  <div class='ocr_page' id='page_1' title='image "./historiagotthoru00grot_0373.png"; bbox 0 0 1888 3428; ppageno 0'>
   <div class='ocr_carea' id='block_1_1' title="bbox 0 127 1645 2934">
    <p class='ocr_par' dir='ltr' id='par_1_1' title="bbox 0 127 1645 2749">
     <span class='ocr_line' id='line_1_1' title="bbox 215 127 1641 224; baseline 0.003 -26"><span class='ocrx_word' id='word_1_1' title='bbox 215 127 658 198; x_wconf 52' lang='lat' dir='ltr'><strong>Gor-&#39;rimas</strong></span> <span class='ocrx_word' id='word_1_2' title='bbox 696 134 1105 196; x_wconf 72' lang='lat' dir='ltr'><strong>H1s⁷r0R1AE</strong></span> <span class='ocrx_word' id='word_1_3' title='bbox 1148 138 1374 197; x_wconf 71' lang='lat' dir='ltr'><strong>L12.I.</strong></span> <span class='ocrx_word' id='word_1_4' title='bbox 1520 137 1641 224; x_wconf 64' lang='lat'><strong>257</strong></span> 
     </span>
     <span class='ocr_line' id='line_1_2' title="bbox 19 218 1644 302; baseline 0.002 -21"><span class='ocrx_word' id='word_1_5' title='bbox 19 219 188 302; x_wconf 73' lang='lat' dir='ltr'><strong>jussit.</strong></span> <span class='ocrx_word' id='word_1_6' title='bbox 215 225 218 227; x_wconf 66' lang='grc'><strong><em>’</em></strong></span> <span class='ocrx_word' id='word_1_7' title='bbox 233 222 394 280; x_wconf 88' lang='lat' dir='ltr'><strong>Circa</strong></span> <span class='ocrx_word' id='word_1_8' title='bbox 411 219 590 301; x_wconf 88' lang='lat' dir='ltr'><strong>pulsus</strong></span> <span class='ocrx_word' id='word_1_9' title='bbox 607 218 832 300; x_wconf 85' lang='lat' dir='ltr'>hyberni</span> <span class='ocrx_word' id='word_1_10' title='bbox 851 234 1098 298; x_wconf 89' lang='lat' dir='ltr'><strong>tempora</strong></span> <span class='ocrx_word' id='word_1_11' title='bbox 1114 219 1250 276; x_wconf 86' lang='lat' dir='ltr'><strong>miffi</strong></span> <span class='ocrx_word' id='word_1_12' title='bbox 1266 222 1319 278; x_wconf 89' lang='lat' dir='ltr'><strong>hi</strong></span> <span class='ocrx_word' id='word_1_13' title='bbox 1340 241 1644 290; x_wconf 89' lang='lat' dir='ltr'><strong>erant‚cum</strong></span> 
     </span>
     <span class='ocr_line' id='line_1_3' title="bbox 23 303 1643 381; baseline -0.002 -15"><span class='ocrx_word' id='word_1_14' title='bbox 23 328 180 366; x_wconf 86' lang='lat' dir='ltr'><strong>novo</strong></span> <span class='ocrx_word' id='word_1_15' title='bbox 199 308 433 364; x_wconf 83' lang='lat' dir='ltr'><strong>exercitu</strong></span> <span class='ocrx_word' id='word_1_16' title='bbox 460 307 516 360; x_wconf 89' lang='lat' dir='ltr'><strong>in</strong></span> <span class='ocrx_word' id='word_1_17' title='bbox 534 304 736 379; x_wconf 83' lang='lat' dir='ltr'><strong>Italiam</strong></span> <span class='ocrx_word' id='word_1_18' title='bbox 757 303 1079 381; x_wconf 84' lang='lat' dir='ltr'><strong>navigaturi.</strong></span> <span class='ocrx_word' id='word_1_19' title='bbox 1122 303 1224 361; x_wconf 92' lang='lat' dir='ltr'><strong>Sed</strong></span> <span class='ocrx_word' id='word_1_20' title='bbox 1242 324 1368 360; x_wconf 91' lang='lat' dir='ltr'><strong>cum</strong></span> <span class='ocrx_word' id='word_1_21' title='bbox 1391 307 1454 363; x_wconf 89' lang='lat' dir='ltr'><strong>ad</strong></span> <span class='ocrx_word' id='word_1_22' title='bbox 1482 307 1643 367; x_wconf 84' lang='lat' dir='ltr'><strong>Grae-</strong></span> 
     </span>
     <span class='ocr_line' id='line_1_4' title="bbox 25 381 1642 466; baseline 0.001 -20"><span class='ocrx_word' id='word_1_23' title='bbox 25 392 118 447; x_wconf 86' lang='lat' dir='ltr'><strong>ciae</strong></span> <span class='ocrx_word' id='word_1_24' title='bbox 150 409 302 446; x_wconf 89' lang='lat' dir='ltr'><strong>oram</strong></span> <span class='ocrx_word' id='word_1_25' title='bbox 321 388 559 466; x_wconf 71' lang='lat' dir='ltr'><strong>perveffi</strong></span> <span class='ocrx_word' id='word_1_26' title='bbox 577 381 742 443; x_wconf 86' lang='lat' dir='ltr'><strong>effent</strong></span> <span class='ocrx_word' id='word_1_27' title='bbox 760 424 779 452; x_wconf 88' lang='lat'>,</span> <span class='ocrx_word' id='word_1_28' title='bbox 823 382 966 442; x_wconf 87' lang='lat' dir='ltr'><strong>baud</strong></span> <span class='ocrx_word' id='word_1_29' title='bbox 989 385 1124 442; x_wconf 90' lang='lat' dir='ltr'><strong>ultra</strong></span> <span class='ocrx_word' id='word_1_30' title='bbox 1150 387 1466 463; x_wconf 79' lang='lat' dir='ltr'><strong>pertendere</strong></span> <span class='ocrx_word' id='word_1_31' title='bbox 1487 394 1642 448; x_wconf 86' lang='lat' dir='ltr'><strong>navi-</strong></span> 
     </span>
     <span class='ocr_line' id='line_1_5' title="bbox 23 462 1644 553; baseline 0.001 -25"><span class='ocrx_word' id='word_1_32' title='bbox 23 471 206 553; x_wconf 84' lang='lat' dir='ltr'>gando</span> <span class='ocrx_word' id='word_1_33' title='bbox 231 488 458 551; x_wconf 88' lang='lat' dir='ltr'><strong>potuere</strong></span> <span class='ocrx_word' id='word_1_34' title='bbox 475 509 493 536; x_wconf 89' lang='lat'>‚</span> <span class='ocrx_word' id='word_1_35' title='bbox 536 465 625 526; x_wconf 90' lang='lat' dir='ltr'><strong>sed</strong></span> <span class='ocrx_word' id='word_1_36' title='bbox 642 467 814 524; x_wconf 69' lang='lat' dir='ltr'><strong>coaffi</strong></span> <span class='ocrx_word' id='word_1_37' title='bbox 831 462 954 525; x_wconf 90' lang='lat' dir='ltr'><strong>sunt</strong></span> <span class='ocrx_word' id='word_1_38' title='bbox 973 487 1065 545; x_wconf 91' lang='lat' dir='ltr'><strong>per</strong></span> <span class='ocrx_word' id='word_1_39' title='bbox 1095 471 1351 526; x_wconf 82' lang='lat' dir='ltr'><strong>AEtoliam</strong></span> <span class='ocrx_word' id='word_1_40' title='bbox 1372 488 1533 550; x_wconf 86' lang='lat' dir='ltr'><strong>atque</strong></span> <span class='ocrx_word' id='word_1_41' title='bbox 1555 477 1644 529; x_wconf 80' lang='lat' dir='ltr'><strong>A·</strong></span> 
     </span>
     <span class='ocr_line' id='line_1_6' title="bbox 24 550 1642 631; baseline 0.001 -20"><span class='ocrx_word' id='word_1_42' title='bbox 24 557 327 611; x_wconf 89' lang='lat' dir='ltr'><strong>carnaniam</strong></span> <span class='ocrx_word' id='word_1_43' title='bbox 358 551 609 631; x_wconf 89' lang='lat' dir='ltr'><strong>hyemem</strong></span> <span class='ocrx_word' id='word_1_44' title='bbox 639 550 783 606; x_wconf 89' lang='lat' dir='ltr'><strong>illam</strong></span> <span class='ocrx_word' id='word_1_45' title='bbox 824 570 1003 630; x_wconf 84' lang='lat' dir='ltr'><strong>agere.</strong></span> <span class='ocrx_word' id='word_1_46' title='bbox 1046 551 1181 607; x_wconf 84' lang='lat' dir='ltr'><strong>Haec</strong></span> <span class='ocrx_word' id='word_1_47' title='bbox 1211 552 1277 607; x_wconf 90' lang='lat' dir='ltr'><strong>ab</strong></span> <span class='ocrx_word' id='word_1_48' title='bbox 1307 557 1642 631; x_wconf 79' lang='lat' dir='ltr'><strong>Imperatore</strong></span> 
     </span>
     <span class='ocr_line' id='line_1_7' title="bbox 22 631 1645 713; baseline 0.001 -20"><span class='ocrx_word' id='word_1_49' title='bbox 22 633 276 694; x_wconf 82' lang='lat' dir='ltr'><strong>Belisario</strong></span> <span class='ocrx_word' id='word_1_50' title='bbox 309 637 555 692; x_wconf 86' lang='lat' dir='ltr'><strong>nuntiata</strong></span> <span class='ocrx_word' id='word_1_51' title='bbox 587 634 764 689; x_wconf 91' lang='lat' dir='ltr'><strong>multo</strong></span> <span class='ocrx_word' id='word_1_52' title='bbox 793 635 848 688; x_wconf 70' lang='grc' dir='ltr'><strong>δεῖ</strong></span> <span class='ocrx_word' id='word_1_53' title='bbox 878 631 1050 713; x_wconf 89' lang='lat' dir='ltr'><strong>ipsum</strong></span> <span class='ocrx_word' id='word_1_54' title='bbox 1072 639 1125 691; x_wconf 71' lang='grc' dir='ltr'><strong>δε</strong></span> <span class='ocrx_word' id='word_1_55' title='bbox 1147 637 1343 691; x_wconf 79' lang='lat' dir='ltr'><strong>milites</strong></span> <span class='ocrx_word' id='word_1_56' title='bbox 1362 636 1426 692; x_wconf 88' lang='lat' dir='ltr'><strong>ad</strong></span> <span class='ocrx_word' id='word_1_57' title='bbox 1457 640 1645 694; x_wconf 83' lang='lat' dir='ltr'><strong>munia</strong></span> 
     </span>
     <span class='ocr_line' id='line_1_8' title="bbox 25 714 1643 796; baseline 0.001 -21"><span class='ocrx_word' id='word_1_58' title='bbox 25 719 219 776; x_wconf 61' lang='lat' dir='ltr'><strong>cuneta</strong></span> <span class='ocrx_word' id='word_1_59' title='bbox 254 719 531 776; x_wconf 85' lang='lat' dir='ltr'><strong>alacriores</strong></span> <span class='ocrx_word' id='word_1_60' title='bbox 567 714 865 772; x_wconf 87' lang='lat' dir='ltr'><strong>reddidere.</strong></span> <span class='ocrx_word' id='word_1_61' title='bbox 922 718 1142 773; x_wconf 82' lang='lat' dir='ltr'><strong>Interim</strong></span> <span class='ocrx_word' id='word_1_62' title='bbox 1165 717 1295 795; x_wconf 87' lang='lat' dir='ltr'><strong>quid</strong></span> <span class='ocrx_word' id='word_1_63' title='bbox 1329 720 1643 796; x_wconf 81' lang='lat' dir='ltr'><strong>Neapolie·</strong></span> 
     </span>
     <span class='ocr_line' id='line_1_9' title="bbox 23 793 1644 878; baseline 0.001 -20"><span class='ocrx_word' id='word_1_64' title='bbox 23 803 235 859; x_wconf 87' lang='lat' dir='ltr'><strong>venerit</strong></span> <span class='ocrx_word' id='word_1_65' title='bbox 266 793 562 878; x_wconf 81' lang='lat' dir='ltr'><strong>expediam.</strong></span> <span class='ocrx_word' id='word_1_66' title='bbox 620 796 806 853; x_wconf 86' lang='lat' dir='ltr'><strong>Stabat</strong></span> <span class='ocrx_word' id='word_1_67' title='bbox 841 801 896 853; x_wconf 93' lang='lat' dir='ltr'><strong>in</strong></span> <span class='ocrx_word' id='word_1_68' title='bbox 931 794 1056 854; x_wconf 87' lang='lat' dir='ltr'><strong>foro</strong></span> <span class='ocrx_word' id='word_1_69' title='bbox 1089 798 1456 857; x_wconf 75' lang='lat' dir='ltr'><strong>Theuderichi</strong></span> <span class='ocrx_word' id='word_1_70' title='bbox 1490 802 1644 869; x_wconf 67' lang='grc' dir='ltr'><strong>(Ξυπ-Δ</strong></span> 
     </span>
     <span class='ocr_line' id='line_1_10' title="bbox 22 877 1643 962; baseline 0.002 -22"><span class='ocrx_word' id='word_1_71' title='bbox 22 881 244 940; x_wconf 85' lang='lat' dir='ltr'><strong>thorum</strong></span> <span class='ocrx_word' id='word_1_72' title='bbox 267 882 519 962; x_wconf 88' lang='lat' dir='ltr'><strong>principis</strong></span> <span class='ocrx_word' id='word_1_73' title='bbox 539 877 745 959; x_wconf 81' lang='lat' dir='ltr'><strong>effigies</strong></span> <span class='ocrx_word' id='word_1_74' title='bbox 779 900 841 937; x_wconf 82' lang='lat' dir='ltr'><strong>ex</strong></span> <span class='ocrx_word' id='word_1_75' title='bbox 863 883 1072 939; x_wconf 91' lang='lat' dir='ltr'><strong>calculis</strong></span> <span class='ocrx_word' id='word_1_76' title='bbox 1108 884 1348 953; x_wconf 83' lang='lat' dir='ltr'><strong>minimis</strong></span> <span class='ocrx_word' id='word_1_77' title='bbox 1379 882 1465 940; x_wconf 89' lang='lat' dir='ltr'><strong>sed</strong></span> <span class='ocrx_word' id='word_1_78' title='bbox 1485 889 1643 943; x_wconf 86' lang='lat' dir='ltr'><strong>omni</strong></span> 
     </span>
     <span class='ocr_line' id='line_1_11' title="bbox 21 962 1644 1047; baseline 0.002 -25"><span class='ocrx_word' id='word_1_79' title='bbox 21 967 270 1037; x_wconf 80' lang='lat' dir='ltr'><strong>colorum</strong></span> <span class='ocrx_word' id='word_1_80' title='bbox 288 984 484 1044; x_wconf 86' lang='lat' dir='ltr'><strong>genere</strong></span> <span class='ocrx_word' id='word_1_81' title='bbox 504 966 660 1019; x_wconf 85' lang='lat' dir='ltr'><strong>variis</strong></span> <span class='ocrx_word' id='word_1_82' title='bbox 680 962 999 1042; x_wconf 80' lang='lat' dir='ltr'><strong>composita.</strong></span> <span class='ocrx_word' id='word_1_83' title='bbox 1057 965 1238 1040; x_wconf 87' lang='lat' dir='ltr'><strong>Hujus</strong></span> <span class='ocrx_word' id='word_1_84' title='bbox 1267 964 1451 1023; x_wconf 79' lang='lat' dir='ltr'><strong>statuae</strong></span> <span class='ocrx_word' id='word_1_85' title='bbox 1480 986 1644 1047; x_wconf 89' lang='lat' dir='ltr'><strong>caput</strong></span> 
     </span>
     <span class='ocr_line' id='line_1_12' title="bbox 21 1043 1641 1129; baseline 0.002 -25"><span class='ocrx_word' id='word_1_86' title='bbox 21 1046 302 1125; x_wconf 88' lang='lat' dir='ltr'><strong>quondam</strong></span> <span class='ocrx_word' id='word_1_87' title='bbox 332 1043 603 1124; x_wconf 89' lang='lat' dir='ltr'><strong>delapsum</strong></span> <span class='ocrx_word' id='word_1_88' title='bbox 637 1043 710 1102; x_wconf 84' lang='lat' dir='ltr'><strong>est</strong></span> <span class='ocrx_word' id='word_1_89' title='bbox 741 1049 956 1104; x_wconf 88' lang='lat' dir='ltr'><strong>vivente</strong></span> <span class='ocrx_word' id='word_1_90' title='bbox 977 1044 1398 1116; x_wconf 86' lang='lat' dir='ltr'><strong>Theuderich0‚</strong></span> <span class='ocrx_word' id='word_1_91' title='bbox 1445 1049 1641 1129; x_wconf 86' lang='lat' dir='ltr'><strong>sponte</strong></span> 
     </span>
     <span class='ocr_line' id='line_1_13' title="bbox 21 1126 1642 1209; baseline 0.002 -22"><span class='ocrx_word' id='word_1_92' title='bbox 21 1126 267 1187; x_wconf 87' lang='lat' dir='ltr'><strong>dissoluta</strong></span> <span class='ocrx_word' id='word_1_93' title='bbox 283 1130 587 1207; x_wconf 83' lang='lat' dir='ltr'><strong>lapillorum</strong></span> <span class='ocrx_word' id='word_1_94' title='bbox 614 1149 900 1209; x_wconf 83' lang='lat' dir='ltr'><strong>compage.</strong></span> <span class='ocrx_word' id='word_1_95' title='bbox 945 1127 1120 1186; x_wconf 85' lang='lat' dir='ltr'><strong>statim</strong></span> <span class='ocrx_word' id='word_1_96' title='bbox 1141 1129 1375 1189; x_wconf 82' lang='lat' dir='ltr'><strong>insecuta</strong></span> <span class='ocrx_word' id='word_1_97' title='bbox 1395 1131 1469 1189; x_wconf 80' lang='lat' dir='ltr'><strong>est</strong></span> <span class='ocrx_word' id='word_1_98' title='bbox 1489 1154 1642 1191; x_wconf 82' lang='lat' dir='ltr'><strong>mors</strong></span> 
     </span>
     <span class='ocr_line' id='line_1_14' title="bbox 21 1208 1643 1294; baseline 0.003 -25"><span class='ocrx_word' id='word_1_99' title='bbox 21 1210 408 1269; x_wconf 87' lang='lat' dir='ltr'><strong>Theuderichi.</strong></span> <span class='ocrx_word' id='word_1_100' title='bbox 433 1211 566 1266; x_wconf 72' lang='grc' dir='ltr'><strong>οᾶο</strong></span> <span class='ocrx_word' id='word_1_101' title='bbox 589 1211 710 1289; x_wconf 86' lang='lat' dir='ltr'><strong>post</strong></span> <span class='ocrx_word' id='word_1_102' title='bbox 729 1215 882 1268; x_wconf 82' lang='lat' dir='ltr'><strong>annis</strong></span> <span class='ocrx_word' id='word_1_103' title='bbox 898 1208 1079 1269; x_wconf 87' lang='lat' dir='ltr'><strong>subito</strong></span> <span class='ocrx_word' id='word_1_104' title='bbox 1099 1211 1379 1271; x_wconf 83' lang='lat' dir='ltr'><strong>diffluxere</strong></span> <span class='ocrx_word' id='word_1_105' title='bbox 1399 1219 1492 1294; x_wconf 86' lang='lat' dir='ltr'><strong>qui</strong></span> <span class='ocrx_word' id='word_1_106' title='bbox 1514 1237 1643 1274; x_wconf 84' lang='lat' dir='ltr'><strong>ven-</strong></span> 
     </span>
     <span class='ocr_line' id='line_1_15' title="bbox 20 1289 1643 1373; baseline 0.004 -23"><span class='ocrx_word' id='word_1_107' title='bbox 20 1312 160 1351; x_wconf 86' lang='lat' dir='ltr'><strong>trem</strong></span> <span class='ocrx_word' id='word_1_108' title='bbox 181 1289 604 1350; x_wconf 82' lang='lat' dir='ltr'><strong>conformabant</strong></span> <span class='ocrx_word' id='word_1_109' title='bbox 621 1294 807 1372; x_wconf 73' lang='lat' dir='ltr'><strong>lapilli:</strong></span> <span class='ocrx_word' id='word_1_110' title='bbox 851 1297 1126 1373; x_wconf 87' lang='lat' dir='ltr'><strong>vitamque</strong></span> <span class='ocrx_word' id='word_1_111' title='bbox 1141 1293 1283 1352; x_wconf 83' lang='lat' dir='ltr'><strong>finiit</strong></span> <span class='ocrx_word' id='word_1_112' title='bbox 1299 1297 1643 1356; x_wconf 86' lang='lat' dir='ltr'><strong>Atalarichus</strong></span> 
     </span>
     <span class='ocr_line' id='line_1_16' title="bbox 21 1372 1641 1458; baseline 0.001 -26"><span class='ocrx_word' id='word_1_113' title='bbox 21 1395 90 1432; x_wconf 88' lang='lat' dir='ltr'><strong>ex</strong></span> <span class='ocrx_word' id='word_1_114' title='bbox 111 1373 481 1432; x_wconf 73' lang='lat' dir='ltr'><strong>Theuderichi</strong></span> <span class='ocrx_word' id='word_1_115' title='bbox 516 1392 673 1431; x_wconf 88' lang='lat' dir='ltr'><strong>natus</strong></span> <span class='ocrx_word' id='word_1_116' title='bbox 697 1372 822 1432; x_wconf 88' lang='lat' dir='ltr'><strong>filia.</strong></span> <span class='ocrx_word' id='word_1_117' title='bbox 865 1378 984 1433; x_wconf 90' lang='lat' dir='ltr'><strong>Nec</strong></span> <span class='ocrx_word' id='word_1_118' title='bbox 1017 1380 1091 1433; x_wconf 85' lang='lat' dir='ltr'><strong>ita</strong></span> <span class='ocrx_word' id='word_1_119' title='bbox 1121 1378 1303 1434; x_wconf 86' lang='lat' dir='ltr'><strong>multo</strong></span> <span class='ocrx_word' id='word_1_120' title='bbox 1336 1376 1459 1458; x_wconf 86' lang='lat' dir='ltr'><strong>post</strong></span> <span class='ocrx_word' id='word_1_121' title='bbox 1494 1380 1641 1438; x_wconf 90' lang='lat' dir='ltr'><strong>deci-</strong></span> 
     </span>
     <span class='ocr_line' id='line_1_17' title="bbox 21 1454 1642 1541; baseline 0.004 -26"><span class='ocrx_word' id='word_1_122' title='bbox 21 1457 162 1516; x_wconf 90' lang='lat' dir='ltr'><strong>dunt</strong></span> <span class='ocrx_word' id='word_1_123' title='bbox 181 1463 235 1515; x_wconf 86' lang='lat'>&amp;</span> <span class='ocrx_word' id='word_1_124' title='bbox 252 1456 449 1535; x_wconf 89' lang='lat' dir='ltr'><strong>quibus</strong></span> <span class='ocrx_word' id='word_1_125' title='bbox 468 1459 718 1536; x_wconf 82' lang='lat' dir='ltr'><strong>genitalia</strong></span> <span class='ocrx_word' id='word_1_126' title='bbox 738 1454 1167 1539; x_wconf 83' lang='lat' dir='ltr'><strong>effingebantur:</strong></span> <span class='ocrx_word' id='word_1_127' title='bbox 1204 1458 1467 1541; x_wconf 83' lang='lat' dir='ltr'><strong>simulque</strong></span> <span class='ocrx_word' id='word_1_128' title='bbox 1486 1484 1642 1520; x_wconf 90' lang='lat' dir='ltr'><strong>mor-</strong></span> 
     </span>
     <span class='ocr_line' id='line_1_18' title="bbox 20 1538 1640 1618; baseline 0.004 -22"><span class='ocrx_word' id='word_1_129' title='bbox 20 1541 286 1597; x_wconf 86' lang='lat' dir='ltr'><strong>talitatem</strong></span> <span class='ocrx_word' id='word_1_130' title='bbox 322 1540 501 1618; x_wconf 85' lang='lat' dir='ltr'><strong>explet</strong></span> <span class='ocrx_word' id='word_1_131' title='bbox 531 1538 914 1597; x_wconf 87' lang='lat' dir='ltr'><strong>Amalasuntha</strong></span> <span class='ocrx_word' id='word_1_132' title='bbox 933 1539 1302 1600; x_wconf 88' lang='lat' dir='ltr'><strong>Theuderichi</strong></span> <span class='ocrx_word' id='word_1_133' title='bbox 1334 1542 1460 1601; x_wconf 89' lang='lat' dir='ltr'><strong>filia.</strong></span> <span class='ocrx_word' id='word_1_134' title='bbox 1501 1547 1640 1604; x_wconf 86' lang='lat' dir='ltr'><strong>Haec</strong></span> 
     </span>
     <span class='ocr_line' id='line_1_19' title="bbox 22 1622 1640 1702; baseline 0.004 -23"><span class='ocrx_word' id='word_1_135' title='bbox 22 1622 244 1702; x_wconf 91' lang='lat' dir='ltr'><strong>quidem</strong></span> <span class='ocrx_word' id='word_1_136' title='bbox 268 1624 413 1700; x_wconf 88' lang='lat' dir='ltr'><strong>prius</strong></span> <span class='ocrx_word' id='word_1_137' title='bbox 431 1640 705 1679; x_wconf 88' lang='lat' dir='ltr'><strong>venerant.</strong></span> <span class='ocrx_word' id='word_1_138' title='bbox 748 1628 825 1679; x_wconf 85' lang='lat' dir='ltr'><strong>At</strong></span> <span class='ocrx_word' id='word_1_139' title='bbox 857 1643 981 1680; x_wconf 87' lang='lat' dir='ltr'><strong>cum</strong></span> <span class='ocrx_word' id='word_1_140' title='bbox 995 1630 1108 1699; x_wconf 80' lang='lat' dir='ltr'><strong>jam</strong></span> <span class='ocrx_word' id='word_1_141' title='bbox 1138 1626 1379 1681; x_wconf 85' lang='lat' dir='ltr'><strong>Romam</strong></span> <span class='ocrx_word' id='word_1_142' title='bbox 1400 1625 1640 1685; x_wconf 87' lang='lat' dir='ltr'><strong>obsedis-</strong></span> 
     </span>
     <span class='ocr_line' id='line_1_20' title="bbox 20 1701 1639 1789; baseline 0.004 -27"><span class='ocrx_word' id='word_1_143' title='bbox 20 1701 136 1762; x_wconf 87' lang='lat' dir='ltr'><strong>sent</strong></span> <span class='ocrx_word' id='word_1_144' title='bbox 172 1702 375 1760; x_wconf 83' lang='lat' dir='ltr'><strong>Gotthi</strong></span> <span class='ocrx_word' id='word_1_145' title='bbox 408 1721 662 1783; x_wconf 87' lang='lat' dir='ltr'><strong>corrupta</strong></span> <span class='ocrx_word' id='word_1_146' title='bbox 690 1701 814 1773; x_wconf 80' lang='lat' dir='ltr'><strong>sunt</strong></span> <span class='ocrx_word' id='word_1_147' title='bbox 848 1726 907 1760; x_wconf 90' lang='lat' dir='ltr'><strong>ea</strong></span> <span class='ocrx_word' id='word_1_148' title='bbox 942 1726 1061 1784; x_wconf 88' lang='lat' dir='ltr'><strong>quae</strong></span> <span class='ocrx_word' id='word_1_149' title='bbox 1091 1703 1119 1761; x_wconf 70' lang='lat' dir='ltr'><strong>a</strong></span> <span class='ocrx_word' id='word_1_150' title='bbox 1147 1703 1357 1764; x_wconf 89' lang='lat' dir='ltr'><strong>femore</strong></span> <span class='ocrx_word' id='word_1_151' title='bbox 1388 1708 1455 1766; x_wconf 92' lang='lat' dir='ltr'><strong>ad</strong></span> <span class='ocrx_word' id='word_1_152' title='bbox 1472 1711 1639 1789; x_wconf 91' lang='lat' dir='ltr'><strong>pedes</strong></span> 
     </span>
     <span class='ocr_line' id='line_1_21' title="bbox 19 1783 1638 1867; baseline 0.005 -24"><span class='ocrx_word' id='word_1_153' title='bbox 19 1784 439 1864; x_wconf 84' lang='lat' dir='ltr'><strong>pertinebant&amp;</strong></span> <span class='ocrx_word' id='word_1_154' title='bbox 458 1783 525 1842; x_wconf 87' lang='lat' dir='ltr'><strong>fic</strong></span> <span class='ocrx_word' id='word_1_155' title='bbox 543 1804 660 1842; x_wconf 79' lang='lat' dir='ltr'><strong>tota</strong></span> <span class='ocrx_word' id='word_1_156' title='bbox 678 1803 828 1844; x_wconf 80' lang='lat' dir='ltr'><strong>exeo</strong></span> <span class='ocrx_word' id='word_1_157' title='bbox 848 1787 974 1844; x_wconf 85' lang='lat' dir='ltr'><strong>loco</strong></span> <span class='ocrx_word' id='word_1_158' title='bbox 993 1785 1164 1845; x_wconf 88' lang='lat' dir='ltr'><strong>statua</strong></span> <span class='ocrx_word' id='word_1_159' title='bbox 1182 1786 1454 1867; x_wconf 87' lang='lat' dir='ltr'><strong>disparuit.</strong></span> <span class='ocrx_word' id='word_1_160' title='bbox 1494 1793 1638 1852; x_wconf 79' lang='lat' dir='ltr'><strong>unde</strong></span> 
     </span>
     <span class='ocr_line' id='line_1_22' title="bbox 22 1866 1636 1948; baseline 0.004 -23"><span class='ocrx_word' id='word_1_161' title='bbox 22 1866 196 1926; x_wconf 90' lang='lat' dir='ltr'><strong>sumta</strong></span> <span class='ocrx_word' id='word_1_162' title='bbox 227 1867 536 1944; x_wconf 63' lang='lat' dir='ltr'><strong>conjefimra</strong></span> <span class='ocrx_word' id='word_1_163' title='bbox 569 1870 810 1927; x_wconf 86' lang='lat' dir='ltr'><strong>Romani</strong></span> <span class='ocrx_word' id='word_1_164' title='bbox 843 1868 989 1926; x_wconf 88' lang='lat' dir='ltr'><strong>bello</strong></span> <span class='ocrx_word' id='word_1_165' title='bbox 1023 1869 1353 1948; x_wconf 81' lang='lat' dir='ltr'><strong>superiorem</strong></span> <span class='ocrx_word' id='word_1_166' title='bbox 1384 1871 1503 1930; x_wconf 89' lang='lat' dir='ltr'><strong>fore</strong></span> <span class='ocrx_word' id='word_1_167' title='bbox 1521 1880 1636 1931; x_wconf 89' lang='lat' dir='ltr'><strong>Im·-</strong></span> 
     </span>
     <span class='ocr_line' id='line_1_23' title="bbox 21 1952 1636 2033; baseline 0.004 -25"><span class='ocrx_word' id='word_1_168' title='bbox 21 1954 283 2030; x_wconf 88' lang='lat' dir='ltr'><strong>peratoris</strong></span> <span class='ocrx_word' id='word_1_169' title='bbox 303 1952 599 2008; x_wconf 83' lang='lat' dir='ltr'><strong>exercitum</strong></span> <span class='ocrx_word' id='word_1_170' title='bbox 619 1952 887 2009; x_wconf 88' lang='lat' dir='ltr'><strong>credidere</strong></span> <span class='ocrx_word' id='word_1_171' title='bbox 915 1993 933 2020; x_wconf 87' lang='lat'><strong><em>,</em></strong></span> <span class='ocrx_word' id='word_1_172' title='bbox 972 1955 1313 2033; x_wconf 80' lang='lat' dir='ltr'><strong>interpretati</strong></span> <span class='ocrx_word' id='word_1_173' title='bbox 1344 1976 1459 2012; x_wconf 89' lang='lat' dir='ltr'><strong>non</strong></span> <span class='ocrx_word' id='word_1_174' title='bbox 1489 1958 1636 2017; x_wconf 88' lang='lat' dir='ltr'><strong>aliud</strong></span> 
     </span>
     <span class='ocr_line' id='line_1_24' title="bbox 21 2030 1634 2117; baseline 0.004 -27"><span class='ocrx_word' id='word_1_175' title='bbox 21 2030 121 2090; x_wconf 85' lang='lat' dir='ltr'><strong>effe</strong></span> <span class='ocrx_word' id='word_1_176' title='bbox 140 2031 506 2091; x_wconf 85' lang='lat' dir='ltr'><strong>Theuderichi</strong></span> <span class='ocrx_word' id='word_1_177' title='bbox 540 2036 701 2113; x_wconf 90' lang='lat' dir='ltr'><strong>pedes</strong></span> <span class='ocrx_word' id='word_1_178' title='bbox 736 2033 764 2090; x_wconf 70' lang='lat' dir='ltr'><strong>a</strong></span> <span class='ocrx_word' id='word_1_179' title='bbox 800 2034 1148 2092; x_wconf 85' lang='lat' dir='ltr'><strong>Gotthorum</strong></span> <span class='ocrx_word' id='word_1_180' title='bbox 1184 2040 1430 2117; x_wconf 76' lang='lat' dir='ltr'><strong>popule,</strong></span> <span class='ocrx_word' id='word_1_181' title='bbox 1466 2043 1552 2097; x_wconf 91' lang='lat' dir='ltr'><strong>cui</strong></span> <span class='ocrx_word' id='word_1_182' title='bbox 1588 2044 1634 2096; x_wconf 86' lang='lat' dir='ltr'><strong>is</strong></span> 
     </span>
     <span class='ocr_line' id='line_1_25' title="bbox 19 2116 1635 2198; baseline 0.005 -26"><span class='ocrx_word' id='word_1_183' title='bbox 19 2117 303 2194; x_wconf 87' lang='lat' dir='ltr'><strong>imperavit</strong></span> <span class='ocrx_word' id='word_1_184' title='bbox 327 2137 341 2171; x_wconf 75' lang='lat' dir='ltr'>z</span> <span class='ocrx_word' id='word_1_185' title='bbox 383 2116 545 2191; x_wconf 85' lang='lat' dir='ltr'><strong>idque</strong></span> <span class='ocrx_word' id='word_1_186' title='bbox 562 2117 663 2173; x_wconf 88' lang='lat' dir='ltr'><strong>illis</strong></span> <span class='ocrx_word' id='word_1_187' title='bbox 684 2138 799 2172; x_wconf 83' lang='lat' dir='ltr'><strong>non</strong></span> <span class='ocrx_word' id='word_1_188' title='bbox 821 2118 937 2175; x_wconf 89' lang='lat' dir='ltr'><strong>leve</strong></span> <span class='ocrx_word' id='word_1_189' title='bbox 956 2117 1021 2174; x_wconf 86' lang='lat' dir='ltr'><strong>ad</strong></span> <span class='ocrx_word' id='word_1_190' title='bbox 1041 2117 1243 2175; x_wconf 89' lang='lat' dir='ltr'><strong>bonam</strong></span> <span class='ocrx_word' id='word_1_191' title='bbox 1273 2122 1419 2198; x_wconf 87' lang='lat' dir='ltr'><strong>spem</strong></span> <span class='ocrx_word' id='word_1_192' title='bbox 1441 2124 1635 2180; x_wconf 88' lang='lat' dir='ltr'><strong>incita-</strong></span> 
     </span>
     <span class='ocr_line' id='line_1_26' title="bbox 21 2194 1635 2263; baseline 0.006 -9"><span class='ocrx_word' id='word_1_193' title='bbox 21 2215 272 2255; x_wconf 88' lang='lat' dir='ltr'><strong>mentum</strong></span> <span class='ocrx_word' id='word_1_194' title='bbox 293 2194 418 2255; x_wconf 88' lang='lat' dir='ltr'><strong>fuit.</strong></span> <span class='ocrx_word' id='word_1_195' title='bbox 460 2197 545 2256; x_wconf 90' lang='lat' dir='ltr'><strong>sed</strong></span> <span class='ocrx_word' id='word_1_196' title='bbox 567 2204 621 2255; x_wconf 88' lang='lat'>&amp;</span> <span class='ocrx_word' id='word_1_197' title='bbox 643 2201 837 2257; x_wconf 84' lang='lat' dir='ltr'><strong>Romae</strong></span> <span class='ocrx_word' id='word_1_198' title='bbox 855 2199 882 2257; x_wconf 78' lang='lat' dir='ltr'><strong>e</strong></span> <span class='ocrx_word' id='word_1_199' title='bbox 903 2200 1257 2258; x_wconf 86' lang='lat' dir='ltr'><strong>Senatoribus</strong></span> <span class='ocrx_word' id='word_1_200' title='bbox 1276 2206 1527 2261; x_wconf 87' lang='lat' dir='ltr'><strong>nonnulli</strong></span> <span class='ocrx_word' id='word_1_201' title='bbox 1549 2207 1635 2263; x_wconf 84' lang='lat' dir='ltr'><strong>Si-</strong></span> 
     </span>
     <span class='ocr_line' id='line_1_27' title="bbox 20 2278 1635 2365; baseline 0.005 -29"><span class='ocrx_word' id='word_1_202' title='bbox 20 2278 169 2358; x_wconf 87' lang='lat' dir='ltr'><strong>byllae</strong></span> <span class='ocrx_word' id='word_1_203' title='bbox 193 2283 425 2337; x_wconf 84' lang='lat' dir='ltr'><strong>carmina</strong></span> <span class='ocrx_word' id='word_1_204' title='bbox 446 2278 789 2358; x_wconf 85' lang='lat' dir='ltr'><strong>proferebant</strong></span> <span class='ocrx_word' id='word_1_205' title='bbox 809 2323 825 2350; x_wconf 87' lang='lat'>,</span> <span class='ocrx_word' id='word_1_206' title='bbox 854 2284 979 2340; x_wconf 87' lang='lat' dir='ltr'><strong>inde</strong></span> <span class='ocrx_word' id='word_1_207' title='bbox 999 2286 1314 2363; x_wconf 82' lang='lat' dir='ltr'><strong>colligentes</strong></span> <span class='ocrx_word' id='word_1_208' title='bbox 1332 2288 1526 2343; x_wconf 83' lang='lat' dir='ltr'><strong>Romae</strong></span> <span class='ocrx_word' id='word_1_209' title='bbox 1547 2309 1635 2365; x_wconf 77' lang='lat' dir='ltr'><strong>pe=</strong></span> 
     </span>
     <span class='ocr_line' id='line_1_28' title="bbox 19 2362 1638 2428; baseline 0.006 -10"><span class='ocrx_word' id='word_1_210' title='bbox 19 2364 246 2427; x_wconf 78' lang='lat' dir='ltr'><strong>ticulum</strong></span> <span class='ocrx_word' id='word_1_211' title='bbox 265 2362 329 2420; x_wconf 91' lang='lat' dir='ltr'><strong>ad</strong></span> <span class='ocrx_word' id='word_1_212' title='bbox 347 2365 543 2420; x_wconf 87' lang='lat' dir='ltr'><strong>Iulium</strong></span> <span class='ocrx_word' id='word_1_213' title='bbox 567 2363 801 2421; x_wconf 90' lang='lat' dir='ltr'><strong>mensem</strong></span> <span class='ocrx_word' id='word_1_214' title='bbox 821 2386 918 2423; x_wconf 93' lang='lat' dir='ltr'><strong>nec</strong></span> <span class='ocrx_word' id='word_1_215' title='bbox 938 2368 1071 2424; x_wconf 86' lang='lat' dir='ltr'><strong>ultra</strong></span> <span class='ocrx_word' id='word_1_216' title='bbox 1087 2367 1427 2426; x_wconf 81' lang='lat' dir='ltr'><strong>duraturum.</strong></span> <span class='ocrx_word' id='word_1_217' title='bbox 1464 2371 1638 2428; x_wconf 75' lang='lat' dir='ltr'><strong>Tunc</strong></span> 
     </span>
     <span class='ocr_line' id='line_1_29' title="bbox 0 2445 1634 2529; baseline 0.005 -29"><span class='ocrx_word' id='word_1_218' title='bbox 0 2446 165 2501; x_wconf 76' lang='lat' dir='ltr'><strong>enim</strong></span> <span class='ocrx_word' id='word_1_219' title='bbox 179 2449 565 2523; x_wconf 88' lang='lat' dir='ltr'><strong>Imperatorem</strong></span> <span class='ocrx_word' id='word_1_220' title='bbox 586 2445 903 2504; x_wconf 80' lang='lat' dir='ltr'><strong>exstiturum</strong></span> <span class='ocrx_word' id='word_1_221' title='bbox 919 2488 938 2515; x_wconf 84' lang='lat'><strong><em>,</em></strong></span> <span class='ocrx_word' id='word_1_222' title='bbox 969 2446 1088 2528; x_wconf 88' lang='lat' dir='ltr'><strong>post</strong></span> <span class='ocrx_word' id='word_1_223' title='bbox 1110 2455 1260 2525; x_wconf 87' lang='lat' dir='ltr'><strong>cujus</strong></span> <span class='ocrx_word' id='word_1_224' title='bbox 1279 2472 1525 2529; x_wconf 84' lang='lat' dir='ltr'><strong>tempora</strong></span> <span class='ocrx_word' id='word_1_225' title='bbox 1546 2456 1634 2509; x_wconf 90' lang='lat' dir='ltr'><strong>ni-</strong></span> 
     </span>
     <span class='ocr_line' id='line_1_30' title="bbox 20 2523 1631 2592; baseline 0.006 -10"><span class='ocrx_word' id='word_1_226' title='bbox 20 2523 97 2583; x_wconf 90' lang='lat' dir='ltr'><strong>hil</strong></span> <span class='ocrx_word' id='word_1_227' title='bbox 123 2528 317 2588; x_wconf 83' lang='lat' dir='ltr'><strong>Romae</strong></span> <span class='ocrx_word' id='word_1_228' title='bbox 351 2527 391 2589; x_wconf 49' lang='lat' dir='ltr'><strong>a.</strong></span> <span class='ocrx_word' id='word_1_229' title='bbox 409 2531 459 2586; x_wconf 89' lang='lat' dir='ltr'><strong>vi</strong></span> <span class='ocrx_word' id='word_1_230' title='bbox 495 2530 691 2588; x_wconf 87' lang='lat' dir='ltr'><strong>Getica</strong></span> <span class='ocrx_word' id='word_1_231' title='bbox 724 2526 848 2586; x_wconf 83' lang='lat' dir='ltr'><strong>esset</strong></span> <span class='ocrx_word' id='word_1_232' title='bbox 876 2533 1253 2590; x_wconf 87' lang='lat' dir='ltr'><strong>metuendum.</strong></span> <span class='ocrx_word' id='word_1_233' title='bbox 1297 2535 1441 2590; x_wconf 87' lang='lat' dir='ltr'><strong>Nam</strong></span> <span class='ocrx_word' id='word_1_234' title='bbox 1463 2535 1631 2592; x_wconf 84' lang='lat' dir='ltr'><strong>Geti-</strong></span> 
     </span>
     <span class='ocr_line' id='line_1_31' title="bbox 23 2609 1632 2688; baseline 0.008 -25"><span class='ocrx_word' id='word_1_235' title='bbox 23 2626 141 2664; x_wconf 88' lang='lat' dir='ltr'><strong>cam</strong></span> <span class='ocrx_word' id='word_1_236' title='bbox 157 2627 377 2688; x_wconf 89' lang='lat' dir='ltr'><strong>gentem</strong></span> <span class='ocrx_word' id='word_1_237' title='bbox 398 2610 646 2670; x_wconf 81' lang='lat' dir='ltr'><strong>Gotthos</strong></span> <span class='ocrx_word' id='word_1_238' title='bbox 666 2609 764 2670; x_wconf 85' lang='lat' dir='ltr'><strong>effe</strong></span> <span class='ocrx_word' id='word_1_239' title='bbox 785 2617 952 2688; x_wconf 87' lang='lat' dir='ltr'><strong>ajunt.</strong></span> <span class='ocrx_word' id='word_1_240' title='bbox 995 2614 1179 2674; x_wconf 89' lang='lat' dir='ltr'><strong>Verba</strong></span> <span class='ocrx_word' id='word_1_241' title='bbox 1198 2618 1433 2674; x_wconf 84' lang='lat' dir='ltr'><strong>vaticinii</strong></span> <span class='ocrx_word' id='word_1_242' title='bbox 1452 2616 1518 2675; x_wconf 83' lang='lat' dir='ltr'><strong>fic</strong></span> <span class='ocrx_word' id='word_1_243' title='bbox 1536 2617 1632 2675; x_wconf 87' lang='lat' dir='ltr'><strong>ha-</strong></span> 
     </span>
     <span class='ocr_line' id='line_1_32' title="bbox 16 2686 533 2749; baseline 0.015 -3"><span class='ocrx_word' id='word_1_244' title='bbox 16 2686 242 2749; x_wconf 86' lang='lat' dir='ltr'><strong>bebant.</strong></span> <span class='ocrx_word' id='word_1_245' title='bbox 530 2709 533 2711; x_wconf 83' lang='grc'><strong>’</strong></span> 
     </span>
    </p>

    <p class='ocr_par' dir='ltr' id='par_1_2' title="bbox 160 2776 1428 2934">
     <span class='ocr_line' id='line_1_33' title="bbox 160 2776 1428 2853; baseline 0.01 -23"><span class='ocrx_word' id='word_1_246' title='bbox 160 2777 340 2853; x_wconf 85' lang='lat' dir='ltr'><strong>Qinto</strong></span> <span class='ocrx_word' id='word_1_247' title='bbox 362 2777 519 2852; x_wconf 83' lang='lat' dir='ltr'><strong>mense</strong></span> <span class='ocrx_word' id='word_1_248' title='bbox 538 2796 684 2837; x_wconf 69' lang='lat' dir='ltr'><strong>norm</strong></span> <span class='ocrx_word' id='word_1_249' title='bbox 707 2776 858 2852; x_wconf 75' lang='lat' dir='ltr'><strong>Caefizr</strong></span> <span class='ocrx_word' id='word_1_250' title='bbox 876 2781 964 2839; x_wconf 80' lang='lat' dir='ltr'><strong>tibi</strong></span> <span class='ocrx_word' id='word_1_251' title='bbox 986 2792 1154 2849; x_wconf 84' lang='lat' dir='ltr'><strong>Roma,</strong></span> <span class='ocrx_word' id='word_1_252' title='bbox 1176 2802 1262 2842; x_wconf 78' lang='lat' dir='ltr'><strong>nec</strong></span> <span class='ocrx_word' id='word_1_253' title='bbox 1288 2785 1428 2843; x_wconf 74' lang='lat' dir='ltr'><strong>ultra</strong></span> 
     </span>
     <span class='ocr_line' id='line_1_34' title="bbox 172 2863 611 2934; baseline 0.005 -20"><span class='ocrx_word' id='word_1_254' title='bbox 172 2863 421 2934; x_wconf 80' lang='lat' dir='ltr'><strong>Experiere</strong></span> <span class='ocrx_word' id='word_1_255' title='bbox 445 2873 611 2919; x_wconf 73' lang='lat' dir='ltr'><strong>Getas.</strong></span> 
     </span>
    </p>
   </div>
   <div class='ocr_carea' id='block_1_2' title="bbox 21 2935 1628 3085">
    <p class='ocr_par' dir='ltr' id='par_1_3' title="bbox 21 2935 1628 3085">
     <span class='ocr_line' id='line_1_35' title="bbox 21 2935 1628 3085; baseline 0.006 -87"><span class='ocrx_word' id='word_1_256' title='bbox 21 2935 303 3020; x_wconf 75' lang='lat' dir='ltr'><strong>Quintum</strong></span> <span class='ocrx_word' id='word_1_257' title='bbox 331 2947 476 3006; x_wconf 87' lang='lat' dir='ltr'><strong>enim</strong></span> <span class='ocrx_word' id='word_1_258' title='bbox 511 2941 753 3002; x_wconf 88' lang='lat' dir='ltr'><strong>mensem</strong></span> <span class='ocrx_word' id='word_1_259' title='bbox 782 2946 980 3005; x_wconf 88' lang='lat' dir='ltr'><strong>Iulium</strong></span> <span class='ocrx_word' id='word_1_260' title='bbox 1007 2965 1328 3028; x_wconf 80' lang='lat' dir='ltr'><strong>exponunt,</strong></span> <span class='ocrx_word' id='word_1_261' title='bbox 1362 2945 1452 3008; x_wconf 88' lang='lat' dir='ltr'><strong>seu</strong></span> <span class='ocrx_word' id='word_1_262' title='bbox 1465 2944 1628 3085; x_wconf 38' lang='lat' dir='ltr'><strong>1(epod</strong></span> 
     </span>
     <span class='ocr_line' id='line_1_36' title="bbox 1536 3047 1622 3085; baseline -0.012 0"><span class='ocrx_word' id='word_1_263' title='bbox 1536 3047 1622 3085; x_wconf 81' lang='lat' dir='ltr'><strong>ar·-</strong></span> 
     </span>
    </p>
   </div>
  </div>
 </body>
</html>
