1888 3428
241 142 669 202 Go'rTHIcAE
725 142 1064 200 HrsTonr
1081 163 1131 198 ιε
1177 147 1312 202 Lm.
1334 150 1452 204 IV.
1547 161 1661 221 471

39 224 228 286 Puella
244 224 353 284 haec
372 225 678 304 probante,
715 222 1001 281 exsolvitur
1024 226 1284 294 vinculis,
1327 231 1668 305 comiterque

40 305 256 366 habitus
273 306 894 366 dimittit‘lheudeberti
934 305 1207 368 sororem,
1251 315 1304 364 &
1341 311 1483 365 illam
1522 312 1670 386 prius

45 392 258 486 pactam
276 392 376 447 rite
398 411 628 448 uxorem
666 392 840 467 capit.
875 389 1117 445 Eandem
1154 392 1402 446 Brittiam
1438 390 1664 447 insulam

37 478 150 550 jam
168 475 304 531 olim
322 475 416 552 qui
433 472 837 536 habitaverant,
870 491 1031 527 muro
1051 470 1319 535 exstrnffiko
1353 476 1408 528 in
1429 474 1663 550 longum

43 555 371 635 procedente
392 595 411 621 ,
452 577 620 636 prope
648 575 873 610 omnem
895 551 1345 619 intersecuerant,
1391 535 1671 648 partesque

44 636 304 705 fecerant,
324 637 550 696 diversas
567 639 680 716 ipso
701 637 863 693 etiam
884 634 978 693 soli
998 637 1247 716 caelique
1236 640 1482 716 ingenio.
1523 638 1670 692 Nam

43 741 162 800 quae
181 743 208 777 a
230 741 401 778 muro
409 719 572 779 solem
590 708 827 797 speciant
845 722 1146 786 orientem,
1168 720 1298 776 ae'ris
1294 683 1668 776 &mediocrita-

45 822 99 860 te
119 806 246 860 anni
263 802 669 882 tempestatibus
693 800 812 858 satis
831 760 1189 880 responden't,
1223 803 1444 859 calentia
1466 800 1663 866 aestate,

44 883 239 966 frigida
256 885 479 965 hyeme·
516 889 817 963 vivuntque
838 884 913 941 ibi
933 883 1185 941 homines
1221 888 1438 963 plurimi
1461 883 1522 941 ad
1544 899 1671 939 mo-

43 990 159 1026 rem
179 968 468 1025 hominum
505 967 771 1024 aliorum:
809 957 1129 1046 arboresque
1165 966 1309 1025 statis
1327 965 1669 1046 temporibus

44 1048 325 1108 fructus&
359 1051 579 1130 quidem
611 1048 863 1130 pulchros
899 1052 1095 1113 edunt,
1140 1070 1238 1107 nec
1276 1051 1506 1129 pecudes
1542 1050 1603 1104 aii
1614 1047 1670 1103 bi

44 1134 308 1192 laetiores:
337 1152 456 1191 tum
476 1154 607 1190 vero
627 1135 777 1211 aquis
796 1136 944 1213 regio
972 1132 1236 1189 ubertim
1226 1138 1422 1210 irrigua
1439 1131 1529 1188 est.
1581 1129 1670 1186 Ad

44 1214 290 1273 occasum
311 1217 502 1273 cuncta
523 1218 816 1282 contraria,
838 1218 910 1272 ita
930 1233 988 1271 ut
1012 1236 1103 1292 per
1125 1194 1443 1272 semihoram
1468 1237 1493 1267 v
1502 1219 1539 1269 it
1548 1236 1581 1268 a
1583 1212 1669 1267 ibi

44 1298 171 1356 duci
200 1316 450 1378 nequeat.
495 1301 706 1377 Viperae
742 1319 799 1354 ac
836 1295 1103 1373 serpentes
1137 1301 1291 1353 aiii&
1317 1317 1437 1352 nata
1475 1315 1670 1352 nocere

45 1381 295 1438 animalia
322 1398 469 1440 terrae
502 1378 781 1437 incubant.
825 1379 1091 1446 Addunt,
1128 1380 1280 1458 quod
1309 1381 1541 1436 maxime
1563 1381 1670 1433 mi-

45 1484 202 1529 rum,
223 1465 392 1543 quiin
414 1467 666 1543 proximo
688 1459 1025 1527 natisunr,s1
1045 1465 1166 1541 quis
1187 1483 1404 1520 murum
1423 1459 1668 1527 transeat,

46 1568 173 1604 eum
194 1544 452 1639 exspirare
485 1550 789 1611 continue),
828 1547 949 1601 coeli
987 1546 1278 1624 pestilentis
1306 1547 1357 1600 vi
1391 1543 1670 1621 insupera-

46 1627 176 1685 bili·
230 1631 364 1707 quin
399 1634 453 1685 δε
489 1630 780 1684 animantia
818 1649 885 1683 eo
926 1627 958 1682 fi
1010 1625 1396 1682 transferantur
1429 1627 1671 1682 interire.

46 1708 197 1769 Cum
217 1713 271 1767 in
293 1709 400 1768 baec
430 1710 549 1765 loca
579 1710 894 1766 narrationis
915 1730 1000 1765 me
1018 1707 1170 1765 series
1196 1709 1534 1786 perduxerit,
1574 1727 1673 1762 au·-

43 1794 312 1852 ditionem
333 1791 640 1871 quandam
623 1814 650 1848 a
667 1788 856 1848 fabulae
880 1790 1047 1868 specie
1069 1812 1183 1847 non
1202 1794 1467 1857 alienam,
1503 1792 1674 1845 omit-

47 1893 161 1932 tere
191 1896 303 1931 non
327 1873 511 1931 aufim.
560 1875 723 1953 Apud
745 1894 830 1930 me
851 1873 1069 1952 quidem
1088 1895 1147 1929 ea
1165 1893 1480 1952 quanquam
1505 1875 1673 1951 pluri-

46 1957 149 2015 bus
172 1956 524 2024 hominibuS,
557 1961 649 2036 qui
682 1954 790 2012 visu
811 1953 859 2012 se
878 1975 1038 2033 atque
1059 1956 1244 2013 auditu
1263 1955 1358 2014 suo
1378 1951 1664 2033 percepisse

46 2062 160 2098 rem
182 2040 404 2102 dicunt,
433 2040 650 2106 testata,
684 2036 846 2095 fidem
871 2060 983 2094 non
1004 2040 1251 2096 invenit:
1283 2059 1461 2118 neque
1482 2056 1670 2094 tamen

47 2121 361 2180 subticendo.
380 2119 483 2179 usa
503 2121 611 2187 est,
646 2143 711 2177 ne
744 2121 810 2178 de
846 2123 1036 2177 Brittia
1057 2119 1286 2178 scribens
1318 2117 1516 2178 famam
1542 2115 1670 2176 sub-

47 2227 167 2265 eam
186 2207 487 2285 ignorantis
522 2226 581 2261 ea
602 2224 719 2282 quae
747 2202 820 2260 ibi
855 2202 974 2260 s·1nt
995 2202 1416 2261 celebratissma.
1458 2204 1670 2258 Dicunt

47 2292 214 2369 igitur
249 2305 600 2344 mortuorum
621 2289 823 2342 animas
843 2290 898 2342 in
917 2288 1160 2342 Brittiam
1184 2305 1446 2365 perpetuo
1467 2285 1668 2364 depor-

48 2374 146 2428 tari
166 2370 231 2427 ad
248 2391 372 2427 eum
387 2390 559 2449 quern
580 2368 819 2425 diffiturus
838 2366 950 2425 sum
973 2370 1239 2434 modum,
1261 2368 1394 2426 ficut
1411 2367 1547 2424 serio
1573 2366 1673 2423 ad-

49 2453 284 2510 modum
322 2471 595 2520 narrantes
626 2454 843 2509 illorum
890 2453 1139 2507 locorum
1170 2450 1419 2510 homines
1455 2450 1670 2512 audivi,

28 2548 363 2614 ‘quanquam
386 2534 516 2590 mihi
549 2533 612 2590 ad
649 2552 893 2590 naturam
928 2530 1129 2595 somnii,
1158 2534 1406 2591 accedere
1444 2554 1563 2611 quae
1599 2533 1672 2588 illi

51 2616 353 2675 referebant
371 2615 713 2674 videbantur.
759 2619 813 2671 in
848 2617 1029 2673 littore
1059 2618 1235 2673 insulae
1265 2617 1515 2681 alteriuS,
1551 2632 1670 2693 quae

26 2736 29 2737 ν
53 2701 250 2757 Brittiae
273 2697 487 2774 objacet
510 2738 524 2759 ‚
560 2702 661 2755 vici
693 2697 814 2754 sunt
833 2718 1035 2778 magno
1058 2719 1287 2756 numero
1306 2698 1530 2755 habitati
1549 2716 1672 2774 par-

54 2786 152 2838 tim
173 2780 550 2858 piscatoribus,
586 2783 779 2859 partim
811 2782 874 2836 iis
911 2786 1003 2859 qui
1030 2802 1187 2860 agros
1223 2783 1445 2841 colunt,
1481 2781 1672 2856 partim

56 2866 120 2920 iis
139 2867 375 2942 quicum
392 2866 595 2920 Brittiis
613 2881 909 2919 mercatum
928 2866 1533 2930 exercentffirancorum
1550 2862 1677 2937 qui-

57 2945 183 3004 dem
200 2942 397 3004 subditi
421 2948 651 3025 imperio
671 2986 688 3015 ,
728 2943 815 3004 sed
848 2950 917 3002 ita
938 2945 1042 3002 uta
1070 2945 1286 3003 tributis
1312 2948 1582 3002 immunes
1605 2943 1678 2994 vi-

904 3028 1016 3106 Gg
1057 3050 1096 3104 4
1536 3036 1683 3090 Vaut,
