1888 3428
232 191 321 252 *13
605 188 1459 249 Prior-EGDMENA}

232 267 493 333 habitavit
508 277 601 352 per
620 292 793 329 annos
809 289 1045 351 quatuor
1062 277 1116 329 ὃ(
1130 274 1323 352 viginti
1335 313 1352 340 ‚
1369 274 1428 329 in
1446 270 1555 330 vita
1570 272 1707 353 regis
1725 269 1840 333 ‘Caii

233 360 507 423 nuti‚cum
520 354 710 412 Suedis
725 357 1010 433 conjungit
1026 353 1354 412 Gotthosz&
1368 357 1411 410 is
1427 371 1591 433 quem
1603 356 1710 413 dixi
1721 355 1840 414 scri-

234 456 361 517 ptor
380 439 665 496 Slavorum
684 434 947 493 Chronici
963 437 1019 493 in
1036 435 1251 493 historia
1269 440 1394 493 anni
1411 455 1468 491 13
1488 456 1646 497 cccc
1656 455 1840 503 xxxv1.

232 524 445 578 Bircam
478 518 826 578 Gotth‘orum
860 518 1125 596 oppidum
1157 521 1425 576 nominat.
1487 518 1737 577 Gotthos
1773 534 1839 577 eit

237 603 463 661 Scanz‘es
493 601 660 661 insula
679 618 833 658 ortos
853 602 982 658 dicit
1001 606 1054 658 &
1090 603 1177 658 ille
1194 616 1359 681 quem
1379 601 1549 658 modo
1570 600 1842 680 designavi

241 684 677 766 Chorog‘raphici
693 704 808 741 non
826 683 954 741 editi
970 682 1206 760 scriptor.
1237 682 1302 740 ad
1316 684 1642 743 lornandem
1662 689 1842 742 venio.

234 772 279 825 is
308 772 448 825 inter
474 780 568 824 eos
604 767 698 846 qui
731 769 1029 842 antiquitus
1050 769 1325 823 Scanziam
1341 764 1652 824 habitarunt
1687 769 1844 845 ponit

237 848 571 930 Cautigothss
603 849 657 906 id
675 847 807 905 nihil
825 849 966 906 aliud
986 846 1061 905 est
1087 870 1250 927 quam
1283 848 1551 927 duplicata
1567 849 1703 906 boni
1737 871 1842 907 vo—

236 955 297 990 ce
325 944 518 1012 Gutgut
547 931 601 989 id
630 931 708 988 est
734 931 884 989 valde
920 931 1100 988 bonus
1129 954 1144 999 3
1179 938 1233 990 δε
1252 948 1435 988 manet
1451 952 1598 988 nunc
1617 942 1842 1009 quoque
1884 1003 1888 1005 Β

232 1016 516 1093 appellatio
548 1013 734 1071 eadem
752 1032 900 1070 terrae
921 1054 938 1080 ‚
983 1036 1089 1093 qua
1122 1016 1390 1093 populum
1420 1014 1715 1071 Iornandes
1734 1031 1843 1081 noss—

232 1101 386 1155 tavit.
429 1118 554 1154 nam
592 1094 963 1175 Gutigutland
995 1095 1373 1176 indigenarum
1409 1095 1737 1153 carminibus
1758 1094 1842 1152 di:-

233 1183 388 1236 citur.
423 1179 563 1259 apud
580 1182 912 1256 Procopium
931 1180 988 1233 in
1011 1181 1238 1237 Scanziae
1256 1177 1609 1258 descriptione
1629 1220 1645 1246 ,
1671 1176 1840 1257 *quam

232 1260 341 1339 ipse
363 1280 458 1341 per
490 1273 726 1318 errorem
747 1302 763 1327 ‚
797 1278 858 1316 ut
877 1259 1109 1318 diximus
1131 1301 1145 1322 ‚
1174 1260 1396 1319 Thulen
1428 1277 1617 1324 vocat,
1655 1263 1844 1339 legen*-

230 1344 435 1402 dumne
466 1342 528 1400 fit
559 1344 810 1407 οῖή-οιϋπὶ,
844 1352 1044 1398 uteum
1067 1340 1258 1400 sonum
1278 1341 1615 1421 expresserit,
1651 1342 1844 1420 quoii,

229 1426 324 1505 qui
350 1422 616 1483 Romanis
633 1418 918 1493 Gotthi‚in
935 1423 1024 1481 sua
1042 1422 1164 1483 sede
1183 1425 1532 1494 vocabantur,
1551 1444 1617 1480 an
1634 1444 1762 1482 vero
1782 1440 1845 1480 ut

232 1509 320 1566 alii
340 1505 542 1564 habent
576 1507 791 1577 codices
824 1506 1112 1579 oi‘y'cw'w),
1147 1506 1844 1587 cogitandumeruditiori-

231 1590 338 1648 bus
358 1592 632 1668 relinquo.
673 1591 840 1646 Ponit
858 1589 1150 1646 Iornandes
1167 1592 1222 1645 in
1242 1591 1459 1646 Scanzia
1484 1594 1539 1646 &
1567 1587 1845 1668 Ostrogos-

233 1672 365 1730 thos
386 1673 514 1730 dato
553 1669 582 1728 ὲ
616 1689 765 1728 terrae
802 1669 902 1728 fitu
940 1672 1164 1728 nomine
1199 1670 1351 1750 quod
1392 1674 1448 1727 in
1482 1669 1628 1727 hunc
1662 1688 1844 1729 manet

235 1755 381 1814 diem
399 1797 416 1823 ‚
449 1760 504 1812 &
522 1755 587 1811 ad
606 1755 730 1810 alias
760 1771 924 1811 terras
945 1751 1211 1810 vincendo
1231 1750 1431 1810 transiit
1451 1769 1512 1810 ut
1546 1771 1675 1810 mox
1696 1753 1841 1811 dice-

233 1858 359 1895 mus
380 1858 543 1894 :mox
563 1834 812 1894 Gotthos
831 1834 859 1891 ὲ
880 1835 1095 1892 Scanzia
1112 1832 1387 1914 profei-izos
1406 1856 1506 1914 pro
1521 1849 1668 1892 certo
1692 1855 1842 1893 com‘-

233 1939 502 2001 pertoque
522 1916 768 1976 affirmat.
810 1920 933 1974 Fuit
952 1935 1132 1974 autern
1155 1924 1208 1974 &
1229 1938 1380 1974 ortus
1414 1916 1520 1998 ipse
1543 1915 1841 1985 aGotthis·,

234 2009 291 2061 δε
318 2000 531 2060 secutus
568 1999 916 2060 Gotthorum
949 1997 1110 2078 prisca
1146 2003 1379 2057 carmina
1412 1998 1841 2079 antiquiffimum

232 2102 297 2143 ut
331 2087 557 2141 Tacitus
592 2088 664 2140 ait
696 2084 996 2140 Annalium
1020 2101 1209 2161 genus.
1255 2081 1553 2139 Ablabium
1588 2099 1842 2161 praeterea

231 2162 550 2226 Romanum
572 2210 585 2230 ,
625 2163 1090 2245 diligentissimum
1110 2178 1285 2221 rerum
1308 2164 1695 2222 Gotthicarum
1716 2163 1842 2221 scri-

230 2268 449 2328 ptorem
483 2251 545 2304 iis
583 2246 1014 2305 consentientem
1048 2250 1242 2325 reperit
1273 2289 1289 2315 ,
1327 2267 1446 2324 quae
1479 2248 1672 2303 cunffm
1701 2246 1841 2325 apud

229 2331 406 2411 ipsum
425 2334 593 2410 legaS.
637 2327 888 2386 Gotthos
904 2331 1206 2406 Procopius
1235 2331 1404 2386 modo
1438 2328 1653 2408 Scythas
1673 2332 1841 2409 origi-

231 2430 302 2471 ne
323 2455 339 2481 ‚
360 2414 532 2470 modo
551 2415 894 2469 Sauromatas
915 2409 1013 2469 effe
1032 2411 1160 2469 dicit
1180 2449 1196 2479 ‚
1211 2433 1324 2489 quo
1348 2424 1583 2491 utroque
1605 2411 1841 2468 vocabu-

230 2493 289 2555 lo
311 2517 432 2554 mos
466 2495 672 2553 Graecis
691 2498 851 2552 etiam
875 2515 934 2549 ea
967 2515 1085 2570 quae
1116 2494 1423 2555 Germaniae
1457 2491 1578 2551 sunt
1612 2498 1840 2574 Septen*

228 2580 475 2637 trionalia
506 2578 791 2656 appellare.
830 2576 981 2654 quod
1001 2582 1053 2632 &
1087 2571 1193 2653 ipse
1228 2596 1330 2632 nos
1361 2571 1659 2655 Procopius
1678 2578 1840 2633 docet

233 2659 642 2718 Gotthicorum·
655 2669 851 2739 quarto
866 2697 883 2722 ‚
909 2664 963 2717 &
983 2660 1153 2714 multo
1175 2675 1299 2714 ante
1333 2658 1525 2715 Strabo
1545 2661 1756 2730 notavit
1775 2660 1841 2713 li:-

231 2738 537 2820 bro'primo
557 2782 575 2809 ‚
610 2760 773 2821 atque
796 2739 1105 2797 undecimo.
1149 2744 1233 2795 cui
1254 2740 1455 2797 Plinius
1473 2739 1839 2819 seadjungens

232 2829 556 2907 Scytharum,
596 2826 809 2903 inquit,
840 2837 1017 2880 nomen
1046 2823 1377 2899 usqzaeequaque
1412 2824 1608 2900 transtit
1637 2830 1686 2882 in·
1719 2836 1840 2881 Sar·
1865 2842 1869 2844 ·

232 2924 397 2966 maras
424 2923 574 2984 atque
603 2914 901 2965 Germanos.·
931 2910 1152 2983 Itaque,
1199 2924 1255 2961 ut
1276 2927 1338 2961 ex
1371 2906 1564 2963 eodem
1586 2902 1840 2982 discimus

228 2992 411 3071 Plinio
427 3008 460 3061 ‚·
477 2987 793 3071 Xenophon
808 2985 1198 3069 Lampsacenus
1210 2990 1430 3046 Baltiam
1450 2989 1668 3049 insulam
1689 2981 1743 3044 id
1761 2984 1838 3042 est

368 3101 371 3103 Δ
1671 3072 1835 3126 Scan-
