1888 3428
211 131 334 212 1460
538 129 939 195 PRocoPIr
998 124 1548 191 CAEsAREENsm
1872 182 1877 188 ,

216 237 318 277 nec
347 210 514 277 fidem
544 228 762 274 tantum
801 209 943 268 dabo
963 250 980 278 ,
1017 206 1322 266 mansuram
1350 209 1458 266 tibi
1496 212 1661 272 vitam
1685 247 1702 275 ‚
1747 203 1835 266 re2
1874 215 1881 281 J

216 317 502 379 gnumque
521 312 786 374 perpetuo
816 291 925 349 fine
956 292 1059 349 ulla
1078 312 1222 348 noxa
1234 308 1253 358 ‘‚
1289 287 1376 348 sed
1396 298 1449 349 &
1470 289 1595 349 fidei
1613 288 1841 347 firman-
1882 289 1888 295 ’

217 380 296 438 dae
315 377 527 436 obfides
543 377 744 437 ducum
762 379 900 432 inter
920 371 1092 431 Persas
1113 373 1382 431 nobilium
1398 372 1614 430 liberos.
1661 371 1838 448 Qod

216 461 255 535 fi
286 460 482 523 horum
504 476 760 516 neutrum
781 458 983 536 placet,
1017 473 1155 512 certe
1189 458 1246 511 in
1285 458 1534 534 quamvis
1564 456 1719 512 aliam
1756 476 1839 511 re-

217 547 446 625 gionem
464 560 615 600 tutus
632 540 909 621 digredere
928 581 945 606 ‚
983 544 1038 596 δε
1075 538 1139 617 da
1164 541 1317 594 Lazis
1351 536 1513 595 semel
1548 535 1842 616 respit-area

218 626 443 688 miseriis
462 666 478 690 ‚
516 627 568 680 in
591 645 720 703 quas
739 643 831 700 per
851 642 942 680 tua
962 622 1098 677 mala
1118 619 1355 677 consulta
1392 618 1699 679 inciderunt
1724 660 1741 684 ,
1775 619 1847 677 da*
1886 633 1888 638 ’

221 706 465 788 effugere
483 705 859 784 impendentes
896 702 1068 763 adhuc
1087 706 1409 761 calamitates
1428 744 1444 769 ‚
1473 723 1650 781 neque
1671 705 1841 758 eos'in

219 793 475 849 uitimum
496 792 719 845 exitium
743 789 1008 866 praecipita
1027 826 1045 850 ‚
1078 786 1208 845 dum
1244 804 1304 842 tu
1332 782 1420 863 spe
1451 781 1635 842 fallace
1672 784 1844 841 veeta-

218 877 290 931 ris
307 915 323 940 ‚
346 874 523 929 auxilii
544 873 801 928 nimirum
820 869 1147 936 aRomanis,
1165 872 1390 948 quinon
1411 871 1580 948 magis
1600 888 1865 945 unquam

218 953 272 1013 se
287 955 534 1035 expedire
556 971 848 1031 poterunt,
885 973 1046 1030 quam
1082 950 1342 1027 haetenus
1376 968 1694 1029 potuerunt.
1739 951 1845 1005 His

220 1037 568 1101 Mermeroes
602 1034 804 1111 scriptis
854 1056 968 1091 non
1004 1050 1190 1103 tamen
1229 1036 1495 1110 permovit
1532 1031 1844 1098 Gubazen,

223 1123 359 1199 quin
384 1119 817 1195 montiumjugis
855 1116 904 1172 se
939 1135 1180 1183 teneret,
1216 1116 1481 1193 suppetias
1519 1113 1547 1171 a
1578 1108 1848 1171 Romanis

222 1205 513 1281 opperiens
535 1240 548 1265 ,
585 1198 829 1274 odioque
852 1196 1115 1257 Chosrois
1151 1196 1214 1254 ad
1251 1197 1592 1254 deserendam
1627 1197 1849 1253 illorum

226 1286 551 1340 Societatem
585 1278 906 1336 inflexibilis·
940 1281 1131 1336 Ferme
1165 1282 1312 1337 enim
1350 1276 1602 1342 homines
1634 1277 1851 1336 consilia

225 1365 294 1424 ad
312 1365 606 1422 voluntatis
626 1360 724 1420 suae
742 1361 1158 1420 accommodant
1174 1364 1474 1441 appetitum
1497 1403 1512 1428 ‚
1540 1363 1852 1448 *eiqrieppi-

225 1450 382 1506 nioni
402 1445 661 1503 accedunt
692 1443 950 1524 quaeipfis
982 1444 1188 1522 placet,
1225 1466 1341 1523 quae
1361 1443 1487 1502 inde
1511 1443 1748 1523 pendent
1770 1464 1854 1499 so-

225 1533 376 1594 mnia
394 1531 661 1607 recipiunt
676 1571 691 1592 ‚
724 1548 837 1584 non
860 1530 1004 1606 prius
1024 1525 1256 1606 expenso
1277 1569 1294 1595 ‚
1332 1548 1525 1584 verane
1547 1526 1607 1582 fit
1625 1527 1712 1583 illa
1731 1527 1854 1604 opi-

227 1617 345 1682 nio,
390 1629 684 1689 contraque
704 1631 820 1666 eam
841 1631 957 1688 quae
977 1613 1161 1666 animo
1181 1613 1385 1689 ingrata
1414 1607 1489 1665 est
1513 1652 1526 1674 ,
1561 1604 1856 1685 suspectam
1882 1655 1884 1657 .

226 1693 430 1753 habent
448 1711 607 1770 atque
627 1689 936 1748 aversantur
954 1733 971 1759 ‚
1008 1713 1074 1747 an
1099 1713 1212 1747 non
1231 1712 1417 1748 verum
1438 1692 1523 1748 illa
1542 1693 1597 1746 in
1632 1689 1681 1750 se
1717 1711 1856 1748 con-

228 1781 399 1834 tineat
418 1816 434 1843 ‚
471 1773 613 1838 haud
631 1772 949 1846 dijudicate.
997 1771 1108 1829 Sub
1129 1772 1234 1829 hoc
1252 1792 1499 1849 tempore
1518 1771 1769 1834 monachi
1789 1770 1854 1828 ab

229 1859 376 1929 Indis
395 1860 671 1915 venientes
691 1897 707 1923 ‚
731 1854 910 1912 edoffi
933 1876 1066 1913 curae
1085 1852 1184 1912 effe
1206 1855 1500 1911 Iustiniano
1518 1899 1530 1919 ‚
1556 1876 1621 1911 ne
1642 1855 1856 1911 Romas

231 1944 289 1999 ni
319 1940 541 1997 sericum
561 1939 587 1994 a
605 1935 772 1994 Persis
793 1954 1170 2015 compararent
1187 1978 1202 1998 ,
1225 1938 1433 2012 adeum
1453 1935 1661 1993 admiffi
1683 1977 1697 1998 ,
1724 1958 1858 2016 pro-.

230 2026 459 2081 mittunt
487 2026 558 2078 ita
586 2018 636 2076 se
668 2019 720 2076 id
756 2024 1046 2098 negotium
1082 2021 1400 2077 tractaturos
1422 2060 1439 2086 ,
1477 2041 1542 2075 ue
1567 2021 1807 2076 Romani
1828 2017 1857 2075 ὲ

230 2103 398 2176 Perfis
416 2100 660 2160 hostibus
678 2119 958 2158 externave
977 2122 1140 2182 gente
1162 2104 1259 2159 alia
1276 2101 1413 2159 hanc
1433 2122 1668 2158 mercem
1706 2119 1858 2181 pete-

231 2209 289 2252 re
311 2207 451 2266 opus
481 2181 754 2241 haberent.
801 2182 997 2241 Vixiffe
1029 2189 1173 2241 enim
1212 2183 1261 2241 se
1295 2185 1386 2241 diu
1421 2187 1474 2240 in
1497 2203 1634 2241 terra
1653 2185 1859 2240 multos

230 2270 493 2328 Indorum
523 2268 755 2345 populos
775 2269 1089 2324 continente
1108 2309 1124 2335 ,
1160 2272 1244 2323 cui
1267 2267 1485 2323 Serinda
1504 2287 1709 2325 nomen
1734 2288 1747 2324 z
1783 2263 1862 2328 ibi

174 2398 178 2402 .
232 2352 416 2424 exacte
434 2352 720 2429 cognitum
745 2346 874 2416 fibi,
911 2371 1019 2428 qua
1037 2368 1146 2407 arte
1166 2348 1394 2406 sericum
1410 2351 1699 2406 Romanos
1718 2351 1875 2410 intra=

232 2432 369 2502 fines
387 2431 502 2497 fieri
525 2429 709 2510 posset.
754 2432 1135 2492 Percunc‘tanti
1156 2431 1343 2489 crebro
1362 2434 1697 2509 Imperatori,
1716 2426 1859 2486 scru-

232 2519 480 2595 tanti-que
498 2534 630 2575 num
652 2533 773 2577 vera
796 2511 1063 2571 adferrent
1085 2555 1100 2580 ‚
1136 2514 1316 2571 dixere
1339 2507 1625 2580 monachi,
1649 2533 1864 2568 vermesv

233 2596 334 2656 esse
353 2595 618 2677 quosdam
648 2593 794 2652 serici
824 2593 1079 2672 opifices,
1115 2599 1209 2674 qui
1244 2614 1433 2652 natura
1453 2593 1699 2675 magistra
1718 2614 1860 2672 opus

232 2681 289 2738 id
321 2679 1059 2757 nunquamintermitterent.
1106 2677 1206 2734 Sed
1245 2680 1366 2735 viva
1396 2677 1616 2756 quidem
1654 2697 1713 2732 ea
1745 2679 1862 2739 ani-

233 2765 436 2820 mantia
454 2782 565 2816 non
590 2757 731 2836 poffe
748 2763 802 2816 in
821 2759 1100 2820 Romanas
1119 2767 1282 2816 terras
1298 2760 1568 2838 deportari
1587 2799 1602 2824 ,
1637 2761 1862 2838 genitu-

232 2866 348 2914 ram
379 2840 528 2900 facile
565 2839 709 2920 poffe
731 2882 748 2908 ,
780 2862 897 2920 quae
929 2840 1146 2921 singulis
1184 2844 1211 2897 e
1250 2840 1521 2900 vermibus
1559 2839 1699 2897 edita
1739 2844 1860 2901 ovis

235 2924 442 2999 constet
461 2927 776 2986 innumeris.
820 2925 946 2984 Ova
965 2922 1075 2984 haec
1096 2926 1270 2991 multo
1287 2924 1405 3004 post
1425 2942 1672 3004 tempore
1692 2941 1857 3002 quarn

1727 3021 1859 3082 pro<-
