<?xml version="1.0" encoding="UTF-8"?>
<!DOCTYPE html PUBLIC "-//W3C//DTD XHTML 1.0 Transitional//EN"
    "http://www.w3.org/TR/xhtml1/DTD/xhtml1-transitional.dtd">
<html xmlns="http://www.w3.org/1999/xhtml" xml:lang="en" lang="en">
 <head>
  <title>
</title>
<meta http-equiv="Content-Type" content="text/html;charset=utf-8" />
  <meta name='ocr-system' content='tesseract 3.04.00' />
  <meta name='ocr-capabilities' content='ocr_page ocr_carea ocr_par ocr_line ocrx_word'/>
</head>
<body>
  <div class='ocr_page' id='page_1' title='image "./historiagotthoru00grot_0877.png"; bbox 0 0 1888 3428; ppageno 0'>
   <div class='ocr_carea' id='block_1_1' title="bbox 770 57 785 80">
    <p class='ocr_par' dir='ltr' id='par_1_1' title="bbox 770 57 785 80">
     <span class='ocr_line' id='line_1_1' title="bbox 770 57 785 80; baseline 0 0"><span class='ocrx_word' id='word_1_1' title='bbox 770 57 785 80; x_wconf 69' lang='grc' dir='ltr'><strong>Δ</strong></span> 
     </span>
    </p>
   </div>
   <div class='ocr_carea' id='block_1_2' title="bbox 6 174 1647 1920">
    <p class='ocr_par' dir='ltr' id='par_1_2' title="bbox 6 174 1647 1920">
     <span class='ocr_line' id='line_1_2' title="bbox 76 174 1635 275; baseline -0.006 -20"><span class='ocrx_word' id='word_1_2' title='bbox 76 274 79 275; x_wconf 15' lang='lat'><em>⁷</em></span> <span class='ocrx_word' id='word_1_3' title='bbox 435 181 1140 252; x_wconf 35' lang='lat' dir='ltr'>*cn&#39;nomcont</span> <span class='ocrx_word' id='word_1_4' title='bbox 1505 174 1635 264; x_wconf 42' lang='lat' dir='ltr'>*7ss?</span> 
     </span>
     <span class='ocr_line' id='line_1_3' title="bbox 10 262 1626 361; baseline -0.009 -21"><span class='ocrx_word' id='word_1_5' title='bbox 10 274 186 361; x_wconf 77' lang='lat' dir='ltr'>quem</span> <span class='ocrx_word' id='word_1_6' title='bbox 197 284 379 338; x_wconf 85' lang='lat' dir='ltr'>recens</span> <span class='ocrx_word' id='word_1_7' title='bbox 397 275 679 334; x_wconf 80' lang='lat' dir='ltr'><strong>credulitas</strong></span> <span class='ocrx_word' id='word_1_8' title='bbox 695 270 870 331; x_wconf 87' lang='lat' dir='ltr'>ebibit</span> <span class='ocrx_word' id='word_1_9' title='bbox 885 313 901 335; x_wconf 91' lang='lat'>‚</span> <span class='ocrx_word' id='word_1_10' title='bbox 924 268 1105 326; x_wconf 89' lang='lat' dir='ltr'>tenuit</span> <span class='ocrx_word' id='word_1_11' title='bbox 1122 307 1142 335; x_wconf 78' lang='lat'>‚</span> <span class='ocrx_word' id='word_1_12' title='bbox 1157 264 1360 347; x_wconf 80' lang='lat' dir='ltr'>diuque</span> <span class='ocrx_word' id='word_1_13' title='bbox 1376 262 1626 328; x_wconf 82' lang='lat' dir='ltr'>servavit.</span> 
     </span>
     <span class='ocr_line' id='line_1_4' title="bbox 6 347 1631 436; baseline -0.012 -15"><span class='ocrx_word' id='word_1_14' title='bbox 6 366 177 423; x_wconf 90' lang='lat' dir='ltr'>Tunc</span> <span class='ocrx_word' id='word_1_15' title='bbox 195 358 426 421; x_wconf 87' lang='lat' dir='ltr'>Gulfilas</span> <span class='ocrx_word' id='word_1_16' title='bbox 444 379 638 416; x_wconf 90' lang='lat' dir='ltr'>eorum</span> <span class='ocrx_word' id='word_1_17' title='bbox 663 352 965 436; x_wconf 85' lang='lat' dir='ltr'><strong>Episcopus</strong></span> <span class='ocrx_word' id='word_1_18' title='bbox 1002 347 1274 408; x_wconf 82' lang='lat' dir='ltr'>Gothicas</span> <span class='ocrx_word' id='word_1_19' title='bbox 1291 351 1471 407; x_wconf 85' lang='lat' dir='ltr'>literas</span> <span class='ocrx_word' id='word_1_20' title='bbox 1490 371 1631 408; x_wconf 83' lang='lat' dir='ltr'>con..</span> 
     </span>
     <span class='ocr_line' id='line_1_5' title="bbox 9 430 1630 522; baseline -0.01 -16"><span class='ocrx_word' id='word_1_21' title='bbox 9 446 163 512; x_wconf 87' lang='lat' dir='ltr'>didit,</span> <span class='ocrx_word' id='word_1_22' title='bbox 187 451 243 504; x_wconf 88' lang='lat'>&amp;</span> <span class='ocrx_word' id='word_1_23' title='bbox 258 441 540 522; x_wconf 86' lang='lat' dir='ltr'>scripturas</span> <span class='ocrx_word' id='word_1_24' title='bbox 558 441 690 498; x_wconf 92' lang='lat' dir='ltr'>novi</span> <span class='ocrx_word' id='word_1_25' title='bbox 710 458 769 496; x_wconf 89' lang='lat' dir='ltr'>ac</span> <span class='ocrx_word' id='word_1_26' title='bbox 789 436 984 497; x_wconf 80' lang='lat' dir='ltr'>veteris</span> <span class='ocrx_word' id='word_1_27' title='bbox 999 430 1308 491; x_wconf 87' lang='lat' dir='ltr'>testamenti</span> <span class='ocrx_word' id='word_1_28' title='bbox 1324 433 1382 488; x_wconf 85' lang='lat' dir='ltr'>in</span> <span class='ocrx_word' id='word_1_29' title='bbox 1399 433 1630 491; x_wconf 79' lang='lat' dir='ltr'>eandem</span> 
     </span>
     <span class='ocr_line' id='line_1_6' title="bbox 8 514 1633 610; baseline -0.014 -21"><span class='ocrx_word' id='word_1_30' title='bbox 8 530 253 610; x_wconf 83' lang='lat' dir='ltr'>linguam</span> <span class='ocrx_word' id='word_1_31' title='bbox 268 526 556 585; x_wconf 84' lang='lat' dir='ltr'>convertit.</span> <span class='ocrx_word' id='word_1_32' title='bbox 600 520 782 581; x_wconf 87' lang='lat' dir='ltr'>Gothi</span> <span class='ocrx_word' id='word_1_33' title='bbox 800 536 982 577; x_wconf 90' lang='lat' dir='ltr'>autem</span> <span class='ocrx_word' id='word_1_34' title='bbox 999 514 1175 574; x_wconf 85' lang='lat' dir='ltr'>statim</span> <span class='ocrx_word' id='word_1_35' title='bbox 1195 531 1257 572; x_wconf 87' lang='lat' dir='ltr'>ut</span> <span class='ocrx_word' id='word_1_36' title='bbox 1277 514 1458 571; x_wconf 81' lang='lat' dir='ltr'>literas</span> <span class='ocrx_word' id='word_1_37' title='bbox 1475 519 1530 571; x_wconf 85' lang='lat'>&amp;</span> <span class='ocrx_word' id='word_1_38' title='bbox 1550 517 1633 573; x_wconf 82' lang='lat' dir='ltr'>le-</span> 
     </span>
     <span class='ocr_line' id='line_1_7' title="bbox 9 593 1633 694; baseline -0.009 -25"><span class='ocrx_word' id='word_1_39' title='bbox 9 632 140 694; x_wconf 86' lang='lat' dir='ltr'>gem</span> <span class='ocrx_word' id='word_1_40' title='bbox 158 609 355 668; x_wconf 84' lang='lat' dir='ltr'>habere</span> <span class='ocrx_word' id='word_1_41' title='bbox 388 624 679 688; x_wconf 87' lang='lat' dir='ltr'>ceperunt,</span> <span class='ocrx_word' id='word_1_42' title='bbox 709 600 1116 662; x_wconf 83' lang='lat' dir='ltr'>construxerant</span> <span class='ocrx_word' id='word_1_43' title='bbox 1136 595 1234 655; x_wconf 85' lang='lat' dir='ltr'>fibi</span> <span class='ocrx_word' id='word_1_44' title='bbox 1261 595 1539 676; x_wconf 77' lang='lat' dir='ltr'>dogmatis</span> <span class='ocrx_word' id='word_1_45' title='bbox 1552 593 1633 654; x_wconf 83' lang='lat' dir='ltr'>sui</span> 
     </span>
     <span class='ocr_line' id='line_1_8' title="bbox 11 677 1639 768; baseline -0.01 -16"><span class='ocrx_word' id='word_1_46' title='bbox 11 691 250 751; x_wconf 87' lang='lat' dir='ltr'>ecclesias</span> <span class='ocrx_word' id='word_1_47' title='bbox 269 733 287 760; x_wconf 87' lang='lat'>,</span> <span class='ocrx_word' id='word_1_48' title='bbox 321 692 447 750; x_wconf 89' lang='lat' dir='ltr'>talia</span> <span class='ocrx_word' id='word_1_49' title='bbox 470 696 625 768; x_wconf 85' lang='lat' dir='ltr'>juxta</span> <span class='ocrx_word' id='word_1_50' title='bbox 642 685 878 746; x_wconf 88' lang='lat' dir='ltr'>eundem</span> <span class='ocrx_word' id='word_1_51' title='bbox 905 685 1107 740; x_wconf 89' lang='lat' dir='ltr'>Arium</span> <span class='ocrx_word' id='word_1_52' title='bbox 1125 679 1192 739; x_wconf 89' lang='lat' dir='ltr'>de</span> <span class='ocrx_word' id='word_1_53' title='bbox 1223 677 1336 759; x_wconf 86' lang='lat' dir='ltr'>ipsa</span> <span class='ocrx_word' id='word_1_54' title='bbox 1353 677 1639 736; x_wconf 81' lang='lat' dir='ltr'>divinitate</span> 
     </span>
     <span class='ocr_line' id='line_1_9' title="bbox 9 761 1642 842; baseline -0.01 -8"><span class='ocrx_word' id='word_1_55' title='bbox 9 776 342 835; x_wconf 90' lang='lat' dir='ltr'>documenta</span> <span class='ocrx_word' id='word_1_56' title='bbox 355 791 639 837; x_wconf 74' lang='lat' dir='ltr'>tenente5‚</span> <span class='ocrx_word' id='word_1_57' title='bbox 674 785 736 828; x_wconf 92' lang='lat' dir='ltr'>ut</span> <span class='ocrx_word' id='word_1_58' title='bbox 756 761 1277 837; x_wconf 56' lang='lat' dir='ltr'>crederent2filium</span> <span class='ocrx_word' id='word_1_59' title='bbox 1309 762 1447 842; x_wconf 88' lang='lat' dir='ltr'>patri</span> <span class='ocrx_word' id='word_1_60' title='bbox 1467 764 1642 836; x_wconf 73' lang='lat' dir='ltr'>maje-</span> 
     </span>
     <span class='ocr_line' id='line_1_10' title="bbox 7 844 1637 933; baseline -0.012 -15"><span class='ocrx_word' id='word_1_61' title='bbox 7 857 141 917; x_wconf 86' lang='lat' dir='ltr'>state</span> <span class='ocrx_word' id='word_1_62' title='bbox 158 855 258 916; x_wconf 71' lang='lat' dir='ltr'>efl&#39;e</span> <span class='ocrx_word' id='word_1_63' title='bbox 276 860 550 916; x_wconf 84' lang='lat' dir='ltr'>minorem</span> <span class='ocrx_word' id='word_1_64' title='bbox 570 894 589 922; x_wconf 89' lang='lat'>,</span> <span class='ocrx_word' id='word_1_65' title='bbox 625 853 886 933; x_wconf 88' lang='lat' dir='ltr'>Spiritum</span> <span class='ocrx_word' id='word_1_66' title='bbox 918 866 1102 906; x_wconf 88' lang='lat' dir='ltr'>autem</span> <span class='ocrx_word' id='word_1_67' title='bbox 1134 844 1380 903; x_wconf 67' lang='lat' dir='ltr'>san&amp;um</span> <span class='ocrx_word' id='word_1_68' title='bbox 1402 884 1419 907; x_wconf 87' lang='grc'>,</span> <span class='ocrx_word' id='word_1_69' title='bbox 1453 863 1637 923; x_wconf 84' lang='lat' dir='ltr'>neque</span> 
     </span>
     <span class='ocr_line' id='line_1_11' title="bbox 9 925 1636 1018; baseline -0.012 -17"><span class='ocrx_word' id='word_1_70' title='bbox 9 941 177 1000; x_wconf 88' lang='lat' dir='ltr'>deum</span> <span class='ocrx_word' id='word_1_71' title='bbox 197 937 296 999; x_wconf 83' lang='lat' dir='ltr'>effe</span> <span class='ocrx_word' id='word_1_72' title='bbox 314 982 332 1008; x_wconf 89' lang='lat'>,</span> <span class='ocrx_word' id='word_1_73' title='bbox 350 959 528 1018; x_wconf 86' lang='lat' dir='ltr'>neque</span> <span class='ocrx_word' id='word_1_74' title='bbox 545 958 610 995; x_wconf 81' lang='lat' dir='ltr'>ex</span> <span class='ocrx_word' id='word_1_75' title='bbox 632 933 924 993; x_wconf 88' lang='lat' dir='ltr'>substantia</span> <span class='ocrx_word' id='word_1_76' title='bbox 944 933 1107 1012; x_wconf 88' lang='lat' dir='ltr'>patris</span> <span class='ocrx_word' id='word_1_77' title='bbox 1125 925 1370 987; x_wconf 82' lang='lat' dir='ltr'>existere.</span> <span class='ocrx_word' id='word_1_78' title='bbox 1412 925 1518 984; x_wconf 83' lang='lat' dir='ltr'>Sed</span> <span class='ocrx_word' id='word_1_79' title='bbox 1537 945 1636 1006; x_wconf 85' lang='lat' dir='ltr'>per</span> 
     </span>
     <span class='ocr_line' id='line_1_12' title="bbox 7 1009 1635 1097; baseline -0.009 -17"><span class='ocrx_word' id='word_1_80' title='bbox 7 1020 184 1082; x_wconf 88' lang='lat' dir='ltr'>filium</span> <span class='ocrx_word' id='word_1_81' title='bbox 203 1038 442 1080; x_wconf 88' lang='lat' dir='ltr'>creatum</span> <span class='ocrx_word' id='word_1_82' title='bbox 461 1017 562 1079; x_wconf 83' lang='lat' dir='ltr'>effe</span> <span class='ocrx_word' id='word_1_83' title='bbox 579 1059 597 1087; x_wconf 89' lang='lat'><strong><em>,</em></strong></span> <span class='ocrx_word' id='word_1_84' title='bbox 629 1015 908 1097; x_wconf 81' lang='lat' dir='ltr'>utriusque</span> <span class='ocrx_word' id='word_1_85' title='bbox 923 1011 1223 1072; x_wconf 86' lang='lat' dir='ltr'>ministerio</span> <span class='ocrx_word' id='word_1_86' title='bbox 1253 1009 1505 1069; x_wconf 86' lang='lat' dir='ltr'>deditum</span> <span class='ocrx_word' id='word_1_87' title='bbox 1526 1050 1545 1078; x_wconf 87' lang='lat'>‚</span> <span class='ocrx_word' id='word_1_88' title='bbox 1575 1014 1635 1066; x_wconf 74' lang='grc' dir='ltr'>δε</span> 
     </span>
     <span class='ocr_line' id='line_1_13' title="bbox 9 1094 1638 1184; baseline -0.01 -20"><span class='ocrx_word' id='word_1_89' title='bbox 9 1105 299 1164; x_wconf 79' lang='lat' dir='ltr'>amborum</span> <span class='ocrx_word' id='word_1_90' title='bbox 336 1101 604 1184; x_wconf 90' lang='lat' dir='ltr'>obsequio</span> <span class='ocrx_word' id='word_1_91' title='bbox 644 1099 941 1159; x_wconf 86' lang='lat' dir='ltr'>subditum.</span> <span class='ocrx_word' id='word_1_92' title='bbox 999 1099 1181 1155; x_wconf 88' lang='lat' dir='ltr'>Aliam</span> <span class='ocrx_word' id='word_1_93' title='bbox 1211 1112 1440 1173; x_wconf 87' lang='lat' dir='ltr'>quoque</span> <span class='ocrx_word' id='word_1_94' title='bbox 1472 1094 1638 1171; x_wconf 83' lang='lat' dir='ltr'>patris</span> 
     </span>
     <span class='ocr_line' id='line_1_14' title="bbox 9 1171 1634 1266; baseline -0.01 -21"><span class='ocrx_word' id='word_1_95' title='bbox 9 1186 144 1258; x_wconf 85' lang='lat' dir='ltr'>ficut</span> <span class='ocrx_word' id='word_1_96' title='bbox 181 1185 465 1266; x_wconf 83' lang='lat' dir='ltr'>personam</span> <span class='ocrx_word' id='word_1_97' title='bbox 486 1227 503 1251; x_wconf 89' lang='lat'>,</span> <span class='ocrx_word' id='word_1_98' title='bbox 532 1183 603 1242; x_wconf 88' lang='lat' dir='ltr'>fic</span> <span class='ocrx_word' id='word_1_99' title='bbox 628 1190 949 1242; x_wconf 85' lang='lat' dir='ltr'>&amp;naturam</span> <span class='ocrx_word' id='word_1_100' title='bbox 966 1177 1265 1237; x_wconf 85' lang='lat' dir='ltr'>adserentes</span> <span class='ocrx_word' id='word_1_101' title='bbox 1291 1216 1310 1242; x_wconf 86' lang='lat'><em>,</em></span> <span class='ocrx_word' id='word_1_102' title='bbox 1337 1176 1495 1232; x_wconf 87' lang='lat' dir='ltr'>aliam</span> <span class='ocrx_word' id='word_1_103' title='bbox 1513 1171 1634 1236; x_wconf 85' lang='lat' dir='ltr'>filii,</span> 
     </span>
     <span class='ocr_line' id='line_1_15' title="bbox 8 1255 1636 1348; baseline -0.009 -22"><span class='ocrx_word' id='word_1_104' title='bbox 8 1270 167 1327; x_wconf 89' lang='lat' dir='ltr'>aliam</span> <span class='ocrx_word' id='word_1_105' title='bbox 187 1269 425 1348; x_wconf 83' lang='lat' dir='ltr'>denique</span> <span class='ocrx_word' id='word_1_106' title='bbox 459 1269 687 1347; x_wconf 77' lang='lat' dir='ltr'>Spiritus</span> <span class='ocrx_word' id='word_1_107' title='bbox 720 1265 906 1321; x_wconf 65' lang='lat' dir='ltr'>fausti.</span> <span class='ocrx_word' id='word_1_108' title='bbox 941 1266 1019 1321; x_wconf 88' lang='lat' dir='ltr'>Vt</span> <span class='ocrx_word' id='word_1_109' title='bbox 1036 1266 1148 1335; x_wconf 85' lang='lat' dir='ltr'>jam</span> <span class='ocrx_word' id='word_1_110' title='bbox 1185 1279 1303 1316; x_wconf 89' lang='lat' dir='ltr'>non</span> <span class='ocrx_word' id='word_1_111' title='bbox 1334 1255 1636 1321; x_wconf 87' lang='lat' dir='ltr'>secundum</span> 
     </span>
     <span class='ocr_line' id='line_1_16' title="bbox 11 1341 1647 1430; baseline -0.01 -19"><span class='ocrx_word' id='word_1_112' title='bbox 11 1352 215 1411; x_wconf 65' lang='lat' dir='ltr'>Sanstae</span> <span class='ocrx_word' id='word_1_113' title='bbox 248 1350 516 1430; x_wconf 76' lang='lat' dir='ltr'>scripturae</span> <span class='ocrx_word' id='word_1_114' title='bbox 545 1349 896 1424; x_wconf 77' lang='lat' dir='ltr'>traditionem</span> <span class='ocrx_word' id='word_1_115' title='bbox 928 1364 1071 1401; x_wconf 88' lang='lat' dir='ltr'>unus</span> <span class='ocrx_word' id='word_1_116' title='bbox 1102 1345 1258 1399; x_wconf 83' lang='lat' dir='ltr'>Deus</span> <span class='ocrx_word' id='word_1_117' title='bbox 1277 1341 1647 1405; x_wconf 84' lang='lat' dir='ltr'>&amp;Dominus</span> 
     </span>
     <span class='ocr_line' id='line_1_17' title="bbox 6 1422 1639 1510; baseline -0.009 -18"><span class='ocrx_word' id='word_1_118' title='bbox 6 1436 282 1504; x_wconf 77' lang='lat' dir='ltr'>vcoleretur</span> <span class='ocrx_word' id='word_1_119' title='bbox 300 1476 317 1500; x_wconf 85' lang='lat'>‚</span> <span class='ocrx_word' id='word_1_120' title='bbox 337 1431 424 1490; x_wconf 90' lang='lat' dir='ltr'>sed</span> <span class='ocrx_word' id='word_1_121' title='bbox 436 1439 592 1510; x_wconf 86' lang='lat' dir='ltr'>juxta</span> <span class='ocrx_word' id='word_1_122' title='bbox 608 1428 924 1488; x_wconf 80' lang='lat' dir='ltr'>idololatria:</span> <span class='ocrx_word' id='word_1_123' title='bbox 944 1423 1379 1506; x_wconf 83' lang='lat' dir='ltr'>superstitionem</span> <span class='ocrx_word' id='word_1_124' title='bbox 1397 1437 1507 1479; x_wconf 90' lang='lat' dir='ltr'>tres</span> <span class='ocrx_word' id='word_1_125' title='bbox 1521 1422 1639 1478; x_wconf 88' lang='lat' dir='ltr'>Dei</span> 
     </span>
     <span class='ocr_line' id='line_1_18' title="bbox 13 1502 1641 1592; baseline -0.01 -16"><span class='ocrx_word' id='word_1_126' title='bbox 13 1533 413 1576; x_wconf 87' lang='lat' dir='ltr'>venerarentur.</span> <span class='ocrx_word' id='word_1_127' title='bbox 446 1517 622 1589; x_wconf 86' lang='lat' dir='ltr'>Cujus</span> <span class='ocrx_word' id='word_1_128' title='bbox 658 1509 996 1592; x_wconf 65' lang='lat' dir='ltr'>blasphemiae</span> <span class='ocrx_word' id='word_1_129' title='bbox 1023 1507 1227 1566; x_wconf 89' lang='lat' dir='ltr'>malum</span> <span class='ocrx_word' id='word_1_130' title='bbox 1248 1524 1342 1584; x_wconf 87' lang='lat' dir='ltr'>per</span> <span class='ocrx_word' id='word_1_131' title='bbox 1358 1502 1641 1562; x_wconf 81' lang='lat' dir='ltr'>disceffum.</span> 
     </span>
     <span class='ocr_line' id='line_1_19' title="bbox 12 1585 1641 1679; baseline -0.01 -21"><span class='ocrx_word' id='word_1_132' title='bbox 12 1618 330 1678; x_wconf 83' lang='lat' dir='ltr'>temporum</span> <span class='ocrx_word' id='word_1_133' title='bbox 375 1616 679 1679; x_wconf 84' lang='lat' dir='ltr'>regumque</span> <span class='ocrx_word' id='word_1_134' title='bbox 712 1588 944 1652; x_wconf 81' lang='lat' dir='ltr'>successu</span> <span class='ocrx_word' id='word_1_135' title='bbox 977 1592 1135 1650; x_wconf 87' lang='lat' dir='ltr'>annis</span> <span class='ocrx_word' id='word_1_136' title='bbox 1172 1587 1421 1646; x_wconf 89' lang='lat' dir='ltr'>ducentis</span> <span class='ocrx_word' id='word_1_137' title='bbox 1454 1585 1641 1644; x_wconf 84' lang='lat' dir='ltr'>trede-</span> 
     </span>
     <span class='ocr_line' id='line_1_20' title="bbox 11 1666 1641 1758; baseline -0.009 -18"><span class='ocrx_word' id='word_1_138' title='bbox 11 1686 118 1740; x_wconf 89' lang='lat' dir='ltr'>cim</span> <span class='ocrx_word' id='word_1_139' title='bbox 136 1699 430 1739; x_wconf 89' lang='lat' dir='ltr'>tenuerunt</span> <span class='ocrx_word' id='word_1_140' title='bbox 451 1721 467 1746; x_wconf 87' lang='lat'>,</span> <span class='ocrx_word' id='word_1_141' title='bbox 501 1681 595 1758; x_wconf 88' lang='lat' dir='ltr'>qui</span> <span class='ocrx_word' id='word_1_142' title='bbox 626 1676 845 1734; x_wconf 87' lang='lat' dir='ltr'>tandem</span> <span class='ocrx_word' id='word_1_143' title='bbox 865 1670 1269 1731; x_wconf 89' lang='lat' dir='ltr'>reminiscentes</span> <span class='ocrx_word' id='word_1_144' title='bbox 1285 1666 1469 1726; x_wconf 87' lang='lat' dir='ltr'>salutis</span> <span class='ocrx_word' id='word_1_145' title='bbox 1497 1667 1599 1726; x_wconf 85' lang='lat' dir='ltr'>suae</span> <span class='ocrx_word' id='word_1_146' title='bbox 1618 1708 1641 1735; x_wconf 87' lang='lat'>,</span> 
     </span>
     <span class='ocr_line' id='line_1_21' title="bbox 12 1748 1640 1839; baseline -0.009 -16"><span class='ocrx_word' id='word_1_147' title='bbox 12 1767 467 1823; x_wconf 79' lang='lat' dir='ltr'>renuntiaverunt</span> <span class='ocrx_word' id='word_1_148' title='bbox 505 1761 709 1818; x_wconf 84' lang='lat' dir='ltr'>inolitae</span> <span class='ocrx_word' id='word_1_149' title='bbox 742 1754 1012 1839; x_wconf 84' lang='lat' dir='ltr'>perfidiae,</span> <span class='ocrx_word' id='word_1_150' title='bbox 1049 1760 1104 1811; x_wconf 86' lang='lat'>&amp;</span> <span class='ocrx_word' id='word_1_151' title='bbox 1144 1749 1540 1833; x_wconf 83' lang='lat' dir='ltr'>christigratia</span> <span class='ocrx_word' id='word_1_152' title='bbox 1569 1748 1640 1815; x_wconf 78' lang='lat' dir='ltr'>ad</span> 
     </span>
     <span class='ocr_line' id='line_1_22' title="bbox 15 1831 1356 1920; baseline -0.013 -13"><span class='ocrx_word' id='word_1_153' title='bbox 15 1852 281 1909; x_wconf 78' lang='lat' dir='ltr'>unitatem</span> <span class='ocrx_word' id='word_1_154' title='bbox 300 1844 426 1903; x_wconf 85' lang='lat' dir='ltr'>fidei</span> <span class='ocrx_word' id='word_1_155' title='bbox 448 1841 746 1902; x_wconf 72' lang='lat' dir='ltr'>Catholicae</span> <span class='ocrx_word' id='word_1_156' title='bbox 762 1852 1149 1920; x_wconf 83' lang='lat' dir='ltr'>pervenerunt.</span> <span class='ocrx_word' id='word_1_157' title='bbox 1354 1831 1356 1833; x_wconf 53' lang='grc'><strong><em>’</em></strong></span> 
     </span>
    </p>
   </div>
   <div class='ocr_carea' id='block_1_3' title="bbox 226 1986 1411 2100">
    <p class='ocr_par' dir='ltr' id='par_1_3' title="bbox 226 1986 1411 2100">
     <span class='ocr_line' id='line_1_23' title="bbox 226 1986 1411 2100; baseline -0.013 -23"><span class='ocrx_word' id='word_1_158' title='bbox 226 2012 280 2078; x_wconf 86' lang='grc' dir='ltr'><strong>Ε</strong></span> <span class='ocrx_word' id='word_1_159' title='bbox 305 2034 352 2075; x_wconf 82' lang='lat' dir='ltr'>R</span> <span class='ocrx_word' id='word_1_160' title='bbox 376 2033 440 2075; x_wconf 89' lang='lat' dir='ltr'>A·</span> <span class='ocrx_word' id='word_1_161' title='bbox 460 1997 1004 2100; x_wconf 50' lang='lat' dir='ltr'>Quadringentestma</span> <span class='ocrx_word' id='word_1_162' title='bbox 1003 1986 1411 2096; x_wconf 62' lang='lat' dir='ltr'>sextadecima.</span> 
     </span>
    </p>
   </div>
   <div class='ocr_carea' id='block_1_4' title="bbox 14 2161 1648 3157">
    <p class='ocr_par' dir='ltr' id='par_1_4' title="bbox 52 2161 1643 2340">
     <span class='ocr_line' id='line_1_24' title="bbox 52 2161 1642 2254; baseline -0.009 -19"><span class='ocrx_word' id='word_1_163' title='bbox 52 2208 56 2212; x_wconf 86' lang='lat'><strong>·</strong></span> <span class='ocrx_word' id='word_1_164' title='bbox 152 2177 287 2235; x_wconf 91' lang='lat' dir='ltr'>Nno</span> <span class='ocrx_word' id='word_1_165' title='bbox 307 2172 723 2254; x_wconf 84' lang='lat' dir='ltr'>quartodecimo.</span> <span class='ocrx_word' id='word_1_166' title='bbox 737 2172 957 2249; x_wconf 89' lang='lat' dir='ltr'>Imperii</span> <span class='ocrx_word' id='word_1_167' title='bbox 972 2168 1220 2228; x_wconf 88' lang='lat' dir='ltr'>Valentis</span> <span class='ocrx_word' id='word_1_168' title='bbox 1238 2162 1542 2245; x_wconf 85' lang='lat' dir='ltr'>Gothi,qui</span> <span class='ocrx_word' id='word_1_169' title='bbox 1559 2161 1642 2220; x_wconf 88' lang='lat' dir='ltr'>in-</span> 
     </span>
     <span class='ocr_line' id='line_1_25' title="bbox 157 2250 1643 2340; baseline -0.009 -24"><span class='ocrx_word' id='word_1_170' title='bbox 157 2260 341 2340; x_wconf 85' lang='lat' dir='ltr'>primis</span> <span class='ocrx_word' id='word_1_171' title='bbox 361 2253 698 2314; x_wconf 87' lang='lat' dir='ltr'>Christianos</span> <span class='ocrx_word' id='word_1_172' title='bbox 726 2254 754 2310; x_wconf 73' lang='lat' dir='ltr'>a</span> <span class='ocrx_word' id='word_1_173' title='bbox 777 2252 989 2311; x_wconf 84' lang='lat' dir='ltr'>sedibus</span> <span class='ocrx_word' id='word_1_174' title='bbox 1008 2251 1113 2309; x_wconf 87' lang='lat' dir='ltr'>suis</span> <span class='ocrx_word' id='word_1_175' title='bbox 1128 2250 1446 2329; x_wconf 82' lang='lat' dir='ltr'>expulerant</span> <span class='ocrx_word' id='word_1_176' title='bbox 1464 2287 1482 2315; x_wconf 86' lang='lat'>‚</span> <span class='ocrx_word' id='word_1_177' title='bbox 1520 2265 1643 2318; x_wconf 55' lang='lat' dir='ltr'>rur-f</span> 
     </span>
    </p>

    <p class='ocr_par' dir='ltr' id='par_1_5' title="bbox 14 2327 1648 3157">
     <span class='ocr_line' id='line_1_26' title="bbox 14 2327 1634 2422; baseline -0.012 -18"><span class='ocrx_word' id='word_1_178' title='bbox 14 2344 100 2404; x_wconf 92' lang='lat' dir='ltr'>sus</span> <span class='ocrx_word' id='word_1_179' title='bbox 117 2341 213 2422; x_wconf 80' lang='lat' dir='ltr'>ipsi</span> <span class='ocrx_word' id='word_1_180' title='bbox 231 2340 298 2398; x_wconf 89' lang='lat' dir='ltr'>ab</span> <span class='ocrx_word' id='word_1_181' title='bbox 317 2342 496 2398; x_wconf 89' lang='lat' dir='ltr'>Vnnis</span> <span class='ocrx_word' id='word_1_182' title='bbox 514 2358 640 2395; x_wconf 88' lang='lat' dir='ltr'>cum</span> <span class='ocrx_word' id='word_1_183' title='bbox 660 2357 783 2416; x_wconf 87' lang='lat' dir='ltr'>rege</span> <span class='ocrx_word' id='word_1_184' title='bbox 805 2334 901 2393; x_wconf 92' lang='lat' dir='ltr'>suo</span> <span class='ocrx_word' id='word_1_185' title='bbox 925 2332 1259 2391; x_wconf 86' lang='lat' dir='ltr'>Athanarico</span> <span class='ocrx_word' id='word_1_186' title='bbox 1279 2327 1482 2412; x_wconf 76' lang='lat' dir='ltr'>expulsi</span> <span class='ocrx_word' id='word_1_187' title='bbox 1495 2327 1634 2386; x_wconf 88' lang='lat' dir='ltr'>sunt.</span> 
     </span>
     <span class='ocr_line' id='line_1_27' title="bbox 15 2414 1643 2504; baseline -0.012 -18"><span class='ocrx_word' id='word_1_188' title='bbox 15 2423 384 2504; x_wconf 84' lang='lat' dir='ltr'>Tranfitoque</span> <span class='ocrx_word' id='word_1_189' title='bbox 417 2418 683 2479; x_wconf 89' lang='lat' dir='ltr'>Danubio</span> <span class='ocrx_word' id='word_1_190' title='bbox 719 2423 858 2476; x_wconf 81' lang='lat' dir='ltr'>cum&#39;</span> <span class='ocrx_word' id='word_1_191' title='bbox 880 2420 989 2474; x_wconf 89' lang='lat' dir='ltr'>vim</span> <span class='ocrx_word' id='word_1_192' title='bbox 1022 2417 1267 2475; x_wconf 88' lang='lat' dir='ltr'>Valentis</span> <span class='ocrx_word' id='word_1_193' title='bbox 1300 2414 1643 2493; x_wconf 86' lang='lat' dir='ltr'>imperatoris</span> 
     </span>
     <span class='ocr_line' id='line_1_28' title="bbox 20 2495 1644 2588; baseline -0.01 -21"><span class='ocrx_word' id='word_1_194' title='bbox 20 2508 191 2588; x_wconf 88' lang='lat' dir='ltr'>[ferre</span> <span class='ocrx_word' id='word_1_195' title='bbox 209 2527 326 2564; x_wconf 91' lang='lat' dir='ltr'>non</span> <span class='ocrx_word' id='word_1_196' title='bbox 343 2501 607 2585; x_wconf 85' lang='lat' dir='ltr'>poffent,]</span> <span class='ocrx_word' id='word_1_197' title='bbox 629 2499 732 2559; x_wconf 90' lang='lat' dir='ltr'>sese</span> <span class='ocrx_word' id='word_1_198' title='bbox 753 2521 868 2558; x_wconf 88' lang='lat' dir='ltr'>non</span> <span class='ocrx_word' id='word_1_199' title='bbox 886 2498 1142 2579; x_wconf 75' lang='lat' dir='ltr'>depositis</span> <span class='ocrx_word' id='word_1_200' title='bbox 1160 2501 1320 2555; x_wconf 88' lang='lat' dir='ltr'>armis</span> <span class='ocrx_word' id='word_1_201' title='bbox 1336 2495 1644 2559; x_wconf 83' lang='lat' dir='ltr'>tradunt‚&amp;</span> 
     </span>
     <span class='ocr_line' id='line_1_29' title="bbox 17 2575 1644 2661; baseline -0.011 -11"><span class='ocrx_word' id='word_1_202' title='bbox 17 2591 315 2650; x_wconf 57' lang='lat' dir='ltr'>Thraciam⁴</span> <span class='ocrx_word' id='word_1_203' title='bbox 329 2586 393 2644; x_wconf 88' lang='lat' dir='ltr'>ad</span> <span class='ocrx_word' id='word_1_204' title='bbox 411 2583 830 2643; x_wconf 86' lang='lat' dir='ltr'>inhabitandum</span> <span class='ocrx_word' id='word_1_205' title='bbox 848 2585 1135 2661; x_wconf 83' lang='lat' dir='ltr'>accipiunt.</span> <span class='ocrx_word' id='word_1_206' title='bbox 1157 2580 1259 2638; x_wconf 89' lang='lat' dir='ltr'>Sed</span> <span class='ocrx_word' id='word_1_207' title='bbox 1276 2579 1369 2637; x_wconf 85' lang='lat' dir='ltr'>ubi</span> <span class='ocrx_word' id='word_1_208' title='bbox 1389 2575 1644 2636; x_wconf 80' lang='lat' dir='ltr'>viderunt</span> 
     </span>
     <span class='ocr_line' id='line_1_30' title="bbox 18 2661 1644 2754; baseline -0.011 -21"><span class='ocrx_word' id='word_1_209' title='bbox 18 2673 70 2733; x_wconf 89' lang='lat' dir='ltr'>se</span> <span class='ocrx_word' id='word_1_210' title='bbox 88 2673 327 2754; x_wconf 90' lang='lat' dir='ltr'>opprimi</span> <span class='ocrx_word' id='word_1_211' title='bbox 345 2668 372 2730; x_wconf 70' lang='grc' dir='ltr'>ὲ</span> <span class='ocrx_word' id='word_1_212' title='bbox 399 2669 670 2726; x_wconf 87' lang='lat' dir='ltr'>Romanis</span> <span class='ocrx_word' id='word_1_213' title='bbox 693 2707 709 2734; x_wconf 90' lang='lat'>,</span> <span class='ocrx_word' id='word_1_214' title='bbox 741 2683 931 2724; x_wconf 87' lang='lat' dir='ltr'>contra</span> <span class='ocrx_word' id='word_1_215' title='bbox 949 2663 1396 2723; x_wconf 87' lang='lat' dir='ltr'>consuetudinem</span> <span class='ocrx_word' id='word_1_216' title='bbox 1415 2661 1644 2741; x_wconf 84' lang='lat' dir='ltr'>propriae</span> 
     </span>
     <span class='ocr_line' id='line_1_31' title="bbox 15 2739 1642 2816; baseline -0.012 -1"><span class='ocrx_word' id='word_1_217' title='bbox 15 2754 278 2815; x_wconf 79' lang='lat' dir='ltr'>libertatis</span> <span class='ocrx_word' id='word_1_218' title='bbox 300 2796 315 2816; x_wconf 93' lang='lat'>‚</span> <span class='ocrx_word' id='word_1_219' title='bbox 337 2750 401 2808; x_wconf 89' lang='lat' dir='ltr'>ad</span> <span class='ocrx_word' id='word_1_220' title='bbox 420 2749 788 2812; x_wconf 87' lang='lat' dir='ltr'>rebellandum</span> <span class='ocrx_word' id='word_1_221' title='bbox 807 2749 980 2807; x_wconf 74' lang='lat' dir='ltr'>coaffi</span> <span class='ocrx_word' id='word_1_222' title='bbox 997 2746 1121 2806; x_wconf 89' lang='lat' dir='ltr'>sunt</span> <span class='ocrx_word' id='word_1_223' title='bbox 1140 2788 1157 2815; x_wconf 93' lang='lat'>‚</span> <span class='ocrx_word' id='word_1_224' title='bbox 1190 2744 1481 2810; x_wconf 82' lang='lat' dir='ltr'>Thraciam</span> <span class='ocrx_word' id='word_1_225' title='bbox 1498 2739 1642 2798; x_wconf 90' lang='lat' dir='ltr'>ferro</span> 
     </span>
     <span class='ocr_line' id='line_1_32' title="bbox 22 2831 1647 2912; baseline -0.01 -18"><span class='ocrx_word' id='word_1_226' title='bbox 22 2832 387 2912; x_wconf 88' lang='lat' dir='ltr'>incendiisque</span> <span class='ocrx_word' id='word_1_227' title='bbox 406 2833 765 2912; x_wconf 77' lang='lat' dir='ltr'>depopulant,</span> <span class='ocrx_word' id='word_1_228' title='bbox 782 2831 1074 2912; x_wconf 87' lang='lat' dir='ltr'>deletoque</span> <span class='ocrx_word' id='word_1_229' title='bbox 1087 2833 1480 2888; x_wconf 84' lang='lat' dir='ltr'>Romanorum</span> <span class='ocrx_word' id='word_1_230' title='bbox 1495 2842 1647 2881; x_wconf 85' lang='lat' dir='ltr'>exer-</span> 
     </span>
     <span class='ocr_line' id='line_1_33' title="bbox 22 2905 1648 2996; baseline -0.009 -20"><span class='ocrx_word' id='word_1_231' title='bbox 22 2923 135 2976; x_wconf 89' lang='lat' dir='ltr'>citu</span> <span class='ocrx_word' id='word_1_232' title='bbox 149 2915 609 2996; x_wconf 87' lang='lat' dir='ltr'>ipsumValentem</span> <span class='ocrx_word' id='word_1_233' title='bbox 622 2919 803 2992; x_wconf 85' lang='lat' dir='ltr'>jaculo</span> <span class='ocrx_word' id='word_1_234' title='bbox 823 2915 1165 2973; x_wconf 87' lang='lat' dir='ltr'>vulneratum</span> <span class='ocrx_word' id='word_1_235' title='bbox 1182 2915 1239 2970; x_wconf 89' lang='lat' dir='ltr'>in</span> <span class='ocrx_word' id='word_1_236' title='bbox 1256 2910 1528 2990; x_wconf 88' lang='lat' dir='ltr'>quandam</span> <span class='ocrx_word' id='word_1_237' title='bbox 1547 2905 1648 2962; x_wconf 80' lang='lat' dir='ltr'>vi}-</span> 
     </span>
     <span class='ocr_line' id='line_1_34' title="bbox 27 2986 1647 3082; baseline -0.017 -15"><span class='ocrx_word' id='word_1_238' title='bbox 27 3004 134 3067; x_wconf 72' lang='lat' dir='ltr'>lam</span> <span class='ocrx_word' id='word_1_239' title='bbox 151 2998 451 3082; x_wconf 82' lang='lat' dir='ltr'>fugientem</span> <span class='ocrx_word' id='word_1_240' title='bbox 468 2995 811 3058; x_wconf 85' lang='lat' dir='ltr'>succendunt.</span> <span class='ocrx_word' id='word_1_241' title='bbox 828 3012 830 3014; x_wconf 78' lang='grc'>’</span> <span class='ocrx_word' id='word_1_242' title='bbox 847 2999 919 3056; x_wconf 88' lang='lat' dir='ltr'>Et</span> <span class='ocrx_word' id='word_1_243' title='bbox 937 2999 1163 3063; x_wconf 75' lang='lat' dir='ltr'>merim,</span> <span class='ocrx_word' id='word_1_244' title='bbox 1178 3011 1240 3052; x_wconf 92' lang='lat' dir='ltr'>ut</span> <span class='ocrx_word' id='word_1_245' title='bbox 1258 2989 1364 3072; x_wconf 87' lang='lat' dir='ltr'>ipse</span> <span class='ocrx_word' id='word_1_246' title='bbox 1382 2990 1449 3048; x_wconf 90' lang='lat' dir='ltr'>ab</span> <span class='ocrx_word' id='word_1_247' title='bbox 1466 2990 1542 3048; x_wconf 89' lang='lat' dir='ltr'>eis</span> <span class='ocrx_word' id='word_1_248' title='bbox 1563 2986 1647 3042; x_wconf 74' lang='lat' dir='ltr'>vi-</span> 
     </span>
     <span class='ocr_line' id='line_1_35' title="bbox 926 3082 1643 3157; baseline -0.013 -23"><span class='ocrx_word' id='word_1_249' title='bbox 926 3082 979 3134; x_wconf 90' lang='lat' dir='ltr'>Y</span> <span class='ocrx_word' id='word_1_250' title='bbox 1002 3099 1034 3157; x_wconf 92' lang='lat' dir='ltr'>y</span> <span class='ocrx_word' id='word_1_251' title='bbox 1074 3097 1117 3156; x_wconf 72' lang='lat'>4</span> <span class='ocrx_word' id='word_1_252' title='bbox 1507 3086 1643 3130; x_wconf 80' lang='lat' dir='ltr'>vens</span> 
     </span>
    </p>
   </div>
  </div>
 </body>
</html>
