1888 3428
214 155 625 223 His-romaz
665 163 1158 225 VANDALICAE
1196 163 1432 225 Luam.
1535 179 1638 249 1'13

31 241 255 314 fecerat,
269 254 322 305 &
342 243 724 326 Asclepiaden,
742 264 867 303 ortu
884 244 1219 304 Palaestinum
1240 288 1258 314 ‚
1288 250 1460 306 domo
1479 250 1648 309 nobi:-

28 326 137 384 lem
157 368 173 389 ‚
202 327 506 387 Theodoro
523 328 780 387 intimum
800 331 941 385 inter
964 331 1187 407 primos.
1232 328 1569 407 Asclepiades
1588 347 1646 391 re·

24 405 155 487 xcurn
189 408 494 468 Theodoro
529 413 927 468 communicata
948 452 965 478 ‚
996 433 1126 468 mox
1156 424 1325 469 o'mne
1352 417 1645 491 negetiurn

28 491 314 549 Germano
344 492 607 550 enuntiat.
636 494 730 571 qui
761 509 886 548 cum
924 493 1087 549 rebus
1119 492 1292 551 adhuc
1324 495 1644 553 nutantibus

26 592 206 630 novos
238 577 375 631 ciere
404 593 587 632 motus
606 575 773 631 nollet
790 614 806 640 ‚
843 573 1121 632 beneficiis
1138 580 1313 634 virum
1334 596 1497 655 quam
1522 598 1644 656 poe==

29 656 114 711 'nis
151 657 373 736 aggredi
406 655 585 714 statuit
604 697 620 723 ‚
653 676 710 712 ac
740 654 1084 730 jurisjurandi
1109 676 1232 714 eum
1255 660 1516 738 religione
1536 659 1643 716 ob·-

26 733 281 815 stringere
314 739 378 796 ad
409 736 572 795 fidem
591 742 824 816 Imperio
847 740 1107 797 Romano
1138 738 1462 798 servandam.
1510 741 1643 798 Mos

22 835 137 874 erat
157 836 308 877 vetus
326 821 590 877 Romanis
612 838 672 877 ut
699 817 901 877 satelles
936 824 1177 879 virorum
1210 826 1515 902 principum
1549 840 1641 880 ἠτα
1676 868 1681 869 ⁷

25 901 158 956 mini
177 897 458 980 quisquam
476 899 652 971 fieret,
671 901 767 958 nifi
786 901 1101 983 gravissimis
1121 904 1571 963 exsecrationibus
1591 904 1643 962 se

25 986 78 1038 &
108 983 181 1039 illi
216 988 270 1040 δε
300 988 613 1061 Imperatori
643 983 957 1043 devoviffet.
1000 990 1444 1067 Accitumigitur
1462 990 1645 1045 Maxi<

23 1067 235 1122 minum
258 1064 569 1146 virtutisque
603 1088 735 1147 ergo
772 1068 1048 1126 laudatum
1079 1073 1219 1126 inter
1246 1067 1492 1127 satellites
1521 1072 1639 1128 alli==

21 1151 120 1225 git.
165 1147 368 1205 laetatus
387 1169 453 1205 eo
472 1149 684 1206 honore
716 1149 828 1221 (est
849 1155 991 1207 enim
1017 1152 1406 1230 magnusapud
1427 1155 1638 1210 Roma-

22 1241 128 1286 nos
144 1231 172 1300 )
208 1248 360 1287 tanto
379 1229 474 1287 fibi
494 1236 762 1309 promtius
786 1230 1082 1310 processura
1098 1234 1352 1292 destinata
1369 1233 1641 1293 existima-

21 1313 122 1368 vit.
161 1317 348 1391 Itaque
365 1314 776 1388 &jurisjurandi
793 1314 953 1370 verba
970 1315 1104 1371 dixit
1121 1356 1137 1383 ,
1159 1322 1213 1373 δε
1234 1315 1520 1396 postquam
1542 1317 1639 1376 ad*
1709 1334 1713 1337 ’

22 1391 208 1451 miffus
225 1391 328 1450 fuit
341 1393 473 1452 nihil
491 1397 669 1452 minus
685 1399 886 1454 curavit
904 1418 1070 1476 quam
1085 1395 1217 1454 stare
1228 1402 1438 1474 juratiS,
1453 1403 1638 1456 interi-³

21 1490 111 1532 tus
137 1474 342 1554 semper
366 1478 422 1533 in
452 1474 599 1555 spem
633 1481 933 1556 concupitae
961 1483 1240 1556 potentiae.
1303 1479 1520 1560 Agebat
1550 1478 1638 1538 fe*-

21 1556 164 1614 stum
195 1557 340 1614 diem
374 1561 591 1623 civitaS‚
621 1562 885 1638 multique
914 1561 942 1617 ἐ
971 1563 1260 1617 Maximini
1280 1559 1516 1620 fa‹ffione
1536 1561 1636 1619 sub

17 1638 225 1718 prandii
242 1657 458 1718 tempus
477 1644 532 1696 in
555 1641 809 1717 palatium
830 1659 1087 1698 venerant
1114 1660 1314 1700 munus
1329 1642 1484 1701 suum
1504 1641 1638 1701 fun-⁴

19 1721 490 1779 &turhGermanus
510 1742 577 1778 eo
596 1740 842 1801 ternpore
860 1719 1144 1781 familiares
1163 1722 1289 1782 suos
1306 1727 1474 1805 epulis
1489 1730 1638 1783 exci-

19 1801 218 1884 piebat,
233 1803 466 1862 adstante
481 1805 621 1861 inter
638 1803 882 1862 satellites
901 1807 1229 1864 Maximino.
1262 1819 1322 1866 ut
1339 1813 1515 1886 potari
1534 1824 1638 1868 cae—

17 1904 176 1964 ptum
195 1888 407 1966 largiuS,
424 1889 586 1944 intrat
603 1890 696 1966 qui
716 1888 1000 1946 Germano
1021 1893 1233 1947 nuntiat
1253 1931 1269 1956 ,
1302 1891 1498 1949 milites
1517 1888 1636 1948 satis

19 1970 223 2025 'multos
255 1969 400 2025 nulla
436 1989 561 2025 cum
610 1974 906 2028 reverentia
942 1970 1007 2028 ad
1040 1969 1188 2029 fores
1222 1970 1353 2030 stare
1386 1980 1441 2030 δε
1476 1975 1635 2051 longi

20 2053 280 2127 temporis
308 2071 406 2108 aera
437 2055 651 2130 poscere·
671 2050 767 2108 fibi
784 2052 1080 2130 publicitus
1097 2053 1295 2112 debita.
1337 2056 1430 2113 Ille
1450 2053 1638 2113 fidiffi=

20 2135 123 2192 mis
140 2130 420 2191 satellitum
455 2137 682 2211 imperat
700 2133 1072 2192 Maximinum
1092 2155 1152 2193 ut
1171 2136 1500 2196 custodirent
1519 2178 1534 2199 ,
1563 2160 1635 2195 eo

19 2211 168 2282 astu,
202 2236 268 2272 ne
289 2217 343 2273 id
363 2218 447 2296 agi
466 2214 572 2293 ipse
589 2216 826 2274 sentiret.
872 2220 988 2293 Qui
1008 2219 1317 2276 Maximino
1349 2219 1637 2278 studebant

23 2299 232 2359 milites,
253 2301 443 2355 minaci
464 2300 704 2356 tumultu
723 2304 777 2356 in
801 2299 1026 2358 Circum
1048 2317 1372 2379 procurrunt
1392 2346 1406 2368 ‚
1431 2324 1489 2359 ac
1506 2303 1636 2359 bre-

22 2383 74 2435 vi
111 2382 205 2458 qui
236 2378 471 2454 ejusdem
506 2378 710 2438 confilii
744 2384 1024 2461 participes
1054 2402 1203 2440 erant
1222 2384 1353 2442 aliie
1373 2385 1636 2442 domibus

22 2460 215 2518 eodem
247 2460 297 2519 se
334 2459 593 2520 ferebant.
635 2463 789 2542 quod
811 2463 844 2521 fi
864 2470 1007 2522 coire
1039 2462 1205 2524 fastio
1223 2485 1338 2524 tota
1358 2464 1633 2545 potuisset,

21 2544 109 2601 Vix
127 2585 142 2607 ‚
170 2544 329 2602 credo
349 2584 364 2605 ,
395 2541 573 2602 fuiffet
587 2566 779 2603 eorum
801 2565 1026 2603 conatus
1044 2550 1368 2627 reprimendi
1387 2547 1634 2606 facultas-⁶

19 2625 184 2683 Nunc
201 2630 472 2685 antevenit
489 2626 822 2695 GermanuS,
839 2628 1004 2686 miffis
1022 2632 1077 2686 in
1097 2651 1190 2688 eos
1211 2631 1471 2689 militibus
1490 2653 1636 2711 quos
1711 2630 1714 2636 ’

18 2709 332 2783 Imperatori
363 2706 567 2789 sibique
598 2709 736 2767 bene
770 2709 902 2768 velle
923 2732 1147 2770 noverat
1169 2753 1185 2778 ‚
1223 2714 1355 2771 dum
1379 2712 1549 2771 adhuc
1565 2727 1635 2770 εκ

22 2784 309 2846 Maximini
343 2796 489 2868 parte
518 2793 736 2871 plurimi
762 2791 1212 2852 desiderabantur.
1254 2797 1333 2852 Illi
1365 2798 1460 2875 qui
1485 2798 1635 2852 coiea

21 2881 141 2928 rant
171 2869 237 2926 ab
271 2871 350 2927 his
380 2895 522 2952 quos
555 2875 867 2932 Germanus
902 2874 1110 2933 miserat
1127 2875 1269 2935 ferro
1288 2875 1336 2934 se
1358 2880 1466 2957 peti
1489 2880 1635 2954 prius

23 2966 189 3033 quam
226 2954 551 3040 crediderant
590 2954 790 3018 sensere
843 2982 858 3021 a
921 2974 1158 3037 cumque
1200 2980 1317 3018 non
1359 2967 1638 3097 appffierc‘t-

38 3056 54 3066 “
518 3039 547 3043 ”
593 3040 608 3044 ”
1014 3042 1076 3097 H
1293 3041 1313 3044 ’ἥ
1493 3039 1640 3101 saxi-2
