1888 3428
266 152 384 217 514
550 138 980 198 'PR'ocoPn
1038 135 1586 198 CAEsAREENsrs
1665 140 1695 147 ”

266 236 443 276 turus·
483 220 635 298 quod
665 241 789 278 cum
821 217 1155 278 intellexisset
1180 217 1374 290 Narses
1393 259 1409 285 ‚
1455 219 1754 278 Iohannem
1772 219 1886 282 Vis.-

266 301 523 358 taliani&
542 302 927 364 Philimuthem
946 344 964 371 ‚
1000 323 1123 359 cum
1151 304 1226 364 eis
1243 323 1394 381 quos
1411 300 1506 359 sub
1524 299 1575 359 se
1603 301 1884 361 habebant:¹

265 382 532 441 militib-us
549 426 566 452 ,
601 387 676 442 ire
700 384 858 460 jubet
879 388 936 442 in
972 380 1218 442 Thusciae
1236 404 1431 462 agros,
1459 384 1645 463 ibique
1676 382 1880 443 stativis

225 535 227 537 ³
263 462 454 543 positis
475 465 683 524 hostem
702 471 891 525 itinere
910 468 965 522 in
988 467 1346 543 Campaniam
1369 466 1748 532 intercludere,
1762 487 1880 547 quo

264 543 475 604 facilius
492 549 742 607 Cumana
762 552 1104 605 munimenta
1134 565 1226 605 aut
1259 551 1310 605 vi
1342 564 1435 604 aut
1459 548 1625 624 pafitis
1643 551 1698 605 in
1721 553 1881 627 potes

266 627 457 693 statem
472 632 783 687 Romanam
808 631 1193 709 redigerentur.
1240 626 1326 686 sed
1348 631 1515 686 Te'i'as
1536 634 1646 688 vias
1664 630 1728 688 ad
1747 630 1880 688 dex-³

217 756 221 760 ⁷
265 725 402 767 tram
424 753 440 779 ‚
462 735 565 792 qua
588 712 959 770 brevissimum
978 716 1096 778 iter,
1115 729 1176 768 ut
1194 713 1491 789 plurimum
1514 715 1741 779 evitanS,
1762 714 1883 770 lon-²

268 813 347 871 go
372 795 697 853 circumactu
719 816 812 874 per
829 816 977 852 oram
1004 794 1184 851 Adriae
1204 792 1527 850 maritimam
1547 796 1679 851 clam
1697 791 1882 851 hostes

269 877 330 931 in
360 878 714 956 Campaniam
735 879 1000 955 pervenit.
1038 875 1285 932 Edoctus
1314 896 1373 933 ea
1393 874 1459 932 de
1488 895 1545 934 re
1570 874 1760 933 Narses
1789 881 1881 932 Io-

267 955 506 1015 hannem
541 965 595 1015 &
624 957 1007 1016 Philimuthem
1039 964 1093 1014 &
1126 978 1318 1014 eorum
1349 958 1578 1015 militem
1596 960 1692 1037 qui
1715 956 1879 1014 Thu-

266 1036 382 1096 stiae
403 1038 681 1096 transitum
700 1039 1050 1106 obsidebant,
1067 1038 1130 1095 ad
1149 1038 1197 1096 se
1214 1058 1371 1097 vocat
1390 1080 1407 1106 ‚
1450 1060 1550 1096 nec
1570 1044 1749 1096 minus
1767 1043 1882 1096 Va—

267 1122 532 1178 lerianum
567 1127 620 1178 &
655 1125 895 1200 quicum
928 1143 995 1176 eo
1028 1127 1236 1178 Petram
1260 1119 1527 1179 Pertusam
1565 1121 1734 1179 modo
1769 1135 1882 1178 erat

270 1202 427 1282 quod
445 1222 714 1281 ceperant.
756 1205 840 1260 Sic
858 1204 1156 1261 contractis,
1180 1205 1378 1278 copi-iffi
1412 1222 1679 1280 quantum
1709 1207 1880 1260 maxi-

272 1305 430 1341 mum
464 1303 678 1363 poterat
711 1287 1003 1342 exercitum
1052 1282 1281 1340 ducebat
1317 1290 1371 1340 ὃ(
1405 1282 1513 1362 ipse
1546 1288 1603 1340 in
1642 1287 1880 1362 Campa-

269 1369 438 1422 niam.
482 1368 707 1423 Attollit
723 1366 771 1424 se
789 1369 846 1423 in
859 1368 1161 1444 Campania
1182 1363 1449 1423 Vesuvius
1468 1408 1484 1434 ‚
1519 1369 1611 1446 qui
1633 1407 1650 1433 ‚
1676 1385 1737 1423 ut
1754 1368 1881 1424 alibi

269 1450 380 1522 jam
414 1447 691 1516 edisserui,
730 1469 843 1506 non
863 1469 979 1505 raro
1012 1448 1421 1526 mugitumedit
1441 1489 1456 1515 ‚
1495 1448 1648 1527 quod
1667 1453 1881 1528 quoties

270 1529 464 1586 accidit
483 1573 500 1599 ‚
536 1535 725 1588 cineris
743 1552 966 1610 quoqu-e
987 1532 1134 1589 velut
1160 1530 1463 1587 ebullientis
1482 1533 1594 1587 vim
1625 1552 1879 1611 magnam

272 1613 504 1669 eructat.
546 1611 633 1670 sed
668 1613 732 1670 de
764 1615 845 1669 his
875 1613 1038 1671 videri
1076 1610 1289 1691 possunt
1318 1634 1435 1691 quae
1456 1610 1606 1692 supra
1625 1613 1883 1672 diximus.

273 1699 340 1750 In
364 1693 469 1752 hoc
490 1713 675 1751 monte
705 1696 887 1752 medio
911 1738 924 1759 ‚
956 1715 1071 1751 non
1104 1698 1281 1750 minus
1299 1716 1460 1772 quam
1494 1699 1548 1751 in
1566 1700 1727 1751 AEtna
1745 1698 1879 1752 Sici-

271 1776 387 1842 liae,
420 1781 611 1854 ingens
647 1775 806 1833 inane
840 1776 1040 1832 abimo
1077 1776 1139 1832 ad
1161 1772 1651 1839 summumbnatura
1676 1772 1878 1835 constiss

276 1859 418 1924 tuit,
456 1858 637 1915 subter
656 1858 907 1916 aestuante
935 1855 1296 1936 semperigne.
1335 1861 1450 1914 cavi
1482 1875 1628 1914 tanta
1649 1856 1880 1937 profan-s

277 1938 416 1996 ditas
430 1939 504 1997 est
524 1981 541 2009 ,
588 1959 647 1997 ut
663 1938 872 1997 homini
901 1943 956 1996 in
975 1938 1187 1995 summo
1201 1944 1339 2018 jugo
1358 1938 1516 1996 stanti
1539 1979 1553 2000 ‚
1588 1939 1622 1998 fi
1644 1940 1878 2019 despice-

250 2065 251 2069 ,
274 2040 335 2079 re
355 2023 546 2079 audeat
562 2062 577 2083 ‚
610 2041 747 2102 aegre
766 2019 1046 2100 conspicua
1076 2019 1136 2076 fit
1156 2018 1395 2078 flamma.
1438 2027 1652 2100 quoties
1671 2044 1799 2079 vero
1818 2044 1888 2092 ea}

276 2123 399 2179 quae
429 2105 536 2161 dixi
555 2102 618 2159 fit
638 2105 898 2168 eructatio
919 2143 936 2167 ,
969 2099 1165 2159 fraffioes
1198 2101 1225 2158 a
1253 2103 1472 2160 Vesuvii
1489 2100 1663 2161 fundo
1679 2099 1888 2185 lapides}

277 2185 414 2240 alios
434 2190 662 2259 majores
681 2227 696 2252 ‚
734 2188 864 2242 alios
883 2188 1117 2241 minores
1138 2187 1210 2242 vis
1229 2186 1462 2242 incendii
1481 2191 1535 2242 in
1557 2184 1877 2262 sublimeja-

277 2268 486 2324 culatur
503 2266 653 2343 supra
672 2270 874 2323 montis
906 2287 1161 2323 cacumen
1185 2307 1201 2333 ‚
1243 2266 1549 2346 diversaque
1567 2271 1621 2324 in
1642 2271 1877 2346 localate

280 2345 495 2429 spargit.
542 2352 685 2406 Fluit
717 2369 836 2406 tum
867 2356 920 2406 δε
953 2351 1144 2427 igneus
1162 2353 1307 2406 rivus
1341 2347 1599 2406 asummo
1617 2348 1667 2406 se
1685 2369 1876 2408 monte

278 2429 348 2486 ad
366 2432 564 2488 radices
583 2430 744 2511 usque
765 2432 1053 2488 demittens
1068 2472 1084 2497 ‚
1112 2449 1271 2509 atque
1290 2437 1451 2488 etiam
1470 2433 1708 2510 longiu5‚
1721 2433 1876 2511 quale

279 2517 335 2568 &
353 2513 494 2592 apud
511 2519 728 2570 AEtnam
749 2514 923 2570 videre
950 2509 1041 2568 est.
1085 2514 1252 2591 Ripas
1270 2532 1448 2570 autem
1480 2516 1732 2587 utrinque
1749 2516 1875 2573 altas

276 2589 406 2651 facit
424 2587 706 2653 flammeus
725 2598 811 2653 ille
839 2614 1050 2652 torrens
1066 2592 1389 2672 subjacentia
1408 2594 1602 2651 secans,
1643 2599 1728 2652 Ac
1748 2617 1874 2654 cum

276 2679 517 2754 primum
535 2675 657 2734 ferri
680 2679 831 2756 caepit
866 2679 1007 2756 ignis
1026 2679 1257 2757 impetus
1274 2722 1287 2742 ,
1321 2697 1469 2756 aquae
1487 2676 1721 2734 ardentis
1736 2680 1873 2757 gerit

264 2755 530 2835 speciem.
561 2764 604 2815 is
636 2759 730 2815 ubi
750 2780 985 2817 marcens
1004 2758 1481 2836 paulatim‚deinde
1495 2756 1872 2839 exstinguitur,

273 2838 550 2898 inhibetur
582 2847 636 2898 δε
674 2845 772 2898 rivi
809 2839 987 2897 cursus
1018 2862 1085 2898 ne
1104 2841 1323 2921 longius
1354 2840 1405 2898 se
1421 2838 1686 2920 proferat:
1721 2840 1870 2921 quod

272 2942 404 2983 vero
423 2921 648 2984 subsedit
665 2962 684 2990 ,
720 2924 898 2983 lutum
919 2921 947 2981 ὲ
967 2922 1231 2983 cineribus
1247 2923 1405 2983 dicas.
1436 2923 1536 2982 ‚Ad
1550 2922 1741 3005 pedem
1759 2924 1868 2981 Ve÷v

1348 3022 1352 3025 ⁴
1723 3003 1861 3065 suvii
