1888 3428
457 157 506 214 E
585 174 622 213 L
671 151 740 211 ‘o
820 175 855 212 c
935 173 958 210 1
1037 148 1097 212 ‘AI

0 240 209 300 'statem
244 239 448 319 regiam
482 234 857 296 inchoavimus
886 275 903 302 ‚
943 238 1016 293 ita
1048 177 1514 313 tranquillitatessz

0 325 151 381 *Deo
182 323 424 404 placitam
445 361 463 389 ‚
504 316 851 399 sequentibus
886 316 1229 397 temporibus
1259 316 1513 399 exsequa-

23 426 159 464 mur.

334 551 429 633 Ep.
485 564 509 605 1
537 564 596 605 x.
646 536 898 603 Tolonico
929 540 1186 603 Patricia.

102 663 310 724 Amasti
340 670 392 722 in
416 663 681 722 audiendo
700 665 1010 743 patientiam
1029 704 1046 730 ,
1084 668 1140 720 in
1166 660 1508 743 suggestione

61 752 302 805 eritatem
332 771 345 805 ε
386 746 517 823 saepe
554 765 672 823 quae
706 745 771 803 ad
809 767 936 804 eum
971 742 1100 802 falso
1134 764 1505 823 pervenerant,

49 830 151 888 ceci
171 828 342 885 studio
362 827 664 907 corrigebas
681 868 699 895 ,
735 833 789 884 &
807 868 822 889 ,
855 829 1002 907 quod
1022 848 1200 884 rarum
1219 824 1514 884 confidem-

44 914 102 970 iae
119 931 290 991 genus
307 908 380 967 est
401 951 415 976 ‚
431 910 700 967 interdum
721 908 990 967 resistebas
1009 928 1196 966 contra
1216 912 1343 966 vitia
1364 911 1507 987 prin-
1530 973 1534 975 ,

53 997 150 1073 ipis
169 1033 186 1059 ‚
215 990 300 1050 sed
336 1014 435 1071 pro
456 990 720 1070 opinione
755 994 994 1050 refforis.
1039 991 1341 1070 patiebatur
1357 994 1506 1047 enim

0 1123 1 1126 ,
58 1075 315 1153 ‚invictus
333 1075 416 1133 ille
437 1075 621 1153 praeliis
641 1095 738 1151 pro
759 1073 846 1131 sua
864 1071 1004 1131 fama
1024 1073 1290 1153 superari,
1310 1077 1364 1130 &
1381 1073 1504 1130 clul-
1533 1085 1607 1143 Κῶς
1629 1082 1738 1155 17me

53 1158 94 1214 is
124 1175 232 1213 erat
258 1155 404 1232 justo
424 1159 650 1237 principi
669 1156 999 1215 rationabilis
1025 1159 1370 1214 contrarietas
1400 1154 1506 1212 ob-
1531 1137 1697 1177 “emm’‘

43 1240 307 1319 equentiS.

300 1385 399 1467 Ep.
441 1399 482 1441 x
510 1399 575 1443 v.
625 1380 849 1442 Senatui
864 1373 1014 1442 urbis
1031 1389 1220 1443 Romae.

103 1505 479 1566 Gratissimum
513 1506 697 1566 nostro
733 1508 1056 1587 profitemur
1091 1513 1314 1577 anim0‚
1357 1509 1511 1589 quod

59 1586 236 1645 loriofi
255 1589 463 1645 domini
484 1594 566 1648 avi
601 1588 766 1646 nostri
801 1589 1141 1666 respondistis
1158 1595 1214 1646 in
1233 1589 1509 1669 episcopa-

51 1690 110 1727 us
141 1671 398 1727 electione
420 1671 645 1745 judicio,
691 1671 979 1747 oportebat
997 1673 1143 1728 enim
1162 1670 1380 1729 arbitrio
1403 1673 1508 1729 bo-

0 1781 1 1795 2
61 1753 342 1832 iprincipis
360 1750 600 1816 obediri,
638 1753 730 1829 qui
749 1748 967 1831 sapienti
984 1753 1371 1812 deliberatione
1389 1775 1509 1833 per-

0 1880 2 1889 .
44 1833 246 1891 ratstans
263 1874 280 1901 ‚
317 1836 561 1913 quamvis
590 1836 646 1890 in
666 1835 835 1892 aliena
857 1837 1120 1914 religione
1139 1877 1156 1903 ,
1190 1839 1347 1893 talem
1370 1835 1508 1894 visus

0 1926 5 1945 ³
53 1913 429 1994 stpontificem
463 1912 739 1995 delegisse,
782 1935 842 1974 ut
874 1916 1174 1996 agnoscatis
1206 1919 1360 1975 illurn
1400 1917 1507 1976 hoc

0 1962 8 2057 l
61 1994 221 2076 ptaffe
238 2002 498 2078 praecipue
515 2039 534 2067 ‚
571 2016 835 2078 quatenus
853 1997 1016 2056 bonis
1034 1997 1396 2061 sacerdotibus
1417 2020 1508 2057 ec-

0 2076 9 2137 ἰ
51 2077 290 2138 lefiarum
308 2084 561 2139 omnium
579 2081 770 2160 religio
786 2081 1088 2160 pullularet.

607 2189 707 2312 Ep.

0 2383 1 2386 =
107 2347 451 2408 Gotthorum
468 2348 582 2406 laus
600 2347 675 2406 est
693 2390 710 2418 ,
728 2351 948 2409 civilitas
965 2349 1244 2410 custodita

207 2497 308 2580 Ep.
347 2510 389 2552 x
414 2510 452 2553 x
475 2509 542 2553 v.
583 2492 811 2553 Senatui
840 2502 1084 2555 Romano
1110 2489 1180 2554 de
1214 2489 1319 2582 ipso

608 2582 932 2677 Caffiodom.

0 2773 1 2778 Ἰ
103 2699 203 2760 Iste
232 2725 379 2787 reges
413 2706 764 2775 Gotthorum
791 2711 956 2791 longa
985 2711 1269 2770 oblivione
1300 2713 1511 2770 caelatos

0 2814 7 2850 ,κ
49 2782 251 2847 aribulo
271 2791 540 2849 vetustatis
574 2791 782 2850 eduxit.
816 2793 908 2849 iste
928 2796 1156 2851 Amalos
1190 2815 1313 2851 cum
1341 2815 1513 2874 gene-

0 2875 7 2932 J
55 2867 100 2922 is
124 2862 203 2922 sui
238 2871 462 2930 claritate
494 2873 755 2941 restituit,
790 2875 1063 2933 evidenter
1094 2875 1416 2944 ostendenS‚
1455 2880 1512 2932 in

0 2964 10 3016 ,ἵ
67 2950 293 3035 ecimam
309 2949 586 3036 septimam
618 2961 945 3039 progeniem
965 2956 1180 3038 stirpem
1214 2980 1317 3016 nos
1351 2958 1513 3014 habe-

119 3062 128 3069 ·
937 3060 977 3122 g
1035 3105 1047 3107 q
1364 3058 1417 3116 rc
1433 3056 1514 3109 te:
