1888 3428
155 138 1093 202 HISTORIAEVANDAL1CAE
1135 138 1391 192 L1B‚11.
1534 155 1608 214 95

13 246 138 309 gam
157 245 320 305 quam
339 221 611 279 celerrime
629 236 812 296 capere
843 238 856 272 :
887 236 1121 294 cumque
1140 236 1239 271 nec
1273 216 1338 272 ad
1370 221 1621 297 Burgao-

13 311 97 366 nis
128 305 178 365 se
201 312 397 385 jugum
419 306 651 380 recipere
687 295 894 380 possent
914 337 931 359 ,
973 297 1124 381 quod
1143 292 1322 354 hostes
1341 299 1619 362 tenebant,

13 407 300 468 nequoper
319 388 524 459 montis
542 382 735 464 pedem
756 385 811 438 in
830 382 986 459 plana
1005 377 1223 459 degredi
1243 419 1261 445 ‚
1280 378 1527 458 oppofita
1544 381 1622 441 ibi

12 474 241 528 maxima
262 467 501 526 hostium
523 471 572 524 vi
592 507 610 533 ‚
642 468 696 521 in
716 464 1018 522 convallem
1037 465 1365 540 colliumque
1392 463 1622 521 alterum
1660 483 1662 485 ’

11 550 223 610 cursum
244 554 459 628 rapiunt
475 592 490 616 ‚
506 568 690 627 eque3‚
711 546 892 624 pedes,
933 548 1139 624 Atque,
1163 564 1222 600 ut
1241 542 1355 600 fieri
1374 543 1505 601 solet
1526 544 1622 604 ubi

12 638 202 714 ingens
232 633 528 690 multitudo
548 630 756 710 ingenti
790 632 845 684 in
874 645 1033 685 motu
1054 648 1112 684 ac
1147 627 1507 704 trepidatione
1527 627 1619 690 est,

11 715 305 796 premendo
324 716 408 773 alii
426 715 557 771 alios
575 711 899 769 enecabant:
935 727 1055 767 tum
1075 731 1204 767 vero
1223 714 1315 788 qui
1334 713 1390 767 in
1410 712 1621 773 vallem,

11 818 72 855 ut
91 797 354 865 diximus,
401 793 728 876 profundam
750 792 1220 872 primiinciderant
1251 832 1268 860 ‚
1308 791 1621 850 morieban-

13 897 101 938 tur
116 922 134 946 ,
170 877 575 958 insequentibus
593 881 790 958 ignaris
820 882 935 953 ejus
970 876 1112 933 mali.
1155 878 1232 931 At
1252 873 1538 954 postquam
1562 897 1622 932 a·-

12 983 170 1035 cervo
186 961 474 1020 hominum
512 980 894 1040 equorumque
913 974 1163 1038 aggerata
1184 958 1328 1013 vallis
1359 955 1464 1014 fuit
1494 999 1510 1026 ‚
1554 979 1621 1015 ex

9 1043 296 1125 Burgaone
315 1044 380 1102 ad
417 1045 608 1102 collem
630 1045 857 1100 alterum
878 1042 1031 1098 datus
1048 1038 1295 1097 transitus
1327 1040 1511 1098 multis
1529 1037 1623 1098 fu·-

11 1130 281 1208 gientium
298 1125 519 1183 salutem
539 1129 718 1183 attulit
737 1165 754 1190 ,
791 1145 883 1202 per
900 1121 1475 1202 ipsainteremptorum
1496 1143 1623 1179 cor-

11 1230 146 1288 pora
189 1208 553 1289 gradientibus
573 1248 588 1264 .
644 1210 872 1264 Mauros
900 1205 1007 1262 hoc
1041 1207 1222 1283 praelio
1266 1204 1513 1262 interiisse
1555 1205 1623 1263 ad

12 1293 398 1371 quinquagena
440 1292 599 1347 millia
630 1328 648 1354 ,
698 1286 999 1366 superstites
1033 1308 1226 1343 eorum
1270 1285 1620 1344 affirmavere.
1669 1292 1672 1293 ⁷

12 1374 399 1430 Romanorum
417 1392 530 1429 non
547 1369 715 1428 modo
742 1390 911 1425 nemo
930 1370 1134 1426 interiit
1150 1409 1168 1435 ,
1203 1366 1291 1425 sed
1311 1389 1410 1425 nec
1427 1372 1622 1436 vulnus

14 1458 216 1534 accepit
234 1495 249 1516 ‚
286 1476 383 1511 nec
403 1452 468 1511 ab
486 1452 638 1510 hoste
657 1473 755 1508 nec
774 1449 890 1508 casu
921 1454 1038 1508 alio.
1074 1449 1208 1506 adeo
1229 1448 1491 1511 sincerum
1517 1452 1622 1509 illis

12 1536 120 1596 fuit
136 1539 371 1595 vifioriae
403 1535 560 1611 hujus
579 1534 855 1615 gaudium.
899 1535 1084 1590 Duces
1114 1531 1465 1588 barbarorum
1492 1554 1620 1590 eva-

13 1618 121 1677 sere
139 1640 329 1675 omnes
351 1659 365 1682 ,
404 1618 591 1674 demto
625 1612 890 1680 Esdelasa‚
937 1617 1031 1692 qui
1060 1610 1109 1668 se
1128 1611 1236 1677 fide,
1257 1631 1469 1691 accepta
1495 1616 1622 1671 Ro-
1698 1673 1700 1676 ,

15 1703 188 1759 manis
220 1700 452 1758 tradidit.
508 1698 852 1754 Feminarum
889 1716 946 1751 ac
981 1714 1275 1771 puerorum
1315 1714 1525 1760 tantum
1562 1700 1621 1753 in

16 1784 184 1863 praeda
203 1784 466 1840 Romanis
484 1776 587 1837 fuit
608 1823 623 1842 ,
644 1798 705 1836 ut
725 1780 845 1835 ovis
864 1781 1037 1856 pretio
1057 1798 1193 1856 puer
1211 1779 1412 1834 liceret.
1455 1780 1621 1835 Tunc

15 1866 237 1924 demum
267 1865 499 1943 reliquiis
535 1864 860 1918 Maurorum
894 1863 950 1915 in
980 1863 1392 1917 mentemvenit
1423 1861 1620 1916 mulie-

15 1967 134 2005 rum
172 1947 448 2004 oraculum
483 1963 636 2001 vetus
656 1985 673 2011 ,
700 1940 819 2000 fore
839 1961 898 1999 ut
916 1944 1066 2019 genti
1085 1962 1275 1997 eorum
1297 1940 1362 1997 ab
1385 1941 1619 2000 imberbi

13 2028 232 2086 homine
255 2029 519 2085 excidium
534 2026 863 2083 adventaret.
881 2025 1266 2081 Romanorum
1285 2026 1450 2102 igitur
1467 2046 1620 2083 exer-

11 2114 146 2190 citus
163 2132 282 2168 cum
303 2111 473 2189 praeda
490 2113 649 2187 atque
672 2104 906 2165 Esdelasa
922 2105 1306 2187 Carthaginem
1327 2111 1427 2162 iter
1443 2109 1583 2184 cepit
1606 2130 1620 2164 ε

11 2194 366 2251 Barbarorum
383 2195 476 2272 qui
499 2192 628 2249 cladi
650 2186 1016 2268 superfuerant
1033 2192 1096 2246 iis
1113 2193 1168 2247 in
1187 2192 1412 2267 Byzacio
1431 2209 1620 2246 manea

13 2296 69 2331 re
87 2297 199 2332 non
217 2277 412 2354 placuit
437 2314 453 2339 ,
476 2296 542 2330 ne
565 2294 764 2352 paucos
782 2281 1013 2329 numero
1034 2270 1329 2328 obruerent
1349 2266 1618 2329 Afrorum

13 2354 248 2433 finitimi.
292 2363 351 2415 In
368 2357 687 2416 Numidiam
720 2375 844 2412 cum
867 2353 1196 2433 principibus
1213 2355 1341 2419 iere,
1362 2351 1619 2432 supplices

13 2439 181 2499 labdae
196 2437 338 2502 stiffi,
357 2443 451 2520 qui
470 2437 756 2497 Aurafium
773 2435 1141 2494 habitantibus
1158 2437 1366 2493 Mauris
1385 2439 1621 2514 impera-

13 2519 119 2579 bat.
164 2523 319 2580 Solus
339 2523 665 2581 Maurorum
683 2522 973 2600 Byzacium
991 2521 1359 2589 incoluit-cum
1378 2517 1482 2575 suis
1502 2523 1620 2575 An·

13 2605 173 2671 talaS,
212 2607 304 2684 qui
320 2604 459 2664 fidus
491 2626 585 2683 per
600 2604 711 2662 haec
741 2619 988 2682 tempora
1009 2604 1277 2661 Romanis
1298 2645 1312 2667 ‚
1349 2602 1618 2658 intactum

17 2686 168 2742 malis
183 2681 233 2744 se
251 2707 307 2743 ac
325 2691 601 2769 populares
622 2685 862 2747 servavit.
907 2687 1061 2744 Dum
1081 2683 1174 2743 ista
1193 2687 1250 2742 in
1267 2686 1497 2762 Byzacio
1517 2705 1620 2763 ge-

16 2768 423 2836 runtur‚12ibdas
440 2773 654 2828 interim
675 2811 692 2838 ‚
724 2789 888 2848 quem
908 2767 1114 2826 Mauris
1131 2765 1341 2825 Aurafii
1357 2762 1620 2846 praefui-ffe

15 2848 158 2918 dixi,
186 2853 327 2909 viros
343 2855 458 2932 plus
473 2855 649 2912 tricies
669 2853 812 2910 mille
827 2850 1050 2909 duffans
1071 2893 1087 2914 ‚
1119 2851 1361 2908 militaris
1375 2850 1540 2909 aetatis
1559 2867 1618 2902 ac

17 2933 209 3020 virium
227 2975 247 3008 2
280 2955 470 3000 omnes
485 2934 759 3005 Numidiae
776 2954 935 3016 agros
952 2932 1373 3020 populabundus
1392 2973 1414 3008 ,
1443 2931 1618 3011 pluri-

742 3028 744 3031 ’
1491 3028 1615 3069 mOS
