1888 3428
222 170 645 228 GOTTHIcAE
700 162 1106 222 H1sTo1³1ffi
1149 168 1388 227 L1z.11.
1514 178 1631 249 269

22 252 190 333 usque
206 251 390 310 Roma
407 246 547 304 haud
566 250 640 303 ita
659 248 823 324 longe
842 244 1084 303 abfitam.
1129 249 1212 305 Sic
1239 271 1360 307 cum
1380 250 1444 309 ab
1462 252 1634 313 hosti-

19 336 124 394 bus
143 354 326 414 parum
346 328 488 387 abest
507 332 640 408 quin
659 328 900 406 undique
918 329 1255 397 claudamur,
1278 340 1447 409 majus
1467 359 1631 414 quam

16 418 239 474 antehac
254 414 533 472 discrimen
554 432 634 467 res
653 408 842 484 nossrae
860 410 1078 466 adeunt.
1123 413 1404 488 Addejam
1426 457 1443 482 ‚
1479 420 1632 495 quod

14 497 121 555 fert
138 495 280 554 fama
300 536 316 562 ,
352 496 682 550 Francorum
710 490 942 549 Gotthis
960 496 1150 550 auxilia
1170 497 1222 550 in
1243 498 1516 574 Liguriam
1541 522 1637 558 ve-

15 578 145 637 niffe
166 623 179 642 ‚
213 599 333 655 quae
368 577 452 631 vel
483 575 590 632 sol-a
611 576 870 653 cogitatio
892 576 1158 632 Romanis
1180 577 1243 632 ad
1264 599 1492 657 magnos
1513 602 1635 637 me·-

14 678 102 719 tus
136 659 342 718 sufficit.
386 659 541 736 Ergo
578 655 644 713 sic
677 653 864 712 censeo
892 696 908 723 ‚
944 676 1147 735 partem
1181 660 1411 737 aliquam
1448 665 1634 719 militis

12 742 334 801 mittendam
371 759 556 796 contra
584 740 861 815 Liguriam
896 745 950 794 &
990 739 1388 798 Mediolanum.
1434 762 1549 801 tota
1580 749 1632 803 vi

12 828 275 883 exercitus
313 821 604 901 petendum
641 825 946 877 Auximum
985 827 1041 887 ὃς
1077 826 1171 900 qui
1206 823 1307 878 illis
1344 827 1398 881 in
1428 828 1558 882 locis
1578 826 1629 883 se

11 907 212 965 habent
233 903 508 970 barbarOS,
529 922 587 960 ut
604 902 679 959 ibi
698 899 901 962 effectis
920 925 1036 982 quae
1056 906 1210 961 Deus
1230 905 1454 974 dederit,
1474 909 1630 965 dein-

12 1011 135 1069 ceps
173 989 299 1045 belli
328 1004 511 1043 caetera
529 1026 543 1052 ‚
583 1003 641 1042 ut
665 988 895 1042 maxime
914 986 1198 1048 conducet,
1225 986 1627 1067 prosequamur.

8 1069 239 1130 Belisarii
258 1068 529 1126 sermones
544 1066 737 1125 Narses
754 1066 897 1124 hunc
915 1070 970 1124 in
991 1068 1218 1125 modum
1240 1076 1463 1149 excepit.
1503 1074 1628 1132 Cae..

10 1171 121 1211 tera
139 1195 155 1221 ‚
189 1150 397 1210 Belisari
417 1191 431 1216 ‚
470 1150 570 1207 tibi
603 1172 666 1206 ex
687 1171 816 1206 vero
839 1150 978 1207 dieta
998 1172 1163 1207 nemo
1182 1156 1476 1231 negaverit.
1524 1156 1629 1213 Sed

11 1238 198 1292 omnia
218 1236 557 1310 Imperatoris
577 1253 719 1287 arma
737 1235 1115 1310 inAuximum
1150 1251 1361 1290 tantum
1402 1236 1630 1294 Medio-

12 1318 306 1395 lanumque
340 1311 500 1380 ferri,
531 1315 682 1390 plane
719 1333 833 1368 non
866 1314 1116 1391 expedire
1147 1316 1352 1388 judico.
1391 1319 1483 1377 Te
1501 1319 1628 1375 illuc

10 1404 87 1456 ire
112 1420 234 1457 cum
255 1398 445 1454 dilecta
466 1412 611 1473 parte
632 1398 892 1452 exercitus
908 1436 926 1463 ,
945 1398 1150 1454 ratione
1171 1417 1283 1453 non
1303 1417 1492 1456 careat.
1520 1421 1626 1458 nos

10 1483 227 1538 interim
248 1481 513 1535 AEmiliam
533 1481 848 1555 Imperatori
866 1477 1434 1547 reddemu8‚maxime,
1452 1503 1636 1561 quan-->

7 1582 128 1620 tum
161 1563 442 1639 intellige,
479 1578 712 1617 curatam
745 1559 988 1615 Gotthis.
1045 1561 1362 1618 Ravennam
1398 1585 1629 1643 quoque

8 1643 77 1701 fic
96 1642 444 1723 perterrebim
456 1663 542 1705 us,
569 1659 626 1696 ut
645 1645 699 1696 in
724 1637 860 1697 facili
878 1640 977 1697 tibi
995 1639 1240 1699 futurum
1261 1641 1321 1699 lit
1340 1645 1626 1723 oppositos

7 1726 108 1783 tibi
128 1725 303 1783 hostes
319 1762 335 1788 ,
357 1726 511 1780 omni
532 1744 594 1779 ex
615 1723 698 1779 illa
716 1740 862 1800 parte
881 1721 1110 1779 subfidio
1131 1725 1448 1783 interclusos
1463 1768 1481 1795 ,
1517 1748 1627 1786 tra-

8 1809 150 1865 &tare
186 1827 282 1887 p—ro
313 1804 509 1862 lubitu.
552 1807 695 1861 Nam
733 1802 767 1859 fi
806 1803 1082 1862 vobiscum
1122 1806 1185 1863 ad
1218 1812 1442 1865 Auximi
1479 1809 1628 1868 obsi..

8 1890 159 1948 dium
196 1890 468 1968 pergimus
489 1928 504 1954 ‚
538 1885 892 1943 metuendum
915 1928 930 1953 ‚
966 1908 1033 1944 ne
1064 1885 1564 1967 superventantibus
1595 1891 1626 1949 εἴ

0 1949 263 2030 lRavenna
285 1968 514 2027 Gotthis
532 1973 586 2026 in
606 1970 821 2046 ancipiti
841 1966 1000 2025 fimus
1019 2011 1035 2037 ,
1051 1971 1549 2051 commeatibusque
1570 1977 1626 2032 vi.

0 2052 242 2113 ,hostium
266 2050 525 2130 praec-lusis
556 2051 692 2108 faede
710 2054 1055 2108 intereamus·
1098 2055 1250 2109 Talia
1268 2074 1391 2110 cum
1415 2054 1624 2113 dixisset

6 2134 199 2193 Narses
218 2175 234 2201 ‚
264 2152 511 2191 metuens
546 2131 821 2191 Belisarius
848 2154 916 2190 ne
950 2133 1207 2191 distractis
1227 2138 1282 2192 in
1314 2139 1482 2193 multa
1502 2138 1625 2195 Ro-

9 2221 181 2275 manis
213 2214 518 2275 diffluerent
553 2237 634 2272 res
669 2219 1046 2292 Imperatori3‚
1081 2214 1343 2296 simulque
1362 2217 1621 2279 discordia

5 2298 349 2356 turbarentur
368 2338 384 2365 ‚
423 2298 596 2354 literas
625 2295 896 2354 Iustiniani
915 2297 1151 2355 ostendit
1171 2299 1231 2357 ad
1252 2305 1513 2376 primores
1533 2324 1623 2360 ca·-

6 2380 239 2439 strorum
276 2379 341 2436 fic
378 2378 661 2436 habentes.
723 2379 1008 2436 Comitem
1039 2378 1341 2439 nostrarum
1379 2386 1624 2465 largitio..

6 2484 141 2519 num
159 2460 442 2520 Narsetem
462 2465 517 2517 in
535 2464 740 2518 Italiam
761 2461 999 2518 misimus
1024 2502 1042 2527 ,
1083 2484 1196 2519 non
1217 2467 1457 2543 regendo
1477 2489 1623 2525 exer·-

7 2548 159 2602 citui.
201 2550 390 2604 Vnum
425 2547 571 2600 enim
610 2543 918 2601 Belisarium
952 2548 1203 2602 volumus
1223 2545 1427 2622 praeesse
1453 2553 1624 2625 copiis

7 2626 268 2684 omnibus
299 2668 315 2692 ‚
351 2630 509 2705 atque
538 2646 694 2706 agere
731 2645 851 2704 qua:
886 2630 1094 2704 optima
1122 2629 1457 2701 judicaverit.
1501 2634 1623 2689 Vos

6 2728 188 2766 autem
219 2713 265 2767 ei
296 2708 361 2766 ad
390 2706 604 2765 bonum
637 2707 910 2786 publicum
932 2708 1174 2788 obsequi.
1221 2708 1315 2767 ista
1333 2730 1481 2768 erant
1501 2735 1622 2792 quae

6 2787 272 2869 scripserat
290 2795 606 2867 Imperator.
649 2794 728 2847 At
758 2791 949 2847 Narses
981 2813 1180 2869 partem
1202 2794 1472 2850 literarum
1489 2797 1623 2851 ulti-

8 2892 153 2929 mam
173 2876 425 2950 arripiens
446 2913 464 2941 ,
494 2895 612 2953 quae
651 2877 707 2929 in
743 2871 961 2952 praesens
980 2874 1329 2931 constitueret
1344 2875 1621 2932 Belisarius

7 2974 128 3040 non
167 2952 266 3014 efl'e
301 2954 330 3014 ἐ
362 2954 516 3041 pono
548 2954 769 3039 publico
803 2956 1186 3018 contendebat.
1231 2977 1392 3035 quare
1412 2956 1620 3014 causam

1502 3057 1619 3095 non

493 3114 514 3146 ᾳ
