1931 3428
307 178 647 239 'Lxssssn
730 178 1255 246 QVARa-vs.
1510 172 1632 251 849'

19 265 242 328 bertatis
264 269 381 343 jura
398 260 602 319 studuit
621 260 885 339 repedate.
930 257 1051 331 Qi
1080 276 1204 313 cum
1236 260 1336 314 iter
1356 255 1627 337 aggressus

47 371 206 431 ugam
226 342 534 425 arripuisset,
554 360 768 400 tantum
790 339 1086 420 pharetram
1107 376 1124 402 ‚
1147 343 1200 393 &
1221 359 1400 395 arcum
1417 380 1434 406 ‚
1454 345 1507 396 &
1530 337 1623 412 ali-5

17 432 342 512 quantulum
361 425 468 484 cibi
491 444 713 505 propter
742 423 998 483 viaticum
1027 439 1219 499 gerens
1240 458 1258 484 ,
1291 421 1621 498 nesciretque

62 516 250 572 mnino
271 531 383 589 quo
404 527 650 588 pergeret
670 547 686 573 ‚
707 510 752 565 ei
772 506 928 583 lupus
947 502 1234 560 adveniens
1255 520 1436 556 comes
1455 505 1618 557 itine-

16 601 91 654 ris
105 603 158 654 &
173 593 369 651 duffor
389 589 562 648 fastus
581 588 675 647 est.
724 591 838 656 Qui
856 605 979 643 cum
1000 603 1119 642 ante
1140 604 1264 640 eum
1285 600 1548 661 pergeret,
1563 587 1619 639 &

44 676 337 756 requenter
353 672 471 754 post
489 671 539 730 se
561 669 838 750 respiceret
856 708 874 735 ,
897 673 951 724 δε
978 687 1103 723 cum
1123 664 1285 722 stante
1305 660 1623 730 subsisteret,

49 775 177 838 tque
192 779 315 815 cum
337 773 594 836 pergente
611 756 814 832 praeiret
832 791 849 819 ‚
885 749 1146 806 intellexit
1167 787 1185 813 ,
1221 744 1315 802 fibi
1334 767 1460 802 eum
1479 745 1621 802 divi-

57 843 160 897 itus
182 840 369 898 datum
385 837 483 897 effe
502 877 518 903 ‚
541 855 600 894 ut
617 838 664 892 ei
681 838 802 900 iter,
821 830 971 911 quod
991 829 1274 893 nesciebat,
1295 826 1617 884 ostenderet.

19 921 283 1002 Cumque
300 942 395 1000 per
412 923 625 999 aliquot
638 915 747 973 dies
768 934 857 992 per
876 918 1152 971 montium
1184 907 1498 972 solitudines
1514 906 1623 966 hoc

79 1004 191 1061 odo
213 1020 498 1083 pergerent
515 1040 538 1070 ‚
571 1000 717 1077 panis
735 995 912 1054 eidem
937 998 1127 1053 viatori
1147 1035 1164 1062 ,
1180 1014 1342 1073 quem
1359 995 1623 1072 exiguum

57 1084 273 1144 abuerat
289 1125 305 1151 ‚
331 1086 561 1140 omnino
581 1077 795 1138 defecit.
846 1079 965 1145 Qui
983 1080 1369 1152 cumjejunans
1387 1077 1486 1131 iter
1505 1090 1623 1130 car«

57 1187 166 1225 eret
181 1209 198 1234 ,
235 1170 412 1241 &jam
446 1163 589 1222 fame
608 1158 907 1219 tabefactus
939 1157 1204 1218 defecisset
1220 1199 1237 1226 ‚
1274 1157 1501 1214 tetendit
1535 1175 1625 1211 ar-

50 1270 142 1307 um
161 1247 313 1308 suum
335 1290 351 1316 ‚
368 1254 423 1305 δε
442 1246 673 1304 eundem
691 1249 903 1322 lupum,
919 1261 977 1299 ut
994 1263 1119 1299 eum
1141 1244 1196 1298 in
1215 1241 1396 1297 cibum
1415 1237 1625 1296 sumere

37 1329 218 1426 posset,
257 1325 761 1410 sagittainterficere
785 1327 981 1418 ‘voluien
1025 1324 1127 1380 Sed
1159 1326 1316 1401 lupus
1337 1323 1506 1378 ictum
1540 1316 1627 1376 fe·-

18 1904 155 1964 hanc
174 1925 377 1984 partem
398 1922 583 1961 contra
604 1923 765 1981 quam
789 1898 947 1978 pedes
967 1917 1149 1964 tene33
1191 1899 1303 1954 illac
1322 1897 1523 1952 etenim
1545 1891 1625 1949 est

21 1990 199 2055 Italia,
234 1989 296 2045 ad
322 2009 482 2067 quam
503 1988 692 2042 tendis.
739 1985 856 2056 Qi
891 1979 1067 2037 statim
1103 1979 1321 2057 surgens
1342 2018 1356 2038 ‚
1390 1980 1446 2033 in
1476 1975 1624 2031 illam

22 2089 230 2148 partem
266 2091 428 2148 quam
461 2073 514 2125 in
544 2068 745 2124 somnis
781 2062 1020 2121 audierat
1051 2082 1266 2142 pergere
1289 2063 1488 2136 coepit:
1523 2075 1623 2112 nec

23 2172 181 2208 mora
202 2192 218 2219 ,
250 2151 314 2207 ad
331 2150 694 2206 habitaculum
714 2148 1002 2204 hominum
1023 2146 1280 2224 pervenit.
1322 2142 1452 2197 Erat
1470 2141 1625 2195 enim.

25 2235 340 2290 Sclavorum
389 2230 651 2288 habitatio
689 2232 745 2284 in
788 2230 883 2286 illis
921 2229 1069 2284 locis.
1128 2229 1313 2306 Qm
1352 2244 1476 2280 cum
1513 2239 1622 2278 una

25 2318 216 2373 mulier
234 2317 340 2388 jam
363 2314 538 2371 vetula
558 2308 760 2368 vidiffet
780 2352 795 2376 ‚
824 2308 998 2366 statim
1020 2309 1278 2366 intellexit
1297 2350 1311 2371 ‚
1328 2327 1452 2361 eum
1473 2301 1622 2381 fugi-

26 2401 201 2454 tivum
222 2399 319 2452 effe
341 2437 358 2462 ‚
393 2402 444 2453 δε
478 2392 633 2450 famis
667 2396 886 2470 penuria
921 2390 1177 2447 laborare.
1220 2389 1402 2445 Duc—ta
1437 2403 1622 2442 autem

27 2477 385 2538 misericordia
409 2475 562 2554 super
580 2497 705 2532 eum
725 2514 743 2542 ,
774 2473 1048 2530 abscondit
1068 2493 1193 2529 eum
1230 2474 1283 2526 in
1319 2470 1487 2527 domo
1513 2463 1622 2530 sua,

29 2558 316 2618 &secreto
364 2561 618 2636 paulatim
656 2560 704 2614 ei
741 2558 942 2611 vietum
993 2554 1307 2611 ministravit
1334 2593 1349 2617 ‚
1393 2571 1459 2606 ne
1496 2547 1532 2603 fi
1574 2549 1626 2603 ei

30 2640 196 2720 usque
234 2642 298 2699 ad
341 2641 661 2699 saturitatem
699 2639 1008 2695 alimoniam
1044 2637 1303 2716 praeberet
1332 2674 1348 2699 ,
1397 2637 1510 2708 ejus
1544 2633 1628 2686 vi-

32 2741 143 2785 tam
179 2722 420 2781 funditus
457 2726 808 2801 extingueret.
851 2723 1106 2797 Denique
1138 2716 1203 2774 fic
1250 2731 1626 2792 competenter

30 2810 83 2865 'ei
118 2805 322 2883 pastum
362 2804 618 2882 praebuit‚
658 2799 946 2882 ‘quousque
975 2800 1080 2878 ipse
1116 2816 1452 2876 recuperatus
1487 2800 1628 2851 vires

33 2891 268 2965 ‚accipere
288 2883 554 2966 potuisset.
602 2886 858 2963 Cumque
893 2888 1142 2958 eumjam
1163 2880 1398 2938 validum
1430 2876 1492 2932 ad
1526 2879 1628 2931 iter

35 2965 342 3055 faciendum
363 2965 596 3037 vidisset,
627 2967 761 3029 datis
780 2970 826 3025 ei
847 2966 1090 3032 cibariis,
1129 2965 1190 3022 ad
1226 2982 1388 3042 quam
1424 2975 1628 3037 partem

895 3047 955 3103 H
973 3045 1006 3104 h
1025 3045 1060 3102 h
1534 3056 1650 3095 ten-
