2013 3433
473 193 1236 245 PROLE.GOMENA.
1555 209 1693 262 39·

28 267 171 337 mifit
187 311 204 338 ,
221 269 480 348 per'quos
499 266 591 325 fibi
611 278 781 344 portae
799 268 945 325 ἀίἂο
967 286 1214 346 tempore
1229 267 1629 345 panderentur?

29 348 402 413 Gizerichised
421 357 474 408 &
508 350 801 406 Gelimeris
832 349 1120 406 sollertiam
1151 351 1399 428 praedicat
1428 357 1633 407 Proco-

27 439 167 517 pius.
206 432 616 490 Theuderichus
655 453 782 490 vero
814 433 899 487 ille
921 431 1050 489 sicut
1070 433 1183 489 aliis
1200 431 1448 490 laudibus
1479 452 1632 511 reges

27 536 194 599 prope
207 536 407 574 ⁴omnes
426 534 548 573 ante
572 514 620 572 se
638 554 657 579 ,
696 518 766 570 ita
786 520 837 571 &
857 512 953 570 hac
980 513 1373 593 praetergressus
1391 514 1465 572 est
1488 537 1502 569 ι
1535 535 1632 570 cu-

21 606 108 677 jus
127 620 231 678 ego
251 600 325 656 rei
343 597 574 656 eundem
604 598 677 654 do
696 596 884 653 testem
905 618 1068 674 quem
1087 596 1152 653 de
1172 594 1374 654 Iustitia
1401 602 1516 674 ejus
1542 596 1633 653 de-

27 682 81 740 di
112 679 515 739 Caffiodorum.
545 679 841 760 prudentiae
858 684 1001 736 enim
1023 697 1195 757 partes
1225 677 1419 736 omnes
1452 677 1637 755 explet

23 763 80 822 id
96 766 335 843 regimen
353 803 370 831 ‚
402 768 554 837 cujus
572 760 600 819 ὲ
619 758 943 819 Caffiodoro
959 758 1194 818 formam
1219 760 1535 837 descriptam
1558 761 1635 816 vi-

22 845 231 904 demus.
265 844 480 903 Deinde
516 865 645 904 vero
676 862 890 924 quantae
925 842 1234 902 subtilitatis
1264 845 1349 902 illa
1369 841 1635 901 Theude-

23 925 151 986 richi
173 949 296 997 curn
317 930 527 985 Francis
557 925 802 986 adversus
834 926 1256 1006 Burgundiones
1274 927 1454 1005 pactio
1472 965 1489 991 ‚
1540 943 1636 1003 per

24 1031 187 1088 quam
222 1014 459 1090 pecuniae
491 1005 633 1067 faeta
661 1031 777 1066 non
811 1009 1109 1067 admodum
1154 1013 1304 1089 gravi
1332 1009 1539 1085 jmstura
1577 1010 1634 1062 in

24 1112 230 1171 partem
250 1098 397 1151 venit
427 1093 554 1151 belli
586 1095 930 1173 praemiorum
958 1090 1066 1149 sine
1087 1092 1199 1166 ullo
1218 1091 1315 1149 suo
1342 1089 1637 1148 suorumve

25 1176 304 1254 periculo?
346 1195 442 1234 nec
459 1174 588 1233 illud
619 1176 909 1232 mediocris
935 1176 1142 1254 ingenii
1171 1174 1322 1254 quod
1342 1171 1636 1230 Theudam

25 1262 82 1314 in
103 1256 361 1336 Hispania
392 1260 585 1316 cuncta
614 1255 805 1335 suopte
824 1255 1050 1313 arbitrio
1068 1276 1320 1336 agentem
1340 1254 1639 1314 dissimula-

27 1358 84 1396 re
99 1359 263 1417 quam
281 1338 456 1398 ulcisci
472 1340 682 1397 maluit.
719 1342 831 1395 Suo
850 1336 968 1395 sane
991 1343 1109 1412 jure
1126 1339 1301 1396 dicere
1320 1360 1407 1395 rex
1425 1339 1512 1394 ille
1535 1357 1638 1415 po·-

28 1424 137 1478 tuit
155 1421 308 1500 quod
343 1421 485 1502 apud
505 1419 889 1489 Casfiodorum
923 1419 1031 1488 est,
1062 1419 1316 1477 Gotthos
1351 1425 1422 1477 ita
1441 1417 1638 1484 factm,

27 1521 89 1559 ut
104 1523 217 1558 non
234 1505 412 1561 minus
435 1504 818 1560 Romanorum
838 1502 1181 1582 prudentiam
1201 1519 1452 1579 caperent
1472 1521 1639 1579 quam

25 1585 243 1641 aliarum
280 1587 532 1663 gentium
562 1587 817 1642 virtutem
838 1582 1184 1660 pofliderent.
1219 1584 1399 1641 Multa
1415 1587 1471 1639 T
1474 1584 1640 1647 otilae‚

26 1667 192 1722 multa
210 1667 394 1727 Valliae
419 1667 758 1744 aliorumque
773 1662 914 1720 facta
941 1662 1261 1745 {iugularem
1292 1664 1639 1742 prudentiam

24 1747 358 1827 praeferentia
375 1745 567 1804 referre
582 1746 668 1804 hic
687 1744 896 1826 poffim.
933 1768 1107 1804 unum
1127 1746 1272 1805 silere
1291 1768 1403 1804 non
1425 1744 1638 1827 poffum

25 1832 196 1888 totius
229 1829 577 1887 Gotthorum
608 1830 800 1909 populi
834 1849 1107 1907 repertum
1145 1833 1426 1910 egregium
1465 1828 1640 1885 slsuc-

28 1911 191 1970 ceffus
211 1909 470 1969 adfuiffet.
505 1933 631 1969 cum
651 1911 743 1992 ipsi
760 1911 1006 1970 Belisario
1030 1920 1261 1992 reguum
1294 1918 1347 1970 &
1382 1910 1641 1969 Gottho-

28 2014 150 2051 rum
181 2000 235 2052 &
264 1996 424 2054 Italiae
461 1995 768 2052 detulerunt
790 2035 804 2055 ‚
840 2015 946 2073 qua
972 1997 1290 2053 conditione
1311 1994 1346 2050 fi
1369 1992 1490 2051 usus
1510 1992 1639 2051 effet

27 2074 332 2142 BelisariuS,
357 2098 537 2156 neque
564 2075 671 2155 ipse
705 2075 960 2133 incidisset
984 2080 1040 2133 in
1072 2098 1206 2156 quas
1234 2074 1422 2135 incidit
1455 2075 1640 2156 postea

27 2155 395 2227 difficultateS,
429 2166 481 2217 &
501 2160 769 2216 Romanis
789 2159 948 2215 rebus
966 2157 1108 2217 haud
1122 2161 1285 2238 paulo
1302 2162 1492 2216 melius
1508 2179 1638 2215 con-a

29 2238 224 2297 sultum
243 2238 438 2299 fuiffet.
469 2263 657 2298 verum
684 2239 954 2299 Belisarius
973 2282 990 2308 ‚
1011 2260 1072 2298 ut
1093 2260 1306 2321 apparet
1326 2283 1342 2308 ,
1361 2241 1416 2300 id
1434 2259 1526 2298 aut
1541 2261 1636 2297 ne-

29 2318 107 2378 fas
124 2342 212 2379 aut
230 2326 471 2381 intutum
489 2323 783 2381 Iustiniano
809 2327 1023 2381 vivente
1052 2325 1356 2381 existimans
1382 2368 1396 2388 ,
1433 2322 1638 2380 bellum

30 2402 299 2473 trahebat,
341 2427 400 2464 ut
414 2411 654 2486 pecuniae
679 2409 788 2462 vim
805 2427 1057 2484 magnam
1078 2405 1172 2464 fibi
1191 2408 1468 2487 colligeret
1484 2425 1640 2462 exer-

31 2489 310 2566 citumque
344 2491 600 2546 retineret
635 2488 700 2546 ad
731 2487 1038 2545 occasiones
1065 2511 1180 2568 quae
1197 2488 1247 2547 se
1266 2489 1552 2569 aliquando
1571 2509 1640 2544 οφ

31 2567 353 2629 stenderent.
387 2592 548 2651 quam
581 2572 665 2629 ille
684 2568 910 2628 sectatus
939 2572 1174 2630 mediam
1194 2575 1366 2638 viam,
1404 2591 1502 2627 nec
1520 2568 1643 2627 satis

35 2649 186 2708 ausus
204 2650 275 2709 est
292 2694 312 2720 ‚
339 2673 440 2711 nec
456 2652 572 2711 satis
591 2654 846 2734 providit.
890 2654 1025 2710 Nou
1045 2655 1325 2712 modicum
1344 2654 1640 2732 prudentiae

39 2732 308 2791 Gotthicae
339 2756 723 2816 argumentum
755 2742 808 2793 &
826 2733 932 2793 hoc
951 2737 1017 2793 ab
1040 2736 1279 2794 Iohanne
1308 2734 1514 2793 Garffia
1532 2733 1640 2790 ob-

37 2811 297 2872 servatum
315 2817 388 2875 est
407 2859 425 2886 ,
445 2818 596 2898 quod
614 2839 763 2898 reges
782 2824 835 2875 &
853 2822 1119 2876 Ariani&
1142 2819 1415 2876 Catholici
1435 2817 1642 2893 semper

35 2896 424 2976 EpisCOPOrum
461 2901 751 2958 eleffiones
772 2904 828 2956 in
861 2899 949 2958 sua
972 2900 1233 2979 potestate
1249 2900 1484 2958 habuere
1511 2923 1524 2955 ;
1556 2898 1643 2975 cui

37 2976 232 3038 addi&
262 2981 358 3040 alia
390 2981 704 3062 potest'non
725 2983 904 3042 minus
938 2983 1203 3042 laudanda
1239 2987 1418 3041 cautio
1437 3023 1455 3050 ,
1491 2975 1645 3116 qtslcgl

909 3081 913 3083 “
965 3085 992 3121 c
1035 3087 1073 3141 4
1557 3079 1588 3115 U
1616 3091 1657 3125 „-
