1888 3428
251 194 366 255 274
541 167 967 247 Pnoeot’u
1029 170 1576 227 CAESAREENSIS

244 260 354 316 bat.
399 256 600 334 Neque
632 254 738 312 sola
772 253 948 311 inedia
976 255 1032 309 in
1062 259 1316 313 mortem}
1333 248 1476 305 tulit.
1521 245 1622 304 Sed
1642 246 1854 304 multos

242 337 351 419 ipsa
372 338 542 396 satias.
583 335 847 396 exstincto
866 337 1067 415 quippe
1083 354 1151 390 eo
1172 332 1345 388 calore
1363 369 1381 393 ‚
1411 349 1575 408 quem
1601 332 1654 384 in
1669 327 1854 385 homi-

244 421 407 479 nibus
425 420 665 477 accendit
685 437 889 486 natura,
908 415 945 474 fi
962 419 1083 496 quis
1101 435 1215 472 non
1234 412 1508 491 paulatim,
1527 429 1587 468 ut
1606 408 1665 467 fit
1687 408 1859 466 modo

245 507 385 563 natis
418 500 712 559 infantibus
732 543 748 567 ,
778 500 864 557 sed
899 516 1021 556 cum
1047 500 1200 575 copia
1216 498 1465 553 alimenta
1482 490 1728 573 suggeret
1747 532 1762 557 ‚
1795 490 1885 548 ad?

171 648 175 651 ,
245 584 705 663 concoquendum
738 582 954 639 invalidi
973 591 1000 647 ”,
1028 601 1096 636 eo
1133 580 1287 634 citius
1319 574 1580 655 peribant.
1641 573 1863 653 quidam

247 673 501 725 vincente
539 684 784 721 naturam
819 661 959 720 fame
977 663 1064 718 alii
1085 664 1215 718 alios
1235 656 1478 715 ederunt.
1520 659 1591 713 Et
1612 658 1867 712 mulieres—

244 766 623 807 memorantur
654 747 769 805 duae
789 788 806 814 ‚
837 767 926 802 rus
947 743 1247 801 habitantes
1265 743 1520 819 Arimino
1541 759 1654 794 non
1675 739 1860 814 longe,

246 836 392 889 viros
407 828 787 908 septemdecim
806 832 860 884 in
881 825 1053 906 pastus
1073 824 1195 882 suos
1214 820 1421 879 vertiffe
1438 863 1454 888 ‚
1471 841 1595 876 cum
1618 819 1737 876 solae
1760 820 1863 874 illis

245 915 303 971 in
338 914 468 986 iocis
503 909 840 977 restitiffent3
870 908 1011 967 unde
1045 910 1138 986 qui
1159 906 1388 962 iterillac
1408 901 1674 959 faciebant
1693 922 1759 969 eo
1779 899 1864 957 di-

247 1015 458 1054 vertere
492 994 828 1073 cogebantur
871 1014 884 1047 :
940 1011 1078 1069 quos
1113 986 1305 1045 deinde
1339 990 1394 1042 in
1426 982 1677 1041 somnum
1709 983 1864 1039 datos

247 1075 601 1134 mandebant.
665 1071 1190 1151 Duodevigefimum
1242 1074 1394 1142 ajunt
1437 1064 1578 1123 forte
1617 1085 1865 1143 experre-
1881 1085 1888 1091 '¹

227 1161 397 1228 *Erum
419 1200 435 1225 ,
475 1179 541 1214 eo
577 1154 691 1236 ipso
726 1175 971 1232 tempore
992 1174 1104 1229 quo
1137 1147 1423 1208 ad'facinus
1443 1147 1866 1226 accingebantur

249 1243 501 1297 mulier-es
520 1280 536 1305 ,
573 1236 972 1316 percunctando
1007 1235 1198 1289 cuncta
1223 1231 1482 1287 edoctum
1504 1269 1520 1296 ‚
1552 1225 1864 1285 interfeciffe

250 1320 446 1379 ambas,
495 1322 567 1376 Et
602 1321 688 1375 illa
719 1316 937 1397 quidem
967 1337 1047 1372 res
1078 1314 1146 1370 fic
1179 1311 1412 1371 accidiffe
1434 1328 1694 1366 narratur.
1738 1310 1868 1367 Cae-

247 1422 427 1461 terum
456 1403 613 1459 multi
630 1403 796 1481 longa
818 1401 988 1456 vexati
1006 1396 1172 1454 esurie
1191 1437 1207 1464 ,
1238 1393 1273 1451 fi
1293 1393 1425 1473 quid
1444 1391 1663 1471 usquam
1682 1390 1868 1448 herbi-

251 1487 383 1544 dum
405 1501 697 1563 appareret,
714 1504 779 1539 eo
801 1479 960 1548 ferri,
980 1484 1142 1558 inque
1160 1498 1337 1558 genua
1357 1473 1773 1554 procumbentes
1789 1476 1868 1531 la.

250 1568 442 1627 borare
470 1586 529 1623 ut
551 1567 841 1624 evellerent
872 1587 886 1621 τ
918 1581 1036 1621 turn
1059 1583 1125 1619 ne
1144 1561 1208 1617 ad
1230 1561 1495 1617 tantillum
1515 1556 1739 1636 quidem
1756 1554 1867 1613 suf-

250 1647 557 1707 sicientibus
595 1651 836 1726 corporis
867 1643 1066 1704 viribus
1102 1642 1256 1721 super
1276 1662 1496 1698 manum
1513 1643 1868 1719 graminaque

251 1733 503 1788 cadentes
519 1728 792 1806 exspirare.
838 1749 935 1784 nec
967 1744 1216 1783 mortuos
1234 1723 1433 1780 humus
1453 1725 1649 1800 recepit
1667 1761 1684 1787 ‚
1719 1722 1869 1777 nulla

250 1818 307 1870 in
330 1816 493 1870 tantis
511 1810 728 1868 miseriis
746 1809 1024 1887 sepeliendi
1043 1828 1180 1864 cura.
1222 1805 1310 1862 Ne
1341 1825 1464 1862 aves
1493 1803 1714 1883 quidem
1730 1823 1867 1859 con-

253 1900 424 1974 rigere
445 1935 461 1960 ‚
491 1894 672 1973 quales
707 1894 887 1949 multae
922 1890 1042 1947 alias
1078 1886 1424 1947 cadaveribus
1460 1885 1626 1942 satiari
1659 1882 1830 1941 solent
1849 1905 1886 1950 ε,

180 2013 184 2016 Δ
257 1981 394 2035 adeo
430 1975 563 2032 nihil
595 1992 705 2032 erat
734 1970 1261 2052 quodavolucribus
1280 1986 1618 2048 appeteretur
1638 2007 1652 2033 ‚
1691 1968 1868 2022 carniv-

254 2058 358 2116 bus
380 2100 395 2125 ‚
428 2075 485 2113 ut
505 2058 612 2113 dixi
632 2056 836 2134 pridem
859 2095 873 2120 ,
907 2052 1046 2111 fame
1065 2053 1337 2112 inardente
1357 2047 1626 2107 absumtis,
1668 2049 1739 2103 Et
1755 2047 1868 2105 haec

258 2141 480 2221 quidem
500 2137 621 2196 sunt
642 2161 756 2217 quae
777 2140 876 2193 illis
895 2139 948 2192 in
964 2139 1109 2198 locis,
1131 2132 1416 2214 postquam
1435 2133 1683 2188 alimenta
1708 2125 1868 2186 cessa-⁹

258 2240 475 2281 verant,
510 2242 756 2278 evenere.
826 2224 902 2275 At
935 2216 1177 2274 Beli-sario
1218 2236 1277 2271 ut
1318 2232 1660 2290 compertum
1692 2215 1867 2283 Vraiae

242 2301 598 2381 ,barbarisque
634 2296 869 2376 obfideri'
891 2293 1266 2356 Mediolanum
1300 2337 1316 2361 ‚
1365 2298 1668 2356 Martinum
1705 2313 1888 2372 atque.

258 2389 486 2446 Vliarim
506 2385 680 2443 valido
713 2404 835 2440 curn
870 2385 1101 2438 exercitu
1120 2385 1174 2438 in
1195 2400 1286 2435 eos
1308 2381 1493 2435 mittit.
1537 2380 1629 2456 qui
1652 2375 1745 2433 ubi
1765 2369 1888 2432 Pas·⁴

260 2469 393 2526 dum
431 2467 494 2531 ad
533 2487 747 2524 amnem
785 2484 1106 2542 pervenere,
1146 2465 1230 2533 (is
1259 2460 1576 2517 Mediolano
1596 2455 1743 2515 abest
1761 2457 1888 2515 diei-1

258 2553 389 2627 iter)
414 2548 588 2606 castris
608 2547 682 2605 ibi
702 2549 921 2604 munitis
939 2542 1223 2601 subsistunt
1242 2583 1257 2609 ‚
1277 2562 1595 2619 moramque
1613 2538 1733 2597 satis
1749 2541 1888 2596 lon--

259 2654 387 2716 gam
409 2630 625 2690 trahunt
646 2633 785 2686 inter
803 2626 1105 2685 transeundi
1123 2625 1361 2682 fluminis
1382 2623 1609 2681 consilia.
1646 2621 1698 2680 id
1717 2620 1870 2699 post-2-

259 2735 427 2796 quam
444 2715 703 2771 inteilexit
722 2710 994 2767 Mundilas‘
1006 2712 1322 2766 Romanum
1342 2704 1622 2762 hominem
1638 2704 1888 2762 Paulumu

262 2801 490 2856 nomine
509 2799 581 2852 ire
602 2795 666 2851 ad
684 2814 776 2850 eos
788 2790 963 2868 jubet.
1006 2810 1166 2870 atque
1183 2792 1224 2847 is
1246 2828 1262 2854 ‚
1292 2790 1423 2845 clam
1453 2786 1630 2844 hostes
1650 2826 1665 2847 ‚
1696 2782 1886 2864 ripanis)

263 2877 430 2959 usque
447 2877 574 2935 Padi
593 2899 716 2934 cum
736 2873 951 2935 veniffet
969 2918 982 2938 ,
1014 2876 1160 2931 nullo
1180 2875 1235 2929 in
1251 2867 1474 2948 praesens
1492 2886 1702 2949 reperto
1722 2868 1884 2924 navi--

266 2965 385 3046 gi0‚
400 2979 590 3021 exutus
610 2958 776 3023 vestes
800 2999 816 3029 ,
851 2956 1026 3017 multo
1046 2977 1170 3016 cum
1191 2955 1425 3035 periculo
1442 2953 1669 3013 tranavit
1685 2989 1706 3021 ‚
1742 2947 1874 3007 inde

1799 3024 1888 3148 ad¹

1885 3150 1888 3202 Ι
