1931 3428
321 118 1252 188 LrisERQv1N'1-vs2
1503 114 1613 205 86'3

55 207 339 271 ertaridum
360 208 414 262 in
435 200 529 263 suo
550 223 724 282 regno
745 202 1007 259 detineret
1028 242 1045 267 ,
1083 223 1267 280 pacem
1285 224 1450 283 quam
1471 208 1619 273 Lan,-

16 290 25 313 ”
48 292 264 351 obardis
284 294 338 346 δε
357 283 537 344 secum
555 285 817 342 hafflxnus
835 283 1095 341 habuerat
1113 324 1130 351 ,
1156 286 1406 366 deinceps
1424 289 1620 349 habere

50 397 126 434 on
143 370 325 455 pofl'et.
368 370 504 428 Haec
521 371 787 426 Avarium
806 387 895 425 rex
915 365 1137 424 audiens
1154 407 1171 434 ‚
1194 365 1352 425 ascito
1381 373 1622 429 Bertari-

7 460 82 518 do
100 453 235 517 'dixit
252 458 334 521 ei,
354 455 491 510 utin
510 473 673 531 quam
699 468 909 531 partem
932 447 1090 507 vellet
1109 468 1358 527 pergeret
1374 494 1387 518 ‚
1408 475 1472 510 ne
1493 476 1621 532 pro-

9 558 130 621 pter
147 557 273 595 eum
301 538 510 593 Avares
534 556 657 593 cum
675 530 1049 613 Langobardis
1076 533 1386 589 inimicitias
1404 555 1622 592 contra-

9 624 215 681 herent.
257 618 564 676 Bertaridus
584 638 714 677 vero
734 616 846 674 haec
862 615 1080 672 audiens
1099 654 1114 679 ‚
1152 614 1361 691 Italiam
1393 616 1457 672 ad
1489 616 1623 674 Gri-

10 702 291 785 moalflum
327 720 599 760 revertens
631 702 864 779 repetiit.
900 696 1136 755 audierat
1156 700 1301 754 enim
1325 693 1347 759 ‚‘
1371 719 1496 755 eum
1514 702 1624 757 cle-

10 783 402 844 mentiffimum
424 782 541 842 effe.
585 789 753 863 Igitur
772 802 895 837 cum
916 779 978 837 ad
991 777 1326 836 Laudensem
1345 783 1623 840 civitatem

10 863 232 926 venisset
249 907 266 934 ‚
302 863 440 924 mifit
456 886 574 923 ante
596 865 644 922 se
663 864 726 921 ad
749 861 1133 921 Grimoaldum
1154 883 1338 942 regem
1357 864 1623 920 Hunnul-

9 947 130 1008 fum
153 945 516 1008 fideliffimum
551 950 727 1003 virum
748 990 763 1011 ,
800 944 1067 1025 quisuum
1087 946 1133 1001 ei
1153 946 1443 1003 adventum
1479 967 1626 1002 nun-

9 1036 183 1090 tiaret.
225 1026 550 1088 Hunn'ulfus
569 1049 697 1086 vero
720 1029 785 1086 ad
802 1049 986 1107 regem
1008 1030 1227 1084 veniens
1252 1069 1267 1095 ‚
1285 1029 1623 1086 Bertaridum

10 1118 68 1171 in
88 1119 204 1188 ejus
240 1110 346 1170 fide
369 1112 652 1170 adventare
673 1115 956 1168 nuntiavit.
1000 1111 1134 1166 Haec
1153 1111 1477 1170 ille,audiens
1498 1150 1514 1175 ,
1554 1109 1625 1167 fi„

11 1195 202 1255 denter
220 1193 464 1274 promisit
481 1236 498 1262 ‚
539 1197 593 1249 in
625 1191 714 1251 sua
734 1215 860 1250 eum
880 1191 985 1249 fide
1007 1194 1318 1271 venientem·
1347 1193 1478 1251 nihil
1500 1196 1626 1250 mali

13 1275 282 1357 paffurum
315 1275 451 1334 fore.
513 1281 658 1332 Inter
691 1274 802 1334 haec
834 1274 1136 1331 Bertaridus
1172 1275 1461 1332 adveniens
1496 1315 1513 1341 ‚
1557 1275 1628 1334 ad

15 1358 405 1417 Grimoaldum
428 1356 682 1439 ingressus
701 1397 718 1424 ‚
756 1378 880 1414 cum
900 1363 1014 1434 ejus
1043 1355 1092 1414 se
1114 1356 1348 1438 vestigiis
1367 1357 1628 1416 advolve-

14 1464 72 1502 re
94 1461 320 1500 conatus
340 1439 462 1498 effet
481 1481 497 1508 ,
529 1462 616 1498 rex
638 1460 764 1498 eum
781 1443 1075 1497 clementer
1092 1442 1352 1509 retinuit,
1381 1458 1542 1520 atque
1560 1439 1627 1499 ad

15 1546 83 1583 os
99 1524 256 1582 suum
277 1524 342 1582 ad
375 1522 726 1602 osculumque
760 1526 947 1580 erexit.
988 1522 1079 1583 Ad
1097 1543 1261 1602 quem
1282 1524 1586 1580 Bertaridus
1607 1543 1625 1579 ε

17 1611 215 1683 Servus
231 1626 357 1664 tuus
375 1604 512 1674 sum,
529 1609 735 1682 inquit,
755 1604 942 1673 scien5‚
962 1623 1014 1661 te
1036 1604 1548 1662 Christianissimum
1568 1611 1627 1662 &

19 1694 173 1769 pium
193 1688 313 1746 effe.
342 1690 488 1746 Cum
510 1685 702 1766 poffim
720 1692 858 1744 inter
872 1707 1113 1765 paganos
1130 1689 1337 1754 vivere,
1370 1683 1540 1744 fretus
1559 1687 1626 1744 de
1683 1732 1685 1735 .

18 1789 116 1829 tua
136 1773 440 1838 clementia,
467 1770 530 1826 ad
546 1791 641 1826 tua
657 1768 876 1849 vestigia
892 1772 1034 1825 veni.
1067 1770 1175 1825 Cui
1197 1788 1379 1834 rex,ut
1399 1768 1626 1833 solebat,

16 1854 251 1929 jurando
280 1858 351 1910 ita
368 1851 705 1929 repromisit,
738 1852 953 1908 dicens:
1001 1856 1105 1907 Per
1123 1872 1249 1908 eum
1268 1854 1363 1928 qui
1385 1873 1471 1908 me
1489 1849 1630 1907 nasci

19 1933 151 2004 fecit
172 1976 187 1997 ,
221 1935 507 2014 postquam
529 1939 583 1991 in
620 1936 795 1990 meam
831 1931 994 1990 fidem
1016 1933 1079 1989 ad
1115 1955 1202 1989 me
1234 1932 1424 1990 venisti
1445 1975 1461 1999 ‚
1495 1932 1630 1989 nihil

22 2020 148 2075 mali
168 2021 222 2074 in
242 2020 424 2097 aliquo
450 2020 683 2093 patieriS,
701 2015 872 2093 sedita
890 2015 955 2072 cle
973 2034 1024 2070 te
1044 2013 1333 2082 ordinabO,
1353 2035 1411 2072 ut
1431 2016 1629 2072 decen-

24 2117 107 2157 ter
127 2101 299 2156 vivere
332 2096 512 2177 poffis,
555 2101 722 2155 Tunc
741 2102 786 2154 ei
806 2101 861 2154 in
889 2096 1111 2175 spatiosa
1139 2097 1309 2154 domo
1331 2097 1628 2175 hospitium

28 2178 267 2260 praebens
286 2223 301 2244 ,
320 2200 445 2236 eum
468 2179 585 2258 post
612 2184 728 2238 vitae
747 2179 988 2235 laborem
1009 2220 1025 2246 ,
1041 2178 1236 2235 habere
1260 2185 1502 2258 requiem
1518 2179 1632 2255 jus-

27 2260 91 2321 sit
110 2302 126 2327 ,
167 2264 476 2342 praecipiens
492 2263 666 2321 eidem
686 2283 750 2318 ex
778 2261 997 2339 publico
1018 2263 1221 2318 vic‘itum
1244 2302 1261 2328 ,
1298 2268 1351 2319 &
1371 2283 1629 2341 quaecun-

29 2366 135 2424 que
157 2342 319 2402 elsent
336 2341 630 2411 necessaria,
649 2346 845 2421 largius
867 2342 1170 2400 ministrari.
1212 2346 1517 2402 Bertaridus
1539 2366 1633 2402 ve-

31 2448 94 2484 ro
114 2446 240 2483 cum
259 2426 322 2484 ad
352 2422 646 2505 hospitium
683 2425 778 2482 fibi
811 2424 839 2482 a
875 2447 1000 2505 rege
1020 2444 1372 2505 praeparatum
1393 2425 1637 2496 veniffet,

35 2529 166 2567 mox
201 2508 265 2565 ad
311 2529 439 2564 eum
481 2506 852 2567 Ticinensium
888 2510 1083 2565 civium
1116 2527 1397 2588 coeperunt
1439 2528 1632 2568 turmae

35 2592 386 2658 concurrere,
423 2608 483 2648 ut
503 2613 630 2649 eum
662 2592 743 2645 vel
777 2590 1049 2658 viderent,
1086 2594 1168 2647 vel
1200 2590 1416 2669 pristina
1437 2597 1634 2650 notitia.

35 2676 321 2752 cognitum
337 2672 640 2732 salutarent.
683 2676 890 2730 Verum
910 2673 1041 2752 quid
1059 2695 1175 2731 non
1202 2676 1340 2731 mala
1361 2676 1544 2755 lingua
1562 2678 1635 2731 ir-

36 2775 284 2834 rumpere
319 2755 493 2833 potest
515 2765 536 2816 ?
596 2757 737 2813 Mox
771 2776 1005 2835 namque
1039 2759 1317 2818 venientes
1346 2757 1410 2814 ad
1448 2777 1635 2837 regem

38 2837 258 2914 quidam
278 2839 500 2917 maligni
518 2838 815 2899 adulatores
831 2877 849 2903 ,
890 2840 999 2919 regi
1017 2838 1337 2897 denuntiant
1357 2881 1374 2907 ‚
1395 2842 1520 2918 quia
1539 2836 1636 2894 nisi

38 2920 344 2980 Bertariclus
363 2923 516 2980 citius
532 2925 639 2986 vita
655 2923 947 3001 privaretur
963 2960 981 2991 ,
1007 2920 1113 3002 ipse
1137 2942 1366 3001 regnum
1386 2924 1635 3002 protinus

1507 3020 1635 3059 cum
