1888 3428
808 83 830 110 X

253 154 682 217 Go-Trmcffi
723 152 818 213 H1
839 171 1126 212 STORIAE
1165 157 1313 215 Lm.
1335 159 1453 215 111.
1539 176 1646 235 373

48 234 157 299 tur.
196 239 267 296 Et
280 246 391 317 jam
406 307 407 311 Ἰ
420 235 1011 302 ValerianusadAdriae
1030 257 1179 294 oram
1198 240 1356 297 Italiae
1373 238 1653 299 obversam

47 340 364 403 pervenerat
384 362 408 388 ι
434 343 612 401 neque
641 338 820 378 tamen
841 339 982 375 mare
1001 318 1215 376 transire
1234 342 1302 376 eo
1324 340 1567 398 tempore
1586 342 1651 378 ex

50 403 146 463 usu
164 401 453 480 judicabat,
474 403 624 482 quod
643 422 815 480 neque
836 401 992 457 militi
1013 422 1188 481 neque
1207 422 1351 482 equo
1373 397 1654 465 suffet‘iura

49 484 215 547 effent
233 483 512 550 neceffaria
530 526 547 552 ,
570 485 759 545 bruma
772 488 882 557 jam
900 486 1242 547 imminente.
1287 483 1388 541 sed
1404 488 1654 541 trecentis

47 568 114 626 ad
127 566 426 629 Iohannem
447 563 712 646 praemiffis
731 562 1008 621 affirmavit
1028 564 1076 621 se
1095 587 1218 622 cum
1241 569 1418 643 primo
1439 585 1559 622 vere
1578 564 1653 621 se-

49 669 326 708 cuturum.
367 651 483 705 Has
499 647 767 705 Iustiniani
788 648 961 703 literas
982 666 1040 703 ut
1059 647 1189 727 legit
1205 645 1655 716 Belisariu8‚110n-

44 750 248 813 gentos
281 730 376 788 fibi
409 729 666 787 assumens
685 772 700 792 ,
738 731 982 807 optimos
1002 735 1251 808 equitum
1262 727 1655 809 septingentOS,

47 813 293 894 peditum
314 814 576 871 ducentos
593 851 609 877 ,
634 814 836 867 caeteris
859 809 953 867 sub
976 813 1216 869 Conone
1236 809 1492 890 praefefflm
1507 813 1570 870 ad
1588 816 1657 870 il·-

46 898 225 954 lorum
241 898 487 954 locorum
508 892 738 971 praefidia
756 894 950 951 reliffis
970 935 985 960 ,
1009 897 1065 949 in
1084 896 1310 953 Siciliam
1331 898 1659 976 navigat,in-

47 979 114 1037 de
148 983 203 1034 in
247 995 463 1055 portum
501 977 725 1033 Tarenti
747 977 1059 1052 traiecturus
1090 976 1155 1034 acl
1175 975 1428 1034 sinistram
1458 977 1659 1035 habens
1697 979 1705 991 “

38 1061 327 1139 Scyllaeum.
343 1058 494 1137 quod
509 1058 701 1115 dicitur
718 1099 732 1120 ‚
754 1061 844 1115 ubi
866 1059 1090 1137 Scyllam
1109 1078 1288 1117 natam
1311 1065 1482 1138 po'e'tae
1501 1081 1658 1117 com-

42 1160 354 1205 memorant
370 1181 384 1202 ,
408 1161 521 1198 non
540 1139 690 1220 quod
711 1138 1016 1197 monstroso
1037 1183 1054 1209 ‚
1087 1160 1147 1197 ut
1169 1146 1375 1199 canitur
1392 1183 1410 1210 ,
1428 1163 1657 1222 corpore

44 1220 245 1281 femina
265 1224 369 1281 ulla
390 1220 552 1279 fuerit
574 1264 590 1290 ‚
612 1220 700 1280 sed
719 1223 869 1302 quod
888 1226 944 1278 in
963 1224 1046 1278 illa
1065 1219 1184 1280 freti
1205 1243 1349 1303 parte
1373 1227 1529 1281 multi
1549 1246 1661 1282 ma-

44 1309 149 1363 rini
169 1327 323 1363 canes
342 1305 408 1361 ab
429 1308 652 1382 antiquo
672 1301 904 1371 fuerint,
926 1323 985 1360 ut
1005 1308 1130 1361 &in
1149 1304 1292 1363 hunc
1310 1306 1452 1364 diem
1474 1305 1659 1365 visun-

47 1405 157 1445 tur.
199 1388 357 1444 Initio
378 1390 522 1444 enirn
557 1386 583 1442 a
617 1387 775 1443 rebus
795 1387 956 1443 ducta
971 1385 1089 1444 sunt
1109 1393 1347 1445 nomina.
1397 1387 1495 1446 Sed
1514 1385 1658 1446 fama

47 1470 115 1526 ad
147 1470 485 1550 longinquos
522 1468 773 1525 homines
805 1490 864 1526 ea
882 1466 1152 1546 perferens
1169 1512 1184 1537 ‚
1217 1490 1461 1527 verarum
1481 1469 1660 1528 causa-

46 1572 169 1609 rum
191 1554 534 1631 ignoratione
555 1591 574 1618 ‚
607 1548 745 1606 falsis
768 1550 1120 1628 opinionibus
1140 1553 1228 1610 dat
1249 1555 1517 1631 originem
1537 1593 1553 1619 ‚
1590 1575 1656 1630 ex

27 1655 152 1712 -qua
170 1633 464 1713 procedens
493 1651 615 1690 aetas
650 1632 900 1688 audaeier
928 1629 1133 1690 fabulas
1150 1632 1370 1690 fabricat
1402 1657 1415 1688 ε
1450 1633 1660 1713 poetas-

42 1736 151 1795 que
169 1716 269 1772 suae
288 1718 410 1770 artis
443 1716 654 1770 licentia
676 1734 868 1770 eorum
887 1735 1005 1792 quae
1027 1712 1306 1795 nunquam
1327 1712 1481 1772 fuere
1502 1715 1659 1773 testes

44 1796 209 1856 facits
233 1798 316 1853 Sic
335 1801 388 1852 δε
410 1795 659 1874 Corcyrae
682 1798 1126 1873 promontorium
1165 1839 1180 1865 ,
1225 1798 1378 1876 quod
1398 1796 1661 1873 solem-or-

46 1882 272 1938 rientem
291 1876 625 1956 speffitatfflari
645 1875 1257 1956 causaCynoscephalam
1278 1898 1483 1936 veteres
1508 1882 1662 1937 dixe-

45 1982 132 2027 re,
153 1960 294 2019 unde
311 1964 511 2017 caninis
526 1959 789 2039 capitibus
806 1958 1053 2017 homines
1068 1983 1217 2019 error
1235 1961 1462 2018 effinxit.
1492 1963 1561 2018 Et
1575 1967 1661 2019 Pi-

45 2041 273 2102 fidarum
292 2064 408 2120 pars
425 2044 837 2120 Lyconcranitae-
851 2042 977 2098 dieti
996 2086 1008 2106 ,
1031 2065 1144 2100 non
1162 2045 1314 2122 quod
1330 2048 1499 2122 capita
1520 2046 1660 2122 lupis

47 2123 231 2183 fimilia
247 2123 480 2182 habeant
501 2165 516 2185 ‚
542 2123 626 2180 secl
646 2123 796 2203 quod
814 2145 970 2180 mons
991 2125 1065 2181 ibi
1079 2130 1330 2182 'eminens
1352 2131 1661 2204 Lyconcra-

44 2228 113 2264 na
133 2209 442 2286 appelletur.
486 2225 838 2263 veruntamen
858 2207 923 2263 de
941 2206 1019 2262 bis
1050 2206 1275 2287 quisque
1299 2227 1358 2264 ut
1380 2207 1474 2286 ipfi
1491 2207 1664 2265 visum

46 2294 101 2346 &
122 2287 308 2353 sentiat
325 2294 378 2345 ὃς
400 2289 673 2367 loquatur.
716 2289 838 2366 Ego
875 2293 1016 2344 unde
1045 2288 1362 2347 deflexeram
1397 2312 1463 2347 eo
1483 2312 1663 2347 rever-

47 2389 153 2439 tor.
177 2369 471 2433 ,Belisarius
490 2373 655 2448 igitur
668 2372 975 2432 Tarentum
1002 2374 1076 2427 ire
1099 2375 1505 2451 quamprimum
1531 2394 1663 2450 pro-

40 2451 328 2533 posueram·
354 2451 447 2509 Est
464 2452 540 2508 ibi
555 2454 732 2509 lunata
751 2452 918 2527 specie
932 2455 1081 2509 littus
1098 2452 1271 2511 smum
1289 2453 1531 2511 ambiens
1545 2475 1661 2532 quo

47 2535 98 2594 se
114 2556 255 2592 mare
274 2539 426 2591 terris
459 2532 838 2590 recedentibus
867 2531 1123 2591 infundit.
1166 2535 1415 2593 transitus
1435 2536 1496 2592 ad
1519 2528 1664 2593 rnille

16 2615 214 2676 ,ferme
232 2615 393 2675 stadia
412 2635 572 2692 patet.
614 2618 668 2671 in
709 2633 942 2693 utroque
977 2629 1146 2674 'cornu
1177 2620 1377 2696 oppida
1405 2617 1527 2674 sunt
1548 2659 1564 2684 ,
1598 2617 1664 2673 ad

49 2699 387 2769 occidentem
421 2698 587 2755 solem
623 2697 843 2753 Croton
872 2737 887 2763 ‚
933 2698 997 2754 ad
1029 2701 1298 2756 orientem
1331 2702 1660 2756 Tarentum.

50 2780 292 2838 medium
322 2778 500 2836 smum
535 2777 731 2836 Thurii
751 2782 1086 2858 cognomine
1106 2782 1313 2859 oppido
1334 2799 1541 2838 tenent.
1583 2785 1664 2835 At

50 2860 289 2921 saeviente
307 2861 518 2940 hyeme,
539 2861 828 2938 multoque
848 2865 991 2918 venti
1012 2866 1224 2940 impetu
1241 2860 1561 2940 prohibente
1584 2861 1670 2915 ul-

30 2983 34 2988 ‚
55 2960 130 3001 tra
148 2946 414 3024 navigari,
453 2942 902 3002 Crotoniatarum
935 2964 1160 3022 portum
1181 2946 1462 3023 appellitur
1479 2938 1671 3000 Belisa-

1030 3031 1082 3082 A
1109 3046 1138 3081 a
1189 3048 1211 3102 3
1530 3025 1669 3079 rius:
