1931 3428
308 145 611 219 LIBER
701 139 1214 217 QV1Nfrvs]
1475 145 1587 220 865

27 240 120 287 um
153 248 317 307 quam
348 227 440 284 diu
479 225 648 305 poffet
682 230 820 283 intra
839 223 1074 300 ejusdem
1100 218 1410 282 cubiculum
1431 217 1591 305 quie-

17 332 130 368 cere
147 309 424 367 fimularet.
472 310 729 387 Cumque
746 309 834 364 ille
866 306 914 364 se
934 305 1040 363 hoc
1060 303 1328 364 faciiurum
1349 306 1590 387 spoponae

31 388 488 469 iffet‚Hunnulfus
509 413 718 469 pannos
738 392 858 447 suos
875 389 1196 460 leoticarios,
1215 394 1266 443 &
1289 391 1588 457 culcitram5

35 475 332 552 rfinamque
353 474 544 551 pellem
565 515 581 540 ,
617 473 767 552 supra
786 469 1002 529 dorsum
1035 490 1093 525 ac
1127 472 1386 526 cervicem
1404 473 1592 527 Berta-

21 558 93 616 idi
124 553 382 634 imposuit
408 597 426 623 ‚
470 576 708 634 eumque
741 577 802 611 ex
840 552 1064 611 consilio
1085 549 1230 630 quasi
1262 550 1592 607 rusticanum

17 659 202 697 ervum
240 656 385 694 extra
412 633 633 713 januam
670 637 942 716 impellere
962 640 1126 714 coepit
1145 653 1172 700 s,
1220 631 1520 711 multasque
1541 634 1594 689 ei
1633 679 1637 681 -

15 723 211 796 niurias
226 716 424 777 faciens
443 761 458 786 ‚
488 716 630 777 fuste
650 741 773 776 eum
796 735 1069 796 percutere
1087 714 1310 794 desuper
1328 720 1382 771 δε
1402 734 1594 793 urgere

33 823 107 860 on
127 801 352 859 cessabat
369 843 386 869 ,
424 803 495 878 ita
515 821 574 859 ut
593 798 850 879 impulsus
868 818 1027 878 atque
1045 800 1183 856 ἱᾶυς
1201 798 1385 876 saepius
1400 797 1465 854 ad
1483 815 1594 852 ter-

21 906 106 943 am
128 903 420 942 corrueret.
439 886 698 961 Cumque
730 882 962 950 eun-dem
983 877 1340 938 Hunnulfurn
1360 882 1502 959 regis
1519 876 1598 935 sa-

19 968 188 1026 ellites
208 971 300 1046 qui
334 966 396 1022 ad
418 964 712 1022 custodiam
732 962 890 1041 pofiti
911 982 1058 1021 erant
1077 1005 1094 1032 ‚
1118 967 1448 1042 requirerent
1465 958 1597 1040 quid

32 1070 99 1106 oc
118 1048 276 1114 effet3
315 1051 510 1104 Servus
527 1045 622 1127 iste
642 1086 659 1111 ,
678 1048 856 1124 inquit
874 1089 890 1114 ‚
913 1046 1147 1125 nequam
1164 1047 1364 1103 lectum
1389 1041 1520 1100 mihi
1539 1045 1599 1100 in

5 1129 246 1189 'ubiculo
267 1129 412 1210 istius
432 1129 565 1186 ebrii
579 1129 843 1185 Bertaridi
860 1128 1037 1198 stravit
1051 1169 1066 1195 ‚
1103 1131 1196 1207 qui
1216 1131 1271 1186 in
1291 1145 1507 1185 tantum
1523 1127 1601 1183 vi-

36 1235 70 1270 o
87 1213 277 1292 plenus
297 1210 371 1269 est
393 1254 410 1281 ,
438 1231 497 1269 ut
517 1208 664 1290 quafi
683 1206 932 1268 mortuus
949 1213 1021 1267 ita
1037 1210 1218 1268 cubet.
1264 1210 1367 1267 Sed
1385 1207 1504 1266 satis
1522 1206 1599 1264 est

35 1296 147 1353 uod
167 1299 279 1370 ejus
298 1294 405 1351 huc
428 1294 590 1372 usque
609 1297 898 1351 amentiam
918 1292 1125 1351 secutus
1145 1291 1259 1349 sum
1282 1317 1295 1360 ;
1316 1297 1424 1366 jam
1445 1290 1602 1348 dein-⁴

28 1399 121 1457 eps
151 1381 205 1434 in
246 1380 356 1433 vita
387 1377 599 1433 domini
643 1379 781 1455 regis
815 1380 870 1433 in
902 1376 1076 1434 domo
1112 1366 1324 1455 propria
1344 1371 1606 1430 maneboa

59 1481 128 1518 aec
149 1461 220 1515 illi
241 1459 548 1525 audienteS,
588 1465 640 1515 &
660 1479 781 1514 vera
811 1480 928 1538 quae
959 1451 1236 1520 audierant
1258 1455 1355 1514 effe
1374 1455 1604 1513 creden-

23 1564 78 1600 es
98 1584 114 1611 ,
148 1544 252 1599 laeti
284 1539 461 1598 effetffi
491 1540 638 1604 sunt,
664 1546 718 1613 ὃς
742 1552 888 1606 eum,
909 1545 1212 1619 pariterque
1242 1537 1604 1601 Bertari'dum,

38 1646 162 1681 uem
184 1624 442 1703 putabant
474 1622 682 1680 servum
703 1661 719 1689 ,-
767 1627 892 1701 quia
917 1641 1170 1700 opertum
1201 1630 1268 1678 ne
1288 1617 1608 1700 agnoscere-

0 1726 86 1780 rur
103 1704 335 1785 habebat
350 1724 508 1785 caput
530 1747 547 1774 ‚
576 1707 761 1761 locum
796 1706 894 1762 illis
933 1701 1119 1761 dantes
1135 1746 1152 1771 ‚
1187 1704 1332 1759 abire
1354 1700 1608 1781 permise-

0 1781 143 1866 J'runjt.
164 1791 266 1846 Illis
286 1808 467 1846 autem
488 1782 833 1849 abeuntibus,
854 1786 1126 1843 vestiarius
1142 1785 1229 1843 ille
1250 1781 1606 1848 fideliffimuS,

0 1871 250 1946 obserato
285 1870 571 1950 diligenter
622 1869 763 1926 ostio
811 1867 1060 1925 remansit
1091 1866 1407 1924 intrinsecus
1439 1861 1600 1923 solus.

0 1951 323 2017 Hudnulfus
342 1975 470 2010 vero
491 1952 826 2009 Bertaridum
847 1953 910 2007 de
936 1954 1074 2007 muri
1096 1954 1296 2029 angulo
1316 1991 1332 2016 ,
1369 1950 1462 2027 qui
1484 1944 1558 2003 est
1580 1944 1610 2002 εἷ

0 2055 147 2115 parte
162 2038 347 2092 Ticini
365 2034 607 2092 fluminis
633 2077 648 2101 ‚
666 2043 758 2110 per
777 2030 964 2090 funem
986 2032 1234 2111 deposuit
1253 2076 1267 2096 ,
1290 2034 1446 2110 eique
1468 2034 1613 2108 quos'

1 2121 185 2194 potuit
202 2116 377 2173 socios
410 2122 712 2192 conjunxit.
751 2119 865 2182 Qui
888 2121 1104 2194 arreptis
1123 2136 1265 2193 quos
1286 2117 1339 2170 i'n
1361 2112 1507 2192 pastu
1526 2116 1615 2167 in-

3 2217 266 2256 venerant
287 2201 440 2276 equis
460 2237 477 2263 ‚
522 2197 709 2254 eadem
745 2200 908 2260 ηοᾶς
929 2199 992 2253 ad
1011 2195 1290 2256 Astensem
1318 2200 1615 2274 properant

3 2284 275 2361 civitatem
294 2321 311 2346 ,
346 2285 399 2337 in
435 2301 542 2359 qua
561 2278 816 2336 Bertaridi
853 2283 1008 2336 amici
1042 2279 1352 2336 manebant.
1394 2275 1614 2333 Deinde

4 2363 311 2421 Bertaridus
330 2364 654 2443 quantocius
668 2356 1058 2418 Taurinensem
1080 2361 1269 2418 urbem
1297 2379 1482 2439 petens
1503 2398 1517 2417 ‚
1554 2362 1616 2411 ac'

6 2443 128 2525 post
147 2445 371 2503 claustra
387 2448 547 2516 Italiae
565 2439 902 2523 transgreffus
921 2485 935 2506 ‚
954 2442 1282 2500 Francorum
1308 2442 1370 2497 ad
1391 2442 1620 2517 patriam.

9 2531 273 2607 pervenit.
312 2522 502 2606 Sicque
519 2528 674 2583 Deus
693 2530 1065 2604 omnipotenS,
1085 2524 1427 2604 dispositione
1456 2518 1618 2577 mise-

8 2609 241 2686 ricordi,
279 2614 708 2674 &innocentem
740 2607 964 2666 amor-'te
983 2611 1214 2686 eripuit,
1254 2613 1308 2663 δε
1345 2627 1406 2661 ex
1429 2607 1615 2660 anim‘o‘s

11 2689 159 2751 bona
174 2689 460 2752 facientem
482 2692 548 2750 ab
567 2688 865 2750 offensione
882 2700 1066 2772 regern
1085 2691 1326 2750 servavit.

832 2930 926 2996 lii
1399 2918 1451 2986 C
1495 2934 1625 2988 Afisss
