1931 3428
288 147 669 211 ‚LIBER
750 141 1267 211 ernfrvsl
1500 130 1625 222 877

429 283 732 349 CAP.
886 273 1267 344 XVIII„

135 426 381 511 Quomodo
400 437 551 504 Lupus
569 421 672 481 dux
689 433 864 480 contra
882 412 1223 476 Grimoaldum
1240 415 1504 478 rebellavit.

151 572 225 629 Vi
251 570 440 644 Lupus
458 562 591 622 dum
611 582 734 642 rege
754 555 971 617 absente
989 554 1160 616 multa
1177 551 1469 612 insolenter
1487 554 1631 634 apud

33 699 35 701 .
153 652 419 709 Ticinum
429 645 838 728 egiffet‚quippe
856 640 987 719 quia
1005 657 1133 695 eum
1156 633 1494 697 reversurum
1514 657 1633 696 non

10 734 288 797 aestimaret
310 773 327 800 ‚
360 744 660 789 revertente
688 745 812 805 rege
829 722 996 780 sciens
1018 760 1037 788 ‚
1074 719 1254 777 eidem
1286 738 1347 776 ea
1380 739 1498 798 quae
1519 738 1637 777 non

7 818 156 876 recte
198 812 422 897 gefferat
452 807 724 889 displicere
746 846 761 868 ‚
791 804 1151 863 Forum-Iulii
1183 818 1374 879 petens
1394 840 1414 869 ,
1447 818 1638 860 contra

13 899 249 960 eundem
270 916 456 976 regem
474 891 506 951 s
500 913 576 951 uae
591 891 846 969 nequitiae
866 883 1109 945 conscius
1127 883 1423 946 rebellavit.

451 1029 512 1095 C
618 1050 699 1092 A·
766 1050 820 1091 P.
957 1023 1220 1091 XIX.

215 1170 467 1253 Qomodo
483 1169 573 1248 ipſse
593 1169 691 1227 dux
710 1166 886 1225 bellum
905 1179 1079 1224 contra
1092 1174 1272 1226 Avares
1277 1158 1436 1242 geffit.

21 1318 134 1444 T
150 1318 275 1373 Vnc
295 1308 654 1370 Grimoaldus
671 1307 864 1365 nolens
881 1304 1032 1366 civile
1050 1301 1253 1362 bellum
1267 1304 1405 1359 inter
1415 1292 1645 1379 Lange-3

152 1396 354 1455 bardos
372 1395 599 1452 excitare
617 1432 634 1458 ,
668 1391 783 1469 regi
804 1389 1067 1450 Avarium
1087 1386 1312 1457 Cacano
1331 1381 1604 1441 mandavit
1621 1419 1645 1450 ‚

22 1500 86 1541 ut
122 1483 177 1538 in
195 1477 523 1552 Forumjulii
545 1491 732 1531 contra
757 1475 976 1550 Lupum
1009 1469 1204 1526 ducem
1238 1487 1363 1525 cum
1398 1466 1646 1523 exercitu

25 1567 233 1625 veniret
254 1601 268 1623 ‚
307 1578 546 1636 eumque
585 1555 732 1613 bello
767 1564 1081 1632 protereret.
1137 1549 1311 1616 Quod
1351 1549 1406 1605 δε
1439 1543 1649 1603 fastum

26 1646 118 1704 est.
167 1645 313 1701 Nam
335 1644 585 1701 veniente
609 1637 830 1693 Cacano
852 1654 975 1692 cum
1011 1651 1214 1710 magno
1235 1631 1541 1688 exercituin
1559 1627 1650 1683 lo-

12 1751 96 1799 ‚co
116 1732 210 1807 qui
226 1726 448 1783 Fluvius
467 1721 693 1784 dicitur,
732 1715 865 1774 sicut
901 1714 1063 1773 nobis
1085 1715 1385 1771 retulerunt
1414 1709 1650 1768 seniores

29 1814 130 1872 viri
150 1812 244 1890 qui
273 1802 458 1884 inipso
484 1802 630 1860 bello
664 1797 886 1857 fuerunt
903 1838 919 1864 ‚
954 1818 1044 1877 per
1069 1816 1176 1854 tres
1201 1795 1312 1853 dies
1330 1797 1521 1872 Lupus
1540 1791 1652 1849 dux

30 1914 157 1951 cum
194 1887 552 1965 Forojulianis
583 1879 829 1940 adversus
853 1881 1053 1937 Cacani
1072 1880 1366 1935 exercitum
1386 1871 1650 1932 conflixit.

19 1975 104 2035 'Et
122 1976 293 2054 prima
310 1968 530 2050 quidem
550 1964 635 2023 die
654 1964 889 2024 validum
910 1968 1026 2039 ejus
1043 1958 1335 2031 exercitum
1352 1959 1534 2036 paucis
1549 1952 1655 2012 suis

0 2101 1 2132 ³
34 2056 326 2117 vulneratis
346 2048 628 2130 prostravit
648 2070 663 2111 ς
683 2045 911 2104 secunda
930 2065 1060 2102 vero
1082 2042 1168 2100 die
1185 2083 1202 2109 ,
1233 2045 1343 2115 jam
1364 2038 1653 2120 aliquantis

0 2137 1 2206 l
38 2137 69 2196 ὲ
101 2136 205 2195 suis
237 2133 526 2194 vulneratis
544 2135 596 2185 &
623 2131 853 2185 mortuis
873 2167 890 2193 ‚
925 2128 1038 2206 pari
1064 2120 1236 2182 modo
1257 2121 1466 2180 multos
1486 2142 1550 2178 ex
1569 2122 1655 2176 A-

0 2214 1 2218 ¹
39 2218 254 2278 vatibus
274 2215 523 2273 extinxit.
566 2212 757 2268 Tertia
774 2229 904 2271 vero
924 2210 1008 2267 die
1028 2249 1044 2276 ‚
1078 2211 1185 2283 jam
1208 2203 1449 2285 pluribus
1469 2225 1532 2261 ex
1550 2200 1658 2259 suis

41 2300 284 2362 sauciatis
305 2339 320 2361 ‚
342 2295 446 2354 five
465 2295 760 2373 peremptis
777 2334 795 2360 ‚
828 2289 1180 2348 nihilominus
1200 2307 1460 2369 magnum
1482 2286 1660 2342 Caea-

45 2389 102 2444 ni
122 2386 415 2458 exercitum
434 2379 651 2441 delevit,
674 2374 1018 2454 praedamque·
1036 2368 1311 2449 copiosam
1330 2365 1534 2427 invasit.
1574 2369 1658 2422 At

48 2488 177 2528 vero
198 2466 285 2524 die
303 2477 497 2542 quarto
515 2476 719 2516 tantam
737 2455 890 2536 super
919 2456 972 2532 se¹
1005 2452 1413 2512 multitudinem
1432 2445 1660 2527 conspe-

51 2559 248 2611 xerunt
266 2547 595 2613 venientem,
611 2558 671 2605 ut
688 2541 774 2605 vix
792 2559 886 2620 per
900 2537 1089 2622 fugam
1109 2534 1331 2600 evadere
1351 2528 1579 2614 poffent,

1444 2935 1667 3000 (ιῖΛΡο1
