1888 3428
212 118 344 182 62‘2-
715 118 1369 181 lenanunzs'

653 255 719 323 C
819 281 871 325 A
970 238 1035 318 1³,
1177 274 1398 323 v111.

356 437 359 438 ν
415 407 497 459 De‘
507 403 819 461 Amazonum
836 413 948 453 cum
966 392 1367 473 viciniagentibm
1379 398 1636 462 concubitu
1655 441 1676 474 ‚
1874 416 1888 476 ξ

747 496 1014 556 earumque
1037 481 1299 556 partubur.
1351 511 1354 517 ·
1880 483 1888 568 3¹.

216 620 510 755 VEritae
525 619 627 683 hae,
641 638 710 679 ne
731 639 917 677 earum
938 619 1118 699 proles
1137 616 1477 696 raresceret&
1495 622 1687 681 vicinis
1703 632 1845 704 gen-
1881 649 1888 703 ‘3

349 705 497 766 tibus
516 704 875 765 concubitum
893 700 1330 784 petierunt,fa6ta
1346 705 1590 763 nundina
1605 704 1766 766 semel
1785 714 1847 769 in.
1882 712 1888 775 ’,ξ

209 809 360 849 anno
381 833 397 860 ,
431 794 508 847 ita
542 806 603 846 ut
621 784 820 845 futuris
845 785 1196 867 temporibus
1211 791 1287 845 eis
1305 788 1503 846 deinde
1523 796 1846 852 revertenti-

205 873 312 934 bus
332 877 388 933 in
406 870 676 953 idipsum,
694 870 956 952 quicquid
973 889 1157 951 partus
1174 869 1451 930 masculini
1468 872 1729 944 edidisset,
1746 896 1848 955 pa-
1874 910 1888 946 3

204 960 274 1016 tri
292 957 626 1017 redderetur:
641 953 907 1034 quicquid
922 953 1054 1014 vero
1071 951 1323 1013 foeminei
1340 952 1495 1014 sexus
1513 956 1845 1030 nasceretur,
1880 966 1888 1016 ῗ.

208 1061 383 1100 mater
415 1040 481 1098 ad
517 1058 664 1096 arma
698 1036 886 1096 bellica
920 1037 1178 1097 erudiret.
1225 1041 1346 1095 Sive
1369 1080 1387 1107 ,
1419 1050 1484 1096 ut
1515 1040 1846 1120 quibusdam
1886 1070 1888 1072 ·

205 1127 381 1204 placet
401 1163 419 1190 ,
452 1119 612 1180 editis
641 1118 918 1189 maribuS,
947 1123 1220 1180 novercali
1262 1121 1397 1180 odio
1426 1119 1652 1182 infantis
1683 1124 1847 1185 mise*

207 1207 358 1266 randi
376 1203 487 1262 fata
506 1204 877 1282 rumpebant:
912 1205 987 1260 ita
1019 1204 1164 1282 apud
1186 1203 1299 1260 illas
1331 1204 1644 1265 detestabile
1677 1230 1845 1288 puer-

210 1292 425 1369 perium
442 1305 554 1345 erat
572 1330 589 1356 ,
622 1286 776 1369 quod
804 1284 1011 1366 ubique
1029 1284 1242 1345 constat
1261 1284 1362 1345 effe
1378 1291 1647 1347 votivum.
1698 1295 1843 1363 Quae

209 1371 498 1431 crudelitas
531 1370 638 1429 illis
677 1389 948 1428 terrorem
992 1391 1262 1452 magnum
1314 1370 1665 1442 cumulabat,
1714 1377 1846 1455 opi·
1884 1371 1888 1430 ᾗ

206 1458 377 1514 nione
396 1457 632 1535 vulgata.
674 1456 821 1513 Nam
841 1475 996 1534 quae,
1024 1475 1199 1536 rogo,
1229 1451 1345 1534 spes
1364 1454 1492 1513 esset
1510 1473 1704 1536 capte,
1744 1460 1845 1520 ubi

207 1531 416 1620 ignosci
435 1536 653 1596 velfilio
672 1534 822 1595 nefas
839 1536 1187 1597 habebatur?
1224 1538 1442 1597 Contra
1479 1538 1607 1602 has,
1644 1559 1705 1599 ut
1735 1538 1844 1600 fer·
1879 1543 1888 1574 ⁴³

206 1639 332 1687 tur,
365 1620 646 1703 pugnabat
685 1622 954 1679 Hercules
971 1660 989 1688 ,
1015 1628 1070 1681 &
1105 1621 1354 1681 Melanes
1385 1621 1525 1703 pene
1555 1624 1677 1702 plus
1707 1625 1844 1684 dolo
1881 1661 1888 1703 ς

202 1705 371 1785 quam
419 1708 619 1763 virtute
661 1702 899 1785 subegit.
949 1703 1198 1763 Theseus
1236 1703 1371 1766 vero
1407 1707 1752 1787 Hippolyten
1783 1712 1843 1768 in
1881 1711 1888 1770 j

202 1787 436 1869 praedam
455 1790 578 1845 tulit
594 1828 611 1855 ,
640 1786 707 1845 de
732 1809 839 1867 qua
855 1791 1050 1868 genuit
1069 1795 1123 1848 &
1140 1790 1528 1872 Hippolytum.
1570 1790 1675 1850 Hae
1695 1814 1842 1871 quo-
1884 1797 1888 1808 ²

202 1894 309 1951 que
324 1875 639 1928 Amazones
657 1871 779 1950 post
797 1869 910 1928 haec
927 1869 1166 1930 habuere
1182 1876 1430 1953 reginam
1447 1875 1675 1931 nomine
1695 1881 1841 1953 Pen-
1880 1932 1882 1935 .

203 1952 480 2011 thefileam
496 1995 512 2020 ,
531 1960 687 2030 cujus
704 1956 958 2028 Trojano
978 1951 1129 2012 bello
1153 1972 1339 2012 extant
1355 1954 1638 2013 clariffima
1658 1954 1841 2015 docuss-
1866 1973 1867 1977 ’

203 2053 409 2095 menta.
453 2038 600 2092 Nam
631 2033 711 2093 hae
744 2032 963 2094 feminae
988 2035 1158 2118 usque
1192 2036 1260 2098 ad
1291 2037 1670 2100 Alexandrum
1705 2036 1838 2099 Man*

182 2140 379 2200 ⁴gnum
397 2115 706 2176 referuntur
721 2114 948 2177 tenuiffe
965 2140 1221 2201 regnum.

700 2256 762 2323 C
864 2281 914 2326 A
1013 2279 1075 2323 Ρ.
1237 2281 1363 2326 1x.

322 2411 397 2459 De
413 2401 524 2462 vim
541 2411 857 2469 Amazonum
870 2439 890 2467 ,
913 2401 978 2463 ὠ·
993 2416 1163 2460 eorum
1182 2419 1292 2478 rege
1311 2402 1507 2482 Telepho
1523 2444 1544 2472 ,
1561 2401 1713 2483 deque

662 2485 761 2565 ejus
797 2498 912 2542 ortu
939 2484 1005 2547 ὠ
1037 2483 1169 2544 rebus
1190 2482 1351 2564 gestir.

199 2618 361 2751 SEd
401 2643 469 2679 ne
488 2622 661 2690 dicaS,
699 2623 765 2681 de
786 2625 914 2681 viris
947 2622 1275 2682 Gothorum
1315 2623 1494 2683 sermo
1515 2623 1833 2707 adsumptus

256 2707 447 2762 ¹curin
469 2702 687 2763 feminis
724 2705 935 2764 tamdiu
967 2707 1299 2785 perseveret:
1333 2708 1457 2767 audi
1491 2714 1546 2766 &
1581 2714 1829 2771 virorum

193 2786 492 2868 insignem,
528 2794 582 2845 &
625 2788 951 2846 laudabilem
998 2786 1404 2849 fortitudinem.
1450 2792 1568 2849 Dio
1609 2792 1829 2851 histori—
1882 2851 1888 2857 ,

195 2892 289 2929 cus
312 2910 333 2938 ,
368 2875 423 2929 δε
453 2873 842 2949 antiquitatum
862 2872 1299 2953 diligentiffimus
1324 2873 1644 2955 inquisitor,
1675 2879 1827 2957 (qui)

187 2953 353 3034 operi
368 2946 465 3014 suo
490 2952 690 3014 Getica
707 2954 933 3016 titulum
967 2955 1152 3022 dedit:
1182 2979 1326 3041 quos
1346 2959 1519 3019 Getas
1529 2965 1643 3038 jam
1662 2958 1826 3053 supeff
1882 2984 1888 2988 ·

1692 3061 1828 3104 1⁴10ss
