1888 3428
172 163 261 202 An
296 144 640 203 GoTTHos
682 147 818 202 PER
837 160 1006 200 TINE
1025 162 1148 200 NTI
1168 162 1189 200 s
1232 143 1426 202 [ml.
1522 157 1642 223 '547

39 231 92 284 δέ
111 243 221 282 tam
242 229 523 305 inopinata
557 223 807 283 felicitate
841 221 1163 281 exsultantes
1200 247 1310 282 non
1331 249 1452 285 cum
1474 230 1647 286 modo

0 329 1 370 1
36 305 294 364 haberent
309 304 608 366 fortunam.
650 311 849 387 quippe
879 312 932 362 &
968 306 1318 363 Gotthorum
1353 310 1552 386 oppida
1574 314 1649 367 eis

0 396 1 417 ³
39 388 90 446 se
109 389 412 468 pandebant
427 430 443 455 ,
465 397 517 449 &
536 411 693 469 capto
714 389 923 446 castello
944 387 1084 444 bene
1102 385 1263 445 firmo
1281 431 1296 456 ‚
1315 395 1645 470 jamjamque
1711 448 1724 457 „

37 473 280 528 irruituri
311 475 367 528 in
387 474 506 529 illos
538 494 679 552 quos
711 473 819 529 dixi
838 470 1190 526 timebantur.
1234 474 1394 528 Hanc
1423 470 1498 528 ob
1518 493 1648 529 cau-

37 550 144 610 sam
164 553 325 610 duces
344 576 505 634 quam
526 557 769 633 proxime
789 553 1108 610 Ravennam
1132 552 1495 611 accedendum
1519 594 1536 620 ,
1567 573 1649 610 at—

37 655 144 713 que
180 633 247 692 fic
267 640 374 693 vim
399 635 633 695 hostiurn
658 676 676 703 ,
708 656 869 714 quam
899 633 985 691 sna
1019 634 1346 712 superiorem
1370 631 1482 692 >hoc
1504 653 1650 692 tem:-

37 737 171 796 pore
193 717 480 775 credebant
500 758 515 779 ,
554 718 822 774 vitandam
843 715 1112 779 censuere.
1158 717 1370 785 NarseS,
1388 717 1500 774 haec
1519 738 1646 773 cum

35 798 135 877 ipsi
172 805 412 858 nuntiata
446 797 609 858 effent
626 839 640 860 ‚
682 800 918 857 indoluit
949 807 1003 856 ὃ(
1030 799 1392 858 Barbarorum
1420 798 1555 856 fastu
1591 806 1646 868 δε

39 879 224 939 amiffo
246 882 517 950 Phulcare,
535 885 647 938 viro
669 902 784 938 non
803 879 830 937 ἐ
851 885 1033 940 multis
1052 922 1068 948 ‚
1085 888 1297 962 egregie
1318 884 1519 962 quippe
1539 879 1653 938 for-
1681 932 1684 934 .

38 966 116 1031 ti»,
135 966 425 1042 multisque
441 965 681 1021 viffitoriis
698 966 883 1021 inclito
909 1005 926 1032 ‚
947 971 1000 1022 &
1027 984 1183 1022 tanto
1204 1006 1219 1032 ,
1243 981 1299 1023 ut
1318 1007 1333 1032 ‚
1355 964 1389 1022 fi
1411 963 1653 1045 pruden-

37 1049 111 1102 tia
138 1046 325 1103 robori
360 1043 600 1103 adfuisset
618 1087 633 1107 ,
677 1068 957 1125 nunquam
978 1048 1043 1105 de
1078 1069 1144 1103 eo
1176 1046 1406 1127 gavisuri
1439 1045 1647 1104 fuerint

34 1125 229 1186 hostes.
252 1129 378 1212 ‘His
396 1128 461 1185 de
486 1127 648 1185 causis
672 1128 853 1185 maesto
877 1132 1096 1209 quidem
1115 1129 1358 1210 tristique
1392 1149 1503 1187 erat
1530 1130 1650 1186 ani—

34 1231 130 1267 mo
149 1252 168 1278 ,
218 1231 332 1267 non
350 1251 365 1277 ‚
398 1228 459 1266 ut
496 1214 581 1268 alii
614 1208 785 1268 solent
807 1251 822 1272 2
858 1212 1069 1285 abjtho
1105 1213 1384 1291 pavidove.
1425 1215 1558 1290 quin
1592 1218 1650 1268 δέ

35 1295 331 1350 exercitum
369 1289 525 1350 suum
546 1336 561 1358 ‚
590 1314 758 1372 quem
790 1292 906 1350 casu
942 1297 1227 1373 inopinato
1247 1294 1547 1372 perculsum
1567 1297 1650 1352 vi-

35 1374 200 1433 debat
219 1418 234 1441 ,
270 1377 540 1432 concione
561 1376 818 1433 advocata
834 1377 1218 1456 alloquendum
1236 1376 1332 1435 fibi
1350 1375 1573 1444 censuit,
1588 1389 1650 1433 ut

34 1455 218 1516 sanato
252 1474 405 1514 metu
433 1457 497 1516 ad
535 1457 844 1516 audendum
877 1479 973 1515 eos
1008 1478 1310 1517 revocaret.
1356 1461 1485 1517 Erat
1500 1462 1649 1516 enim

40 1537 230 1599 Naries
249 1542 513 1618 imprimis
532 1560 714 1598 mente
735 1541 934 1598 validus
954 1582 970 1609 ,
1003 1563 1121 1599 acer
1140 1584 1156 1611 ,
1190 1541 1480 1621 sollersque
1499 1557 1651 1620 apta-

40 1643 97 1679 re
115 1619 163 1680 se
184 1621 554 1700 temporibus,
576 1629 630 1681 δε
650 1644 959 1702 quanquam
981 1627 1147 1682 literis
1165 1625 1369 1681 tin6³ws
1386 1645 1499 1681 non
1517 1640 1651 1689 erat,

39 1724 138 1763 nec
157 1706 221 1761 ad
244 1706 609 1783 eloquentiam
640 1709 903 1762 exercitus
920 1747 937 1774 ,
968 1700 1347 1785 compensabat
1363 1705 1474 1765 haec
1490 1709 1651 1786 inge-

38 1789 118 1844 nii
137 1782 388 1842 felicitate
405 1827 423 1853 ,
462 1807 562 1845 nec
581 1786 808 1844 consiliis
839 1789 1211 1867 exprimendis?
1233 1788 1395 1848 verba
1413 1789 1651 1854 deerant,
1706 1784 1722 1802 ⁸

39 1871 240 1926 mirum
258 1871 314 1925 in
333 1866 566 1948 spadone
583 1873 830 1948 interque
849 1874 978 1929 aulae
995 1871 1204 1928 delitias
1223 1872 1469 1929 educato.
1507 1870 1650 1927 Cor-

37 1951 228 2029 pusilli
248 1968 436 2008 natura
453 1952 614 2011 breve
631 1994 647 2020 ‚
668 1971 913 2017 curatura
932 1957 1091 2010 etiam
1109 1956 1327 2034 gracile,
1345 1952 1432 2011 sed
1452 1950 1650 2010 fortior

43 2040 98 2093 &
122 2031 307 2090 celsior
325 2055 487 2113 quam
508 2035 647 2097 credi
667 2032 836 2112 posset
852 2038 1084 2093 animus.
1134 2038 1296 2095 Adeo
1334 2036 1649 2115 ubicunque

38 2114 254 2173 libertas
273 2115 531 2195 generosa
551 2122 605 2174 in
626 2113 844 2195 pectore
865 2116 959 2186 est,
979 2140 1046 2176 ne
1064 2121 1186 2198 quis
1204 2124 1284 2178 vir
1303 2118 1364 2176 sit
1379 2122 1648 2197 optimus,

17 2215 222 2256 -caetera
242 2219 356 2254 non
389 2200 706 2278 impediunt.
750 2199 940 2257 Narses
971 2205 1155 2280 itaque
1187 2203 1398 2260 medius
1425 2199 1650 2259 suorum

23 2280 146 2339 ishaec
165 2284 320 2360 caepit
335 2280 530 2340 dicere.
574 2284 753 2339 Solitis
769 2281 980 2339 hostem
998 2287 1212 2341 vincere
1233 2327 1248 2349 ,
1278 2291 1331 2341 δε
1351 2299 1432 2341 res
1448 2283 1647 2340 habere

33 2360 304 2444 prosperas
323 2403 339 2424 2
368 2363 419 2420 .s1
449 2366 534 2423 vel
565 2365 630 2421 ad
661 2364 824 2422 breve
843 2380 1074 2444 ‘tempus
1093 2367 1339 2425 acciderit
1358 2366 1509 2445 quod
1530 2385 1647 2421 non

28 2455 286 2524 ,putarant
305 2487 321 2513 ‚
341 2443 527 2505 defluit
545 2448 805 2527 gaudium
825 2488 841 2515 ,
862 2445 974 2526 spes
990 2447 1330 2508 hebetantur.
1375 2443 1500 2528 Ego
1514 2467 1644 2507 vero

14 2525 333 2607 sapientum
355 2549 476 2586 reor
494 2573 510 2595 ‚
544 2551 656 2587 non
677 2533 908 2586 nimium
933 2528 1103 2588 inflari
1131 2531 1388 2612 aspirante
1407 2529 1647 2590 fortuna,

30 2607 126 2670 sed
145 2613 379 2691 cogitata
398 2632 575 2669 rerum
609 2610 962 2670 mutabilitate
981 2613 1046 2670 ad
1071 2636 1190 2672 eam
1224 2606 1648 2673 animum‘com-

38 2712 263 2772 ponere.
305 2693 666 2754 Talibuslaeta
687 2695 908 2774 quidem
941 2711 1060 2775 quae
1081 2695 1359 2777 prospera,
1390 2716 1443 2754 at
1461 2695 1496 2753 fi
1516 2693 1645 2774 quid

39 2772 184 2832 secus
203 2775 450 2833 ceciderit
467 2817 486 2844 ‚
519 2776 658 2837 haud
690 2779 890 2836 nimius
906 2779 1090 2845 dolor..
1137 2784 1257 2839 Vos
1279 2801 1383 2860 ego
1404 2784 1645 2839 intueor,

0 2876 5 2929 ᾗ
44 2857 240 2916 milites
256 2899 274 2927 ,
311 2861 429 2937 plus
445 2879 603 2939 aequo
623 2858 867 2919 maestos:
913 2881 1013 2918 nec
1030 2862 1244 2920 aliunde
1273 2864 1326 2920 id
1348 2861 1502 2921 vobis
1519 2877 1648 2919 eve-

43 2941 125 3023 ?fit
156 2978 176 3012 2
213 2960 378 3023 quam
412 2942 566 3023 quod
601 2944 847 3007 vincendi
881 2943 1208 3003 affuetudine
1234 2943 1386 3026 supra
1416 2939 1645 3078 inodlurn

931 3027 1066 3086 Mm
1113 3049 1142 3085 a
1517 3043 1543 3078 e
1570 3039 1660 3092 ati,
