1931 3428
360 179 697 237 LIBER
778 181 1206 241 SEx‘rvs·
1517 205 1646 266 915

9 266 285 323 civitatem
305 264 456 322 rexit.
502 260 627 319 Post
647 267 796 339 cujus
814 261 1057 322 Ariberti
1073 264 1236 324 funus
1253 266 1627 348 AnspranduS‚

7 344 498 428 Langobardorum
519 365 693 426 regno
714 349 922 425 potitus
938 387 955 414 ,
975 365 1078 404 tres
1099 348 1300 406 menses
1318 350 1625 412 solummo-

7 428 84 489 do
103 430 346 508 regnavit
366 450 380 484 ε
411 430 512 485 Vir
531 450 621 506 per
638 433 824 487 omnia
842 432 1093 510 egregius
1108 471 1127 498 ,
1160 436 1216 487 δε
1250 439 1401 507 cujus
1417 434 1621 515 sapien-

4 514 92 570 tiae
108 512 207 568 rari
220 510 465 591 aequandi
483 508 626 568 sunt.
671 513 977 571 Cernentes
989 511 1336 593 Langobardi
1355 515 1512 593 hujus
1530 517 1618 578 in·-

5 595 229 653 teritum
253 634 271 660 ‚
304 594 702 674 Liutprandum
723 638 740 665 ,
780 602 892 674 ejus
917 592 1094 654 filium
1113 639 1128 662 ,
1161 599 1217 652 in
1235 601 1396 677 regali
1414 600 1619 660 consti-

0 692 167 734 tuunt
178 671 346 755 solio·
389 677 564 756 Quod
584 677 928 758 Ansprandu's
945 676 1077 738 dum
1093 676 1264 739 adhuc
1292 674 1500 741 viveret}
1519 706 1615 744 au.

0 757 173 828 diem,
191 758 345 821 valde
361 759 572 819 laetatus
587 758 683 819 est.

433 913 487 969 C
566 932 604 968 A
682 928 738 968 Ρ.
850 913 1163 974 XXXVI.

11 1114 13 1117 f
76 1039 323 1118 Qomodo
346 1035 619 1112 Theodosius
636 1037 1216 1118 Anastafiumfieperavit‚
1248 1044 1312 1109 ὠ
1330 1064 1532 1124 regnum

336 1120 534 1202 invafit.
566 1122 630 1186 ό*
648 1124 705 1180 de
728 1124 1045 1184 inundattone
1073 1127 1275 1209 Tyberis.
1338 1195 1342 1197 V

2 1259 144 1387 H
154 1259 245 1318 O'c
263 1277 515 1338 tempore
535 1257 844 1319 Anastasius
859 1266 1158 1342 Imperator
1173 1262 1378 1324 claffem
1398 1270 1455 1325 in
1477 1266 1616 1326 Ale?-

0 1339 1 1381 i
151 1342 428 1400 xandriam
456 1361 644 1401 contra
662 1347 977 1402 Sarracenos
995 1347 1202 1405 direxit.
1259 1351 1434 1424 Cujus
1454 1371 1612 1408 exer-

0 1427 137 1483 citus
155 1425 220 1483 ad
245 1425 387 1483 aliud
401 1423 580 1484 versus
601 1425 885 1484 consilium
908 1469 924 1497 ,
953 1427 1018 1493 ab
1035 1434 1227 1488 itinere
1246 1432 1428 1491 medio
1447 1433 1609 1491 Con-

1 1505 531 1587 stantinopolitanam
563 1507 756 1566 urbem
779 1508 1037 1589 regressus
1058 1553 1075 1581 ‚
1107 1512 1490 1573 Theodosium
1511 1536 1609 1572 or-

1 1588 308 1649 thodoxum
341 1593 620 1670 inquirens
638 1630 656 1657 ,
690 1595 1074 1669 imperatorem
1095 1596 1261 1675 elegit
1281 1637 1298 1663 ,
1325 1615 1490 1677 atque
1507 1619 1606 1655 co-

1 1673 178 1731 astum
214 1677 270 1731 in
301 1672 434 1731 solio
465 1678 673 1752 imperii
701 1671 1056 1733 confirmavit.
1103 1678 1223 1744 Qui
1255 1676 1607 1738 Theodofius

1 1756 140 1835 apud
160 1761 359 1817 Aream
396 1758 668 1814 civitatem
688 1755 1025 1814 Anastafium
1059 1762 1206 1837 gravi
1241 1764 1418 1838 praelio
1442 1764 1606 1830 vicit;

2 1838 233 1918 datoque
252 1837 346 1896 fibi
358 1836 686 1897 sacramento
701 1880 718 1907 ‚
753 1861 878 1897 eum
897 1842 1149 1898 clericum
1174 1840 1289 1899 fieri
1308 1864 1364 1901 ac
1383 1844 1609 1924 presby—

2 1938 175 1980 terum
195 1919 324 1980 fecit
341 1921 597 1980 ordinari.
638 1921 751 2001 Ipse
771 1942 901 1979 vero
921 1940 983 1980 ut
1002 1931 1457 2006 regnum-accepit
1471 1947 1605 1985 mox

2 2006 51 2061 in
72 2007 219 2086 regia
239 2003 391 2073 urbe,
410 2008 706 2086 imaginem
725 2006 868 2064 illam
889 2006 1268 2076 venerandam,
1287 2012 1344 2065 in
1361 2030 1470 2088 qua
1485 2007 1606 2066 san-

0 2087 78 2163 }sta
94 2086 328 2166 synodus
348 2106 459 2144 erat
477 2088 687 2166 depieha.
711 2127 726 2155 ,
763 2094 815 2145 &
848 2087 877 2143 ὲ
910 2088 1209 2168 Philippico
1243 2088 1419 2157 {uerat
1456 2092 1605 2168 deje-

0 2169 78 2225 &ca
98 2209 115 2235 ,
149 2168 439 2249 pristinum
474 2171 530 2225 in
562 2172 749 2227 locum
783 2173 967 2226 erexit.
1009 2171 1116 2228 His
1148 2173 1341 2231 diebus
1368 2175 1606 2252 Tyberis

3 2248 188 2309 r'luvius
221 2255 294 2309 ita
329 2251 651 2320 inundavit,
689 2272 750 2309 ut
781 2252 995 2309 alveum
1014 2252 1168 2311 suum
1189 2255 1417 2335 egreffus
1435 2258 1606 2313 multa

4 2334 252 2392 Romanae
271 2330 457 2392 fecerit
473 2336 632 2392 exitia
649 2337 870 2399 civitati3
887 2337 961 2392 ita
979 2353 1037 2392 ut
1055 2339 1112 2392 in
1131 2342 1214 2394 via
1230 2345 1331 2396 lata
1351 2340 1601 2397 adunam

4 2420 45 2472 Sc
65 2414 221 2474 semis
239 2416 493 2475 staturam
515 2417 836 2475 excresceret
857 2458 872 2484 ,
891 2436 1053 2497 atque
1075 2419 1102 2474 a
1121 2441 1278 2498 porta
1298 2423 1474 2479 Sanffi
1495 2428 1595 2479 Pe-

5 2501 60 2555 :ri
95 2497 260 2577 usque
295 2499 360 2559 acl
396 2520 626 2579 pontem
663 2502 920 2562 Milvium
958 2522 1105 2582 aquae
1149 2501 1198 2562 se
1233 2504 1599 2563 distendentes

5 2587 402 2664 :onjungerent.
1113 2612 1115 2615 ’

724 2992 1019 3057 Mmmz-
1381 2996 1610 3057 CAP-
