1888 3428
260 151 703 223 Gom-'THECAE
742 148 1165 211 H1sToR1ffi
1204 155 1342 212 [ΑΒ.
1363 159 1407 211 Ι.
1523 171 1631 232 151

32 257 162 297 vum
181 234 388 295 facinus
407 238 462 294 in
485 234 626 317 iplos
656 233 802 292 bello
821 232 1240 292 vindicaturum.
1285 241 1360 294 At
1373 235 1636 295 Theuda-

30 339 120 380 tus
136 340 240 399 prae
259 323 422 376 animi
441 317 688 378 vecordia
704 357 722 384 ‚
752 313 875 373 cum
907 319 964 372 in
997 313 1209 373 honore
1227 314 1447 375 haberet
1462 320 1634 375 maxi-

33 424 130 460 mo
148 424 244 460 eos
263 405 356 481 qui
374 398 770 459 Amalasunthae
791 418 919 456 nece
938 395 987 455 se
1008 415 1417 456 cruentaverant
1436 435 1450 461 ‚
1471 405 1632 456 Petro

30 486 250 542 interim
280 482 484 564 ipfique
517 482 832 562 Imperatori
860 478 1157 559 persuasum
1179 479 1395 539 volebat
1414 522 1430 548 ,
1462 478 1511 536 se
1532 502 1638 536 no-

31 566 196 629 lente,
228 567 363 624 adeo
399 587 511 624 non
545 562 806 644 probante
828 603 843 629 ‚
873 562 1070 621 caedem
1102 563 1387 641 peractam.
1429 567 1642 618 Interea

31 667 180 726 parta
211 648 455 706 Belisario
492 644 596 704 fuit
630 644 696 703 de
727 644 1005 701 Gelimere
1035 651 1089 702 &
1121 644 1374 705 Vandalis
1393 645 1632 701 vi&oria.

30 735 216 809 Itaque
232 736 532 809 Imperator
548 769 565 795 ,
595 728 690 785 ubi
709 724 1104 785 Amalasunthae
1123 731 1330 784 exitum
1353 729 1638 806 cognovit,

31 815 220 869 omnia
235 815 438 892 paravit
454 811 598 868 bello
613 850 630 876 ,
649 829 850 866 annum
868 814 978 883 jam
994 810 1293 887 imperandi
1313 830 1527 866 nonum
1544 808 1641 865 ha-

32 892 187 951 benS.
229 900 289 950 In
321 893 376 950 id
397 891 676 950 Mundum
710 892 900 970 Illyrici
923 894 1185 949 exercitus
1204 892 1397 949 ducem
1428 895 1483 948 in
1505 892 1643 947 Dal-

30 977 250 1033 matiam
271 978 435 1034 mittit
457 993 730 1056 parentem
751 972 1001 1031 GotthiS.
1037 994 1094 1031 ac
1110 974 1231 1032 dare
1249 995 1470 1053 operam
1487 972 1644 1051 jubet

32 1057 250 1115 Salonas
268 1076 329 1115 ut
349 1077 572 1137 caperet.
618 1058 744 1115 Erat
763 1061 805 1113 is
825 1056 1072 1114 Mundus
1093 1074 1218 1114 ortu
1236 1055 1490 1113 barbarus
1511 1096 1528 1123 ,
1549 1074 1645 1112 cae-

28 1154 210 1196 terum
246 1137 387 1197 fidus
415 1142 736 1219 Imperatori
774 1160 831 1196 ac
860 1138 1006 1208 bello
1026 1141 1293 1219 egregius.
1336 1135 1646 1195 Belisarium

30 1238 216 1279 autem
238 1221 463 1279 navibus
485 1219 746 1300 proficisci
765 1219 920 1294 jubet
941 1265 954 1285 ‚
972 1227 975 1231 ’
995 1223 1190 1278 milites
1210 1219 1501 1277 habentem
1522 1218 1550 1276 ἐ
1568 1221 1648 1275 le-

30 1302 294 1382 gionibus
314 1325 370 1360 ac
391 1301 639 1361 federatis
658 1321 845 1381 quater
863 1303 1007 1359 mille
1036 1342 1054 1369 ‚
1085 1302 1383 1359 Isaurorum
1405 1321 1485 1357 ter
1507 1302 1648 1358 mille

32 1385 351 1443 admodum.
395 1390 658 1444 Praeerant
686 1384 768 1440 his
800 1385 922 1440 clari
958 1382 1212 1442 ductores
1252 1382 1648 1440 Constantinus

34 1473 91 1525 &
110 1466 292 1524 Bessus
309 1468 337 1524 e*
355 1465 587 1525 Thracia
622 1489 635 1523 ε
671 1470 927 1524 Peranius
945 1487 1008 1523 ex
1029 1488 1089 1523 ea
1116 1466 1290 1524 Iberia
1307 1486 1424 1544 quae
1447 1464 1649 1522 Medos

33 1553 253 1630 attingit
268 1593 284 1614 ,
322 1568 477 1607 natus
499 1548 719 1628 quidem
743 1563 810 1606 ex
827 1549 929 1605 illis
947 1566 1054 1604 erat
1073 1547 1237 1605 Iberis
1256 1552 1349 1626 qui
1370 1546 1645 1603 Persarum

32 1636 147 1713 regi
166 1628 422 1710 parebant
442 1671 459 1697 ‚
492 1628 612 1695 sed,
643 1650 762 1686 non
791 1628 1009 1685 insolito
1029 1627 1194 1687 Perfis
1214 1669 1232 1695 ,
1263 1628 1330 1688 ad
1360 1629 1649 1684 Romanos

32 1711 325 1772 tranfierat.
365 1712 624 1789 Equitem
640 1709 899 1789 regebant
918 1711 1258 1776 ValentinuS,
1280 1711 1542 1789 Magnus,
1558 1714 1650 1765 In-

33 1797 321 1854 nocentius
361 1815 376 1850 :
418 1794 662 1873 legiones
682 1791 1004 1850 Herodianu
1016 1813 1060 1859 S,
1081 1795 1294 1857 Paulus,
1310 1794 1649 1859 DemetriuS,

33 1875 307 1937 Vrficinus
341 1897 355 1932 ε
394 1873 578 1933 Isauris
607 1875 804 1934 ductor
834 1875 1034 1931 Ennas.
1084 1873 1457 1953 Sequebantur
1476 1881 1528 1931 &
1551 1894 1653 1930 au-

34 1961 174 2026 xilia,
191 1960 386 2016 Hunni
408 1957 659 2025 ducenti,
682 1958 862 2014 Mauri
881 1959 1133 2019 trecenti„
1169 1956 1434 2015 Vniverso
1455 1958 1652 2013 exerci-

35 2045 117 2099 tui
135 2040 407 2098 liberrima
425 2061 550 2098 cum
572 2037 832 2119 potestate
849 2037 1123 2097 Belisarius
1142 2037 1442 2119 imperabat
1460 2080 1477 2107 ,
1494 2036 1651 2096 satel-

36 2124 217 2180 litibus
237 2119 739 2202 prote&oribusque
778 2127 832 2179 &
868 2122 1052 2179 multis
1084 2118 1308 2199 stipatus
1327 2128 1380 2179 ὃς
1402 2123 1651 2200 egregiis,

37 2204 238 2264 Aderat
266 2211 320 2263 &
354 2204 585 2262 Photius
620 2205 919 2262 Antoninae
954 2200 1203 2261 Belisario
1238 2223 1419 2283 nuptae
1453 2202 1594 2260 filius
1625 2202 1653 2259 ἐ

38 2291 215 2368 priore
236 2293 467 2366 conjuge
496 2326 510 2347 ‚
547 2290 661 2360 ejus
679 2289 845 2343 aetatis
862 2306 967 2365 qua
985 2283 1120 2342 nasci
1139 2284 1301 2343 barba
1318 2288 1504 2363 incipit
1525 2329 1540 2351 ‚
1564 2288 1654 2340 in⁸⁵²

38 2373 201 2451 genio
221 2390 279 2428 ac
299 2369 526 2428 sollertia
543 2365 694 2448 supra
711 2387 903 2425 annm.
942 2366 1194 2425 Belisario
1213 2372 1647 2447 praeceperatlm-

39 2471 249 2532 perator
271 2497 284 2518 ‚
308 2449 511 2509 famam
531 2468 592 2509 ut
614 2449 1553 2532 spargeret-petentis·Carthaginem.
1601 2465 1655 2504 at

7 2529 18 2538 ⁸
42 2532 207 2591 ubiin
223 2535 454 2593 Siciliam
474 2552 700 2594 ventum
715 2530 840 2591 effet
860 2576 876 2598 ‚
911 2536 1060 2592 -velut
1098 2530 1399 2598 neceffitate
1435 2531 1653 2589 adaffus

45 2616 375 2685 exscendere,
395 2635 628 2675 tentaret
645 2658 661 2683 ‚
698 2612 875 2695 spesne
895 2613 1018 2673 esset
1034 2613 1340 2696 subigendae
1372 2613 1468 2672 sub
1488 2613 1656 2670 ditio-

47 2695 390 2756 neminsulae.
433 2699 584 2779 quod
615 2697 651 2756 fi
685 2695 864 2755 faciles
881 2695 931 2754 se
949 2697 1134 2756 darent
1157 2694 1411 2754 succeffus
1436 2737 1453 2763 ‚
1488 2715 1655 2752 occu-⁴

48 2796 223 2858 patam
241 2801 307 2837 ne
325 2776 617 2839 dimitteret
655 2806 666 2836 :
705 2778 741 2836 fi
776 2781 935 2836 nimis
965 2779 1019 2836 id
1052 2779 1304 2841 arduum,
1337 2783 1393 2837 in
1410 2773 1653 2834 Africam

48 2879 313 2941 pergeret,
348 2862 628 2921 confilium
656 2861 790 2919 illud
822 2859 1171 2920 diffimulans.
1211 2864 1391 2919 Etiam
1411 2859 1473 2918 ad
1495 2861 1658 2915 Fran-

52 2961 244 3002 corum
289 2949 550 3026 principes
584 2951 881 3024 Imperator
911 2942 1111 3022 scripsit
1144 2945 1289 3003 hunc
1323 2947 1379 3003 in
1411 2938 1666 3077 mgdunf:

974 3028 1030 3083 K
1074 3046 1113 3102 4
1527 3035 1673 3076 ottu
