1888 3428
190 158 597 217 Hisromffi
635 156 1118 219 VANDAmcAE
1154 154 1295 209 Lm,
1339 159 1412 214 11.
1561 174 1639 235 75

39 261 147 322 que
166 240 450 320 diligentiae
470 236 817 318 speffi'tataeque
843 237 1060 293 virtutis
1075 274 1093 302 ‚
1112 255 1423 313 quanquam
1455 238 1648 298 Heru-

42 323 126 382 lus
145 341 323 403 gente.
367 319 460 378 Est
478 338 658 378 autem
685 336 746 396 ut
775 338 953 373 rarum
976 319 1047 373 ita
1074 314 1284 373 summe
1312 319 1572 379 laudabile
1606 321 1647 380 fi

43 410 164 485 quis
195 405 433 462 Herulus
453 424 551 482 pro
575 397 792 481 perfidia
813 405 868 455 δε
889 400 1186 456 vinolentia
1206 440 1222 465 ,
1251 400 1545 478 gentilibus
1564 405 1650 460 vi'-

44 490 164 554 tiis,
197 484 420 543 honesta
455 484 705 542 induerit.
746 483 941 559 Neque
973 479 1167 537 Pharas
1185 500 1398 538 tanturn
1419 487 1557 562 aequi
1593 492 1649 543 &

44 568 318 626 modestiae
354 588 593 633 memor,
625 563 712 621 sed
732 569 786 621 &
805 567 900 642 qui
919 561 1095 620 secum
1114 582 1264 621 erant
1292 565 1536 621 Herulos
1555 587 1651 622 ex-

45 654 229 729 emplo
257 654 313 706 in
350 651 533 707 eadem
555 664 802 703 traxerat.
846 647 1014 702 Hunc
1034 650 1214 704 virum
1250 645 1528 704 Belisarius
1557 669 1650 726 pet·

44 731 294 811 hyemem
313 732 539 789 adsidere
560 731 763 786 montis
795 729 917 806 pedi
944 727 1190 804 jufferat,
1227 728 1281 786 id
1302 727 1523 787 sollicite
1555 752 1654 788 cu—

44 834 252 872 rantem
269 858 285 879 ‚
319 836 385 871 ne
408 832 500 882 aut
518 811 702 869 abirea
723 829 913 867 monte
933 809 1102 890 posset
1123 811 1374 868 Gelimer
1392 852 1408 873 ,
1444 830 1535 869 aut
1555 834 1652 869 ne-

44 895 251 954 ceffaria
271 917 335 952 eo
356 898 576 973 portari.
617 891 936 972 Exsequitur
954 894 1008 952 id
1025 893 1237 952 Pharas.
1267 892 1547 951 Belisarius
1566 899 1656 951 in-

41 982 198 1036 terim
219 979 487 1038 Vandalos
504 1019 522 1044 ,
558 980 652 1057 qui
670 974 953 1033 nobilitate
982 980 1038 1032 &
1066 973 1371 1034 honoribus
1388 980 1529 1034 inter
1549 999 1656 1057 po-

46 1060 275 1118 tiffimos
307 1062 572 1139 Hippone
592 1063 745 1139 regio
769 1059 834 1115 ad
865 1060 1068 1137 templa
1096 1058 1359 1138 supplices
1376 1055 1652 1138 fugerant,

45 1147 166 1201 vitae
186 1143 598 1201 cettosabduxit
617 1141 742 1199 inde
759 1183 774 1208 ,
797 1147 852 1198 δε
871 1141 1004 1199 datis
1019 1140 1334 1200 custodibus
1355 1142 1495 1198 mifit
1516 1145 1654 1200 Car-

45 1224 339 1304 thaginem.
374 1228 525 1283 Novi
558 1223 759 1302 aliquid
789 1226 838 1279 ei
871 1222 966 1280 sub
1001 1225 1054 1281 id
1082 1243 1298 1303 tempus
1325 1222 1516 1281 evenit.
1560 1230 1655 1281 In-

46 1324 128 1364 ter
161 1308 449 1365 Gelimeris
492 1304 818 1371 domesticos
849 1303 1161 1363 Bonifacius
1192 1325 1305 1363 erat
1347 1304 1656 1386 Aferassy-

49 1391 232 1457 zaci0,
265 1387 404 1448 fidus
430 1394 544 1469 regi
576 1390 864 1467 imprimis.
905 1389 1049 1444 Eum
1083 1388 1330 1445 Gelimer
1362 1393 1497 1446 circa
1530 1388 1656 1448 belli

49 1473 201 1528 initia
234 1472 516 1531 celerrimae
552 1475 674 1527 navi
704 1468 1020 1547 impolitum
1041 1511 1058 1538 ‚
1111 1492 1227 1550 quae
1262 1469 1414 1528 fimul
1450 1474 1656 1551 regiam

48 1574 235 1632 gazam
258 1552 475 1612 veheret
491 1595 507 1621 ,
532 1550 746 1627 jufferat
762 1554 1025 1631 Hippona
1042 1556 1250 1631 regium
1267 1593 1283 1619 ,
1306 1550 1342 1607 fi
1362 1573 1442 1608 res
1461 1551 1556 1631 ipsi
1575 1551 1658 1610 se-

50 1639 208 1713 quius
227 1635 508 1700 caderent,
546 1653 707 1713 atque
728 1631 854 1689 inde
876 1674 892 1700 ‚
928 1653 1053 1688 cum
1085 1633 1285 1710 opibus
1317 1632 1414 1690 fibi
1444 1634 1658 1691 creditis

51 1719 107 1774 in
132 1715 442 1795 Hispaniam
495 1720 744 1795 navigare
790 1715 856 1771 ad
889 1712 1170 1772 Theudim
1209 1714 1658 1795 Viligotthorum

52 1803 346 1877 principem
366 1839 382 1866 ,
425 1799 578 1878 quod
614 1805 670 1856 &
700 1794 806 1876 ipse
836 1795 931 1853 fibi
966 1795 1274 1876 perfugium
1298 1838 1313 1865 ,
1348 1797 1658 1857 adversante

54 1878 196 1938 forte
218 1881 470 1940 Vandalis
485 1881 609 1939 belli
627 1879 847 1939 fortuna
866 1885 1079 1946 ‚animo
1099 1878 1472 1938 destinaverat.
1493 1882 1659 1938 Man-

54 1960 185 2020 serat
201 1965 459 2043 Hippone
479 1967 631 2045 regio
666 1960 979 2021 Bonifacius
1012 1964 1273 2043 quamdiu
1308 1962 1471 2020 rebus
1502 1968 1658 2022 Van-

54 2039 297 2103 dalorum
328 2046 442 2126 spes
475 2047 648 2126 aliqua
665 2044 952 2124 supererat.
995 2044 1284 2125 Postquam
1306 2050 1508 2104 veroin
1526 2048 1660 2104 Tri-

56 2146 263 2185 camaro
284 2148 587 2210 pugnatum
605 2171 622 2198 ‚
667 2134 720 2186 ἃ
742 2130 839 2185 alia
855 2149 971 2206 quae
989 2131 1319 2186 narravimus
1343 2148 1660 2196 evenerant,

55 2210 186 2268 velis
204 2208 352 2269 factis
371 2216 713 2292 navigaverat
730 2232 844 2290 quo
865 2210 1188 2270 &Gelimere
1199 2208 1363 2286 jussus
1380 2232 1509 2273 erat.
1555 2212 1660 2270 Sed

57 2297 231 2350 ventis
273 2299 610 2374 pertinaciter
650 2292 1050 2354 adversantibus
1098 2298 1291 2352 nolens
1343 2295 1536 2352 relatus
1583 2291 1660 2351 est

57 2375 318 2455 Hippona
337 2381 551 2460 regium
583 2377 724 2435 unde
744 2396 974 2436 venerat.
1018 2380 1100 2434 At
1129 2380 1185 2434 in
1209 2371 1521 2457 propinquo
1558 2374 1662 2459 effe

58 2454 267 2515 hostem
297 2463 601 2543 intelligens
635 2460 807 2517 multa
833 2478 1076 2539 precatus
1093 2501 1113 2528 ,
1151 2460 1322 2516 multa
1355 2461 1658 2538 pollicitus,

59 2539 284 2620 urgebat
317 2563 506 2605 nautas
541 2542 672 2601 nihil
705 2563 879 2622 operae
911 2544 1228 2600 omitterent
1249 2584 1265 2611 ,
1299 2564 1413 2621 quo
1442 2546 1497 2599 in
1517 2542 1661 2600 aliud

59 2621 208 2679 littus
240 2644 331 2682 aut
359 2627 582 2686 insulam
603 2629 925 2705 perveniret.
968 2629 1046 2684 At
1065 2645 1188 2682 cum
1207 2627 1530 2704 nequirent,
1561 2646 1663 2682 au-

61 2702 303 2781 gescente
320 2715 519 2790 quippe
548 2707 897 2790 tempestate,
935 2730 1041 2790 qua
1074 2708 1348 2788 Tyrrheni
1378 2710 1535 2766 maris
1553 2705 1661 2764 flu-

65 2789 184 2844 &us
218 2792 412 2850 mirum
448 2810 713 2871 quantum
747 2793 919 2849 attolli
952 2792 1162 2859 solent,
1195 2797 1250 2848 δε
1285 2788 1572 2847 Bonifacio
1605 2795 1661 2845 δε

64 2874 239 2927 nautis
257 2876 438 2932 incidit
457 2878 721 2955 cogitatio
741 2916 759 2941 ‚
785 2877 971 2939 Deum
994 2875 1260 2930 Romanis
1278 2894 1411 2950 opes
1431 2874 1543 2929 illas
1562 2872 1660 2927 do-

23 2968 186 3019 jnare
206 2950 513 3034 cupientem
529 2978 642 3014 non
661 2960 771 3037 pati
790 2977 984 3019 navem
1004 2957 1171 3015 altum
1192 2953 1539 3035 prehendere.
1571 2956 1662 3007 vix

1502 3052 1662 3112 portu
