1888 3428
231 121 349 199 538
473 114 1420 199 Egc'ERfPTAExAGm-mffi
1462 111 1680 173 HlsT.

227 198 481 283 praesente
511 196 750 257 fortuna.
793 194 1004 255 Narseti
1022 193 1146 254 duci
1176 194 1441 273 putabant
1460 192 1850 254 nonsssatisani-
1875 205 1886 268 ςζ

230 289 308 342 mi
325 280 446 341 fore
467 282 532 341 ad
547 285 660 342 vim·
681 278 920 361 ipsorum
940 277 1348 358 exspectandam
1368 304 1381 337 :
1407 273 1737 335 rsuam'illico
1756 276 1849 335 fo-
1869 271 1886 340 i

229 389 285 425 re
303 369 507 426 Italiam
528 386 778 432 omnem,
813 358 1128 421 accessuram
1150 360 1344 433 deinde
1365 363 1615 419 Siciliam.
1661 363 1850 440 Nega-
1878 377 1885 412 ί

230 450 364 508 bant
384 448 504 507 satis
525 450 702 505 mirari
722 446 772 506 se
789 442 970 527 posse,
1014 443 1168 525 quod
1199 441 1404 508 Gotthi
1435 446 1508 502 ita
1535 445 1851 521 expavesce-

230 551 351 591 rent
367 531 770 601 homunculum
796 569 813 595 ‚
846 526 1108 586 cubilium
1129 524 1438 593 custodem,
1479 525 1749 583 umbratili
1771 529 1852 581 vi-

229 634 295 675 tae
315 617 665 694 mollitiaeque
697 612 957 670 affuetum
976 652 992 678 ,
1027 613 1112 667 cui
1146 611 1296 665 virile
1316 612 1611 688 quicquam
1634 629 1730 665 nec
1752 630 1850 665 nan-

228 716 351 757 tura
382 699 736 777 permitteret.
779 698 851 752 ita
883 692 978 750 fibi
1003 695 1269 771 placentes
1306 713 1364 748 ac
1399 690 1744 772 gloriabundi
1763 693 1876 747 inv

229 801 366 862 gens
385 783 732 837 conciverant
752 781 994 835 virorum
1012 773 1242 833 fortium
1276 796 1474 855 agmen
1503 797 1566 831 ex
1587 776 1852 831 Aleman-

232 867 318 921 nis
350 865 675 940 Francisque
694 903 711 929 ‚
747 860 810 917 ad
845 861 1092 939 quinque
1112 865 1166 916 &
1196 856 1530 937 septuaginta
1555 855 1851 913 hominum

230 946 400 1006 millia
415 986 433 1010 ‚
458 943 918 1023 impellebantque
939 942 1140 998 bellum
1160 983 1176 1008 ‚
1207 942 1472 1016 velutjam
1497 962 1624 998 mox
1647 942 1851 996 Italiam

231 1031 576 1106 Siciliamque
595 1028 818 1103 rapturi.
861 1021 1178 1090 Narse5‚etfi
1203 1045 1316 1081 non
1337 1026 1521 1079 omnia
1541 1025 1725 1080 exacte
1747 1043 1855 1079 no-

229 1130 380 1169 verat
401 1151 417 1178 ‚
458 1130 581 1166 cura
599 1107 859 1185 providus
882 1147 897 1173 ‚
925 1127 1227 1184 omnesque
1246 1103 1488 1162 hostium
1508 1124 1737 1163 conatus
1757 1126 1855 1161 an·-

231 1196 365 1250 teire
386 1211 646 1270 properus
667 1230 682 1256 ‚
718 1188 897 1245 statim
916 1186 1162 1248 Thusciae
1186 1188 1386 1266 oppida
1406 1228 1423 1252 ,
1467 1208 1585 1266 quae
1621 1184 1854 1246 Gotthis
1881 1183 1884 1187 ’

233 1278 396 1333 etiam
419 1293 552 1330 tunc
586 1268 993 1350 poffidebantur
1009 1311 1026 1338 ‚
1069 1273 1119 1326 vi
1140 1270 1458 1348 perdomare
1492 1270 1689 1339 statuit.
1730 1270 1853 1326 Ne-

231 1378 342 1438 que
376 1356 630 1414 enimille
664 1373 759 1412 aut
776 1355 1001 1412 victoria
1031 1350 1186 1431 supra
1221 1352 1451 1410 modum
1472 1368 1688 1410 tumens
1707 1350 1854 1408 inso-

228 1442 413 1498 lentiae
431 1437 481 1497 se
499 1437 659 1497 dabat
679 1478 696 1505 ‚
729 1456 856 1504 nec,
878 1434 1028 1515 quod
1049 1453 1370 1495 eventurum
1393 1456 1562 1515 prope
1584 1438 1753 1493 cuivis
1771 1436 1856 1492 alii

230 1521 406 1581 fuerat
423 1562 437 1588 ,
474 1543 537 1578 ex
561 1519 838 1577 laboribus
861 1522 916 1575 in
944 1522 1122 1575 otium
1141 1539 1198 1574 ac
1218 1518 1432 1579 delicias
1452 1517 1855 1582 revolvebatur,

231 1604 324 1664 sed
345 1622 405 1662 ut
437 1603 680 1684 quidque
715 1606 1046 1684 cogitaverat
1080 1599 1374 1679 exsequens
1407 1601 1668 1660 movebat
1696 1621 1853 1656 exer—

233 1692 400 1745 citum
422 1728 438 1753 ‚
477 1705 536 1743 ut
553 1705 698 1742 nunc
734 1687 943 1742 Cumas
961 1681 1152 1741 versus.
1197 1683 1289 1740 Est
1323 1683 1376 1741 id
1395 1685 1663 1763 oppidum
1689 1684 1851 1740 Italiae

231 1768 596 1827 firmissimum
612 1809 627 1835 ‚
680 1773 735 1824 δε
774 1763 1082 1845 perdifficile
1118 1784 1450 1845 expugnatu.
1496 1765 1656 1822 s1tum
1691 1764 1765 1821 est
1794 1769 1852 1821 in

233 1852 403 1911 arduo
425 1857 477 1909 &
499 1853 585 1909 vix
605 1849 810 1907 aditum
830 1848 1146 1906 admittente
1166 1849 1302 1905 colle
1322 1889 1338 1916 ‚
1374 1847 1515 1906 unde
1531 1851 1585 1904 in
1607 1846 1852 1927 Tyrrhe-

233 1944 367 1993 num
399 1955 543 1991 mare
564 1930 842 2011 despectus
876 1930 983 1986 est:
1014 1932 1216 2010 quippe
1252 1952 1314 1987 ex
1350 1929 1461 2007 ipso
1497 1932 1679 1987 littore
1699 1931 1853 1989 collis

232 2018 429 2083 editur,
448 2021 519 2073 ita
540 2032 598 2072 ut
616 2014 738 2093 pedi
757 2019 872 2089 ejus
892 2010 1193 2091 adstrepant
1212 2011 1327 2070 illifi
1343 2008 1608 2092 fraffique
1627 2011 1848 2070 fluctus·

232 2098 387 2178 supra
420 2096 539 2156 sunt
574 2098 764 2154 maenia
807 2094 1050 2153 turribus
1089 2100 1144 2151 δε
1182 2097 1600 2175 propugnaculis
1636 2097 1852 2176 egregie

233 2178 448 2240 defensa
463 2180 652 2237 Totila
677 2180 926 2256 Te‘iaque
944 2177 1295 2257 regnantibus
1314 2217 1331 2243 ‚
1364 2178 1623 2258 quicquid
1642 2181 1862 2235 raritate*

233 2262 520 2344 specstabile
543 2280 632 2319 aut
652 2263 830 2340 pretio
852 2281 1032 2319 carum
1052 2259 1321 2317 habebant
1354 2281 1445 2317 aut
1463 2258 1556 2340 ipfi
1581 2279 1672 2316 aut
1693 2261 1848 2317 Got-

231 2346 341 2413 thi,
378 2345 433 2403 id
463 2349 518 2402 in
541 2342 645 2400 hoc
676 2346 800 2401 loco
836 2361 896 2400 ut
923 2345 1179 2400 omnium
1214 2342 1480 2400 tutiffimo
1514 2341 1850 2400 abdiderant.

235 2430 488 2487 Gnarum
507 2425 561 2483 id
578 2423 786 2484 Narseti
804 2447 820 2492 3
842 2446 1018 2505 eoque
1039 2428 1210 2505 magis
1226 2423 1484 2505 flagrabat
1502 2431 1556 2481 &
1576 2424 1846 2504 oppidum

236 2517 291 2569 δι
312 2513 560 2590 pecunias
589 2528 774 2587 capere
792 2548 809 2575 ‚
841 2526 961 2564 tum
980 2530 1047 2565 ne
1079 2507 1204 2565 belli
1222 2506 1400 2565 sedem
1418 2507 1676 2565 haberent
1692 2506 1847 2565 Got-

237 2593 316 2652 thi
336 2593 477 2651 uncle
512 2592 714 2647 Italiam
735 2587 1078 2657 infestarent,
1117 2607 1237 2647 tum
1258 2607 1318 2646 ut
1336 2588 1614 2669 plenaipse
1639 2587 1849 2647 absolu·.

233 2695 397 2754 taque
414 2666 636 2731 vicioria
651 2675 939 2751 potiretur.
983 2675 1110 2730 Erat
1129 2676 1183 2729 in
1202 2671 1408 2752 oppido
1432 2673 1722 2752 Aligernus
1740 2668 1848 2728 fra-
1886 2654 1888 2751 i

233 2776 379 2816 trum
397 2760 548 2813 Tc'i'ae
568 2795 584 2822 ,
619 2759 712 2835 qui
744 2755 975 2813 Gotthis
993 2757 1345 2833 imperaverat
1364 2797 1381 2822 ,
1415 2775 1541 2812 natu
1563 2758 1844 2820 minimuS‚

236 2861 360 2898 cum
381 2842 616 2897 exercitu
637 2856 869 2916 quantus
901 2857 1154 2916 potuerat
1185 2839 1400 2917 colligi,
1430 2836 1458 2893 a
1493 2858 1619 2915 pace
1641 2838 1845 2893 alienus

234 2927 453 2993 animO,
495 2941 807 3004 quanquam
842 2926 895 2979 &
915 2920 1057 2980 bello
1078 2916 1311 2979 cecidisse
1329 2921 1528 2978 Teiam
1554 2961 1570 2990 ‚
1603 2924 1658 2977 δε
1690 2918 1875 2975 Got-‘

464 3018 467 3020 ’
1619 2999 1846 3059 thorum
