1888 3428
255 190 338 254 152
527 168 965 232 '‘Pnacovn
1009 170 1561 230 CAE'SAREENsrs

258 278 330 334 ga
359 253 598 314 Romani
630 254 696 315 ad
731 259 916 314 locum
952 255 1217 314 devenere
1238 295 1253 316 ,
1289 256 1384 331 qui
1416 250 1620 331 septem
1652 248 1816 311 stadia
1842 254 1872 317 εἰ

256 341 498 397 Decimo
519 337 663 397 abest
683 380 700 405 ‚
736 337 831 395 ubi
861 355 981 395 turn
1000 335 1141 394 forte
1161 352 1274 393 erat
1304 335 1498 393 Vliaris
1515 334 1714 393 satelles
1730 338 1875 394 Beli„

257 418 376 479 sarii
389 425 515 479 cum
536 419 939 500 protectoribus
957 419 1287 500 offingentis
1307 439 1321 473 ε
1355 437 1589 496 cumque
1606 414 1874 497 exspecta-

257 519 378 560 rent
395 543 410 565 ‚
451 522 513 562 ut
529 500 723 562 Vliaris
742 508 795 560 δε
814 505 1049 582 quicum
1069 523 1137 558 eo
1157 542 1174 568 ,
1206 496 1347 577 ipsos
1364 498 1558 556 restare
1588 518 1872 579 cogerent,

255 583 523 664 fimulque
548 588 603 643 in
621 584 899 644 Vandalos
914 586 1053 642 irent
1073 624 1088 645 ‚
1121 599 1310 640 contra
1328 584 1511 639 evenit
1525 622 1543 648 ‚
1575 600 1636 638 ut
1656 581 1711 638 hi
1733 579 1783 639 se
1804 583 1875 639 il-

255 668 324 724 lis
341 664 484 748 fugae
504 670 735 725 comites
754 667 943 724 darent
962 708 980 735 ‚
1012 664 1292 744 effusoque
1308 662 1459 721 cursu
1481 663 1544 720 ad
1561 661 1888 726 Belisarium⁴

256 746 548 808 ferrentur.
597 751 738 806 Heic
756 748 931 807 dicere
949 768 1165 827 nequeo
1181 787 1198 814 ‚
1233 767 1395 826 quate
1417 762 1606 803 motus
1625 746 1874 804 Gelimer

254 847 530 911 promtam
550 830 646 889 fibi
669 831 953 890 vid'toriam
972 829 1163 910 sponte
1183 828 1457 886 tradiderit
1478 826 1726 885 hostibus
1738 866 1756 896 ,
1783 831 1872 886 ni*

256 911 306 970 fi>
316 909 458 971 forte
478 918 638 971 etiam
655 912 946 971 hominum
967 911 1345 992 imprudenter
1362 907 1501 981 facffta
1525 909 1590 967 ad
1607 911 1715 968 Dei
1735 932 1876 969 con-

252 988 434 1053 silium
469 994 745 1054 referenda
776 993 899 1053 sunt
931 1036 947 1062 ‚
1009 998 1106 1074 qui
1136 991 1392 1052 succeffus
1426 991 1716 1050 hominum
1749 1013 1875 1050 cora-

254 1095 514 1157 rupturus
533 1078 599 1135 ab
620 1082 803 1135 animo
823 1079 1012 1155 incipit
1034 1117 1051 1143 ‚
1086 1097 1185 1133 nec
1202 1075 1322 1133 [init
1340 1079 1395 1132 in
1415 1094 1659 1133 mentem
1691 1078 1884 1134 venire»

254 1180 376 1237 qurae
396 1160 518 1217 usus
537 1159 682 1217 facto
702 1158 794 1216 est.
832 1160 981 1215 Nam
1008 1156 1046 1214 fi
1065 1156 1344 1215 confestim
1365 1156 1626 1215 institiffet
1653 1154 1875 1237 fugien-

160 1294 164 1297 .
252 1240 424 1307 tibus,
442 1264 539 1300 nec
555 1241 729 1321 ipsum
746 1238 1051 1298 Belisariurn
1066 1237 1415 1296 substiturum
1435 1238 1585 1296 fuiffe
1603 1238 1873 1308 existimO,

253 1321 343 1379 sed
360 1320 657 1380 secuturam
676 1321 836 1380 rebus
860 1321 1052 1379 nostris
1073 1323 1379 1401 pernitiem.
1396 1323 1580 1379 Tanta
1608 1339 1740 1378 tunc
1758 1340 1874 1379 cre-

254 1404 367 1461 dita
384 1405 757 1463 Vandalorum
777 1404 1075 1461 multitudo
1095 1447 1109 1468 ‚
1130 1421 1279 1460 tanta
1296 1423 1490 1460 eorum
1509 1404 1651 1483 apud
1664 1405 1873 1462 Roma-

255 1506 360 1543 nos
377 1483 621 1545 formido
639 1504 770 1543 erat.
811 1490 930 1544 Aut
947 1484 982 1543 fi
1002 1482 1325 1566 properasset
1345 1484 1734 1567 Carthaginem
1752 1527 1769 1555 ,
1785 1489 1874 1544 in-

256 1567 545 1626 teremiffet
565 1589 759 1625 omnes
778 1590 874 1640 eos
892 1571 985 1646 qui
1006 1588 1130 1623 cum
1149 1567 1389 1625 Iohanne
1406 1587 1556 1624 erant
1574 1603 1592 1635 ›,
1627 1572 1724 1647 qui
1740 1586 1872 1627 tunc

256 1647 424 1707 securi
442 1649 561 1707 heic
585 1648 778 1728 singuli
797 1689 813 1716 ‚
829 1650 935 1709 illic
955 1649 1071 1704 bini
1093 1670 1186 1728 per
1204 1670 1425 1727 campos
1441 1649 1791 1708 ambulabant
1810 1657 1871 1709 &

256 1735 494 1789 mortuis
526 1730 878 1789 detrahebant
909 1728 1073 1809 spolia
1097 1771 1113 1798 ‚
1148 1732 1453 1810 urbemque
1472 1753 1597 1788 cum
1628 1737 1869 1811 pecuniis

258 1814 524 1871 omnibus
557 1810 795 1870 servasset
814 1856 829 1878 ,
876 1834 1038 1870 naves
1068 1807 1296 1892 insuper
1312 1813 1621 1871 nostrorum
1658 1815 1870 1894 cepiflet

259 1916 376 1954 non
397 1899 581 1974 procul
602 1894 795 1975 pofitas
809 1935 828 1961 ‚
860 1915 1036 1972 neque
1055 1896 1293 1954 viffitoriae
1311 1914 1521 1953 tantum
1543 1937 1560 1964 ,
1591 1895 1680 1955 sed
1697 1904 1752 1955 &
1767 1896 1870 1954 aba·

256 1978 365 2035 itus
385 1977 545 2035 nobis
563 1975 708 2055 spem
725 1974 1048 2057 praecidiffet.
1065 1979 1144 2034 At
1162 1979 1248 2036 ille
1267 1976 1294 2034 ὲ
1312 1977 1532 2036 duobus
1548 1978 1712 2037 bonis
1730 2000 1869 2037 cone·

258 2058 384 2117 filiis
418 2078 673 2117 neutrum
708 2062 878 2138 cepit,
907 2056 995 2116 sed
1012 2061 1162 2116 lento
1191 2060 1361 2141 gradu
1378 2060 1443 2118 de
1476 2063 1616 2119 colle
1648 2060 1868 2120 descen..

257 2140 393 2199 dens
411 2181 429 2209 ‚
465 2141 560 2199 ubi
579 2141 642 2198 ad
665 2144 817 2220 plana
836 2144 985 2198 venit
1000 2182 1016 2208 ‚
1053 2145 1369 2222 mortuique
1396 2140 1569 2201 fratris
1588 2144 1724 2202 vidit
1742 2165 1868 2202 cor-

255 2245 361 2303 pus
381 2265 398 2291 ‚
435 2224 501 2281 ad
529 2226 761 2282 lamenta
782 2221 957 2281 versus
978 2229 1030 2280 &
1063 2224 1128 2282 ad
1153 2224 1414 2283 humandi
1438 2246 1620 2284 curam
1639 2268 1658 2295 ,
1690 2226 1865 2285 obtu-b

258 2304 338 2362 dit
357 2308 523 2363 aciem
545 2305 837 2363 occasionis
855 2346 871 2372 ,
907 2327 1022 2362 non
1040 2307 1409 2386 recuperandae
1431 2306 1632 2386 postea.
1668 2312 1747 2366 At
1764 2312 1867 2367 Be-

255 2388 455 2446 lisarius
474 2425 489 2450 ³
521 2388 618 2460 ubi
634 2384 906 2468 fugientes
937 2386 1125 2445 habuit
1156 2389 1355 2447 obvios
1378 2430 1396 2457 ‚
1425 2389 1557 2447 stare
1579 2411 1672 2448 eos
1685 2390 1866 2466 jubet,

259 2474 317 2528 δε
334 2470 400 2528 de
418 2491 573 2527 more
590 2473 646 2527 in
665 2470 884 2527 ordines
912 2469 1148 2551 digestos
1166 2471 1342 2530 verbis
1359 2468 1592 2551 castigat.
1641 2473 1754 2531 Vbi
1772 2495 1865 2531 au·-

192 2592 197 2594 -
257 2569 371 2610 tem
388 2555 659 2610 Ammatae
679 2552 862 2610 didicit
876 2571 1114 2610 mortem
1128 2595 1146 2622 ‚
1180 2551 1509 2611 &Iohannis
1538 2574 1620 2611 res
1637 2554 1865 2635 prospe·
1886 2574 1888 2633 j

257 2655 342 2691 ras
359 2675 377 2702 ‚
405 2636 708 2712 cunctaque
739 2632 975 2691 hostium
1004 2641 1058 2692 &
1088 2639 1336 2693 locorum
1366 2636 1744 2713 percunctatus
1762 2637 1888 2706 est-,j

260 2715 438 2775 effufis
465 2715 689 2774 habenis
720 2717 776 2772 in
794 2716 1131 2774 Gelimerem
1161 2722 1217 2774 δε
1248 2720 1302 2776 V
1305 2717 1523 2775 andalos
1544 2715 1734 2778 fertur.
1780 2718 1888 2795 Illi}

257 2798 467 2874 disjeffi
485 2816 647 2878 atque
678 2801 925 2878 imparati
953 2800 1066 2857 vim
1096 2801 1407 2858 Romanam
1436 2821 1552 2858 non
1572 2803 1888 2880 pertulere‚;

257 2877 349 2938 sed
381 2901 545 2959 quam
581 2877 837 2959 ocyffime
869 2898 1117 2958 poterant
1152 2902 1267 2940 non
1303 2880 1690 2964 Carthaginem
1706 2925 1723 2951 ‚
1758 2900 1861 2941 nec'

254 2963 543 3042 Byzacium
563 3003 583 3035 2
612 2962 757 3023 unde
791 2980 1047 3026 venerant
1070 3004 1090 3037 ‚
1111 2960 1201 3024 sed
1228 2967 1287 3026 in
1303 2984 1555 3046 campum
1585 2970 1682 3049 qui
1704 2965 1858 3024 Bulae

615 3057 618 3060 ’
1716 3046 1853 3108 dicia·
1881 3056 1888 3131 ᾗ

1886 3134 1888 3156 ¹
