1888 3428
227 148 681 217 Cro-rfrmcffi
718 135 1139 197 HISTORIAE
1179 142 1412 200 L1n.1.
1555 175 1664 226 ,07

50 223 367 304 pervigilare
387 224 444 280 in
464 226 625 281 armis
640 223 866 280 militem
878 218 1057 297 jubet,
1075 221 1422 282 audaciffimo
1442 245 1668 308 quoque

50 307 118 364 ad
152 304 203 363 se
244 307 415 363 accito
452 305 517 364 ad
537 303 658 364 usus
692 302 922 362 subitos.
970 302 1074 360 Sed
1093 324 1287 361 eorum
1319 309 1485 383 quiin
1504 315 1668 388 oppi-

49 390 183 446 dum
201 386 415 446 fuerant
436 391 560 446 ituri
578 407 694 467 pars
712 390 887 459 major
905 426 922 454 ,
943 387 1241 464 periculum
1263 391 1513 445 exterrita
1529 431 1549 457 ,
1577 413 1665 449 re-

49 487 138 528 tro
158 474 305 531 venit
325 493 340 528 z
375 492 515 551 quos
532 467 659 528 cum
679 467 922 547 Magnus
945 510 961 537 ,
976 486 1038 525 ut
1056 466 1107 526 se
1128 471 1521 527 comitarentur
1537 477 1665 531 nul—

45 552 95 610 la
128 556 339 611 ratione
358 551 608 632 potuiffet
639 571 996 630 permovere,
1029 550 1188 608 rediit
1218 558 1272 609 δε
1293 550 1401 630 ipse
1436 572 1564 618 cum
1597 557 1663 613 iis

45 634 113 692 ad
129 633 455 693 Belisarium.
496 632 835 714 Exprobrata
867 632 948 690 his
968 635 1205 709 multum
1237 636 1447 714 ignavia
1465 634 1663 694 Belisa-

46 720 159 773 rius
177 759 195 786 ,
231 718 475 775 ducentis
492 716 558 775 de
582 714 680 774 suo
699 719 965 773 comitatu
985 716 1135 774 lectis
1149 718 1379 794 imperat
1395 738 1520 774 cum
1539 719 1660 776 Ma·
1701 770 1711 779 ,

43 818 160 878 gno
181 818 242 856 ut
260 817 400 857 eant.
435 796 541 877 ipse
569 795 620 855 se
638 796 720 855 his
751 797 978 855 addebat
998 798 1195 855 ducem
1214 797 1476 866 PhotiuS,
1511 805 1660 876 jam-

42 902 150 959 que
167 885 223 938 in
243 883 477 938 canalem
498 878 754 939 defilierat
769 922 788 948 ,
822 901 947 938 cum
967 880 996 937 a
1011 878 1264 939 Belisario
1283 900 1525 940 retentus
1559 884 1650 941 est.

40 964 287 1020 Tantum
308 982 488 1020 tamen
508 962 673 1022 valuit
691 969 746 1021 &
763 962 994 1020 Belisarii
1010 962 1173 1042 ipsius
1195 971 1249 1021 δε
1274 964 1460 1022 Photii
1477 962 1656 1025 severa

35 1045 333 1124 increpatio
362 1085 380 1111 ‚
415 1064 475 1102 ut
506 1050 600 1125 qui
617 1047 917 1125 periculum
939 1043 1277 1127 refugerant,
1297 1050 1345 1104 ei
1375 1047 1422 1104 se
1443 1047 1654 1108 rursum

34 1130 344 1206 ingerentes
364 1129 504 1186 viam
524 1149 649 1185 cum
669 1129 781 1185 aliis
798 1148 1062 1208 caperent.
1104 1132 1185 1187 At
1200 1127 1495 1196 BelisariUS‚
1515 1152 1652 1211 prae-

35 1228 288 1268 metuens
324 1231 391 1267 ne
422 1214 747 1269 tentamenti
781 1208 958 1268 sensus
994 1212 1059 1269 ad
1087 1211 1268 1268 hostes
1306 1217 1463 1269 turris
1482 1215 1651 1273 canali

37 1294 378 1350 imminentis
395 1291 642 1351 custodes
661 1297 966 1372 perveniret
982 1334 999 1361 ,
1031 1292 1139 1373 ipse
1160 1315 1226 1351 eo
1245 1294 1479 1361 vadens,
1505 1294 1649 1356 ssesae

31 1377 274 1455 praecipit
308 1372 583 1432 Gotthico
612 1373 862 1433 sermone
891 1374 1145 1432 barbaros
1166 1377 1403 1454 alloqui,
1440 1398 1506 1433 ne
1526 1382 1650 1456 quis

32 1477 311 1515 armorum
341 1454 593 1535 strepitus
616 1457 682 1514 ad
711 1477 863 1514 aures
896 1478 1090 1515 eorum
1124 1462 1473 1538 pertingeret.
1516 1458 1648 1518 Besa

29 1559 236 1620 magno
270 1540 506 1596 clamore
536 1560 632 1596 eos
666 1538 916 1596 hortatur
940 1537 1191 1597 Belisario
1223 1559 1283 1597 ut
1313 1538 1363 1595 se
1382 1541 1647 1622 adjunge-

24 1639 182 1688 rent,
212 1622 382 1678 multa
407 1627 464 1678 &
481 1624 676 1678 eximia
697 1621 977 1699 pollicenS.
1019 1621 1312 1678 irridebant
1332 1622 1436 1687 illi,
1460 1644 1558 1681 nec
1586 1626 1645 1681 in

22 1700 334 1761 Belisarium
353 1700 639 1782 ipsumque
676 1708 1065 1781 Imperatorem
1101 1704 1445 1760 contumeliis
1478 1702 1647 1762 absti-

25 1784 244 1843 nebant.
288 1785 360 1842 Et
390 1783 497 1843 haec
517 1783 737 1864 quidem
773 1782 1025 1841 Belisario
1053 1806 1111 1842 ac
1142 1784 1283 1854 Besae
1321 1786 1642 1866 agebantur.

23 1870 215 1926 canalis
247 1888 376 1927 vero
412 1868 500 1924 ille
524 1867 713 1946 oppidi
746 1868 1094 1946 Neapolitani
1125 1888 1241 1925 non
1257 1886 1472 1926 tantum
1492 1887 1641 1928 eittra

23 1953 217 2008 maenia
247 1967 471 2030 tegmen
488 1949 652 2007 habet
668 1991 685 2018 ‚
733 1948 822 2007 sed
841 1947 979 2006 celso
1001 1947 1209 2008 fornice
1228 1952 1397 2008 latens
1415 1954 1472 2008 in
1495 1955 1639 2010 mul-

23 2049 145 2102 tum
164 2035 350 2112 oppidi
368 2036 657 2111 procurrit.
690 2053 814 2088 cum
834 2034 1002 2113 igitur
1015 2038 1127 2108 jam
1148 2037 1288 2090 intra
1307 2038 1497 2091 maenia
1513 2034 1639 2094 effet

22 2114 218 2195 Magni
246 2115 524 2195 Ennaeque
559 2117 850 2172 comitatus
866 2156 884 2182 ,
932 2136 1032 2172 nec
1052 2115 1148 2173 ubi
1178 2113 1342 2174 essent
1370 2136 1634 2176 terrarum

15 2198 326 2274 ‘conjecstare
347 2214 601 2277 poterant
615 2237 633 2265 ,
650 2218 750 2254 nec
766 2194 892 2254 scire
911 2219 1017 2277 qua
1035 2199 1343 2257 exeundum
1361 2197 1507 2267 ess'et,
1528 2200 1635 2258 do-

19 2300 120 2336 nec
140 2283 295 2360 primi
314 2281 379 2338 ad
397 2301 522 2338 cum
544 2300 833 2359 pervenere
851 2281 1036 2338 locum
1055 2323 1073 2349 ,
1108 2281 1202 2338 ubi
1226 2285 1419 2340 canalis
1446 2278 1634 2362 super-

20 2382 88 2420 ne
106 2381 318 2442 apcrtus
336 2359 435 2420 effe
467 2366 677 2441 incipit.
719 2364 941 2420 Domus
954 2368 1107 2439 juxta
1125 2382 1236 2421 erat
1264 2364 1468 2423 deserta
1503 2405 1519 2427 ,
1548 2363 1634 2424 fe-

19 2448 175 2502 minae
195 2444 433 2504 habitata
452 2450 566 2512 uni,
587 2448 744 2525 eique
763 2451 999 2524 pauperi.
1042 2446 1097 2504 su
1106 2468 1200 2524 per
1231 2449 1468 2505 canalem
1499 2469 1631 2505 ena-

19 2545 75 2583 ta
89 2546 198 2585 erat
228 2530 346 2586 olea
377 2527 556 2586 arbor.
587 2529 663 2585 illi
696 2546 754 2585 ut
772 2528 962 2585 caelum
982 2528 1341 2608 conspexere,
1376 2526 1537 2608 seque
1569 2533 1630 2589 in

23 2609 202 2667 medio
222 2612 429 2690 oppido
449 2652 468 2680 ,
502 2610 686 2692 egredi
706 2610 928 2689 quidem
947 2612 1236 2678 volebant,
1270 2610 1358 2670 sed
1393 2612 1627 2671 modum

19 2712 135 2749 non
151 2693 499 2751 inveniebant
514 2714 626 2774 quo
646 2697 833 2751 armati
849 2695 898 2751 se
917 2689 1124 2752 &canali
1142 2695 1469 2773 expedirent.
1496 2696 1625 2752 Erat

19 2777 164 2831 enim
182 2772 419 2833 sublimis
444 2798 504 2834 ea
521 2797 640 2856 pars
667 2776 865 2833 domus
883 2779 1145 2857 nulloque
1164 2775 1434 2836 adscensu.
1480 2779 1642 2834 mul--

17 2873 137 2913 tum
171 2855 530 2916 haefitantibus
563 2856 834 2937 anxiisque
866 2859 1130 2917 militibus
1159 2901 1177 2927 ‚
1234 2881 1414 2940 eoque
1451 2862 1623 2937 magis

16 2938 168 3019 quod
189 2938 347 2998 turba
375 2939 717 3022 sequentium
734 2941 762 3000 a
781 2959 936 3020 tergo
959 2941 1267 3019 premebat,
1309 2941 1464 3001 ausus
1483 2961 1628 3078 unug

850 3045 853 3047 “
873 3027 916 3078 L
960 3045 1001 3099 4
1550 3042 1578 3078 e
