1888 3428
253 164 365 240 518
446 168 489 222 P
509 182 811 223 nocopu
839 162 1305 223 CAEs.Go'TTH.
1324 162 1768 241 H1sr.L13.1V.

229 250 427 324 vneque
447 247 690 305 tentandi
723 244 904 304 natam
937 269 1001 304 ex
1024 244 1390 324 desperatione
1412 247 1685 304 audaciam
1718 289 1736 316 ‚
1767 244 1856 305 inss

247 349 383 406 gens
405 326 775 407 &ferentibus
794 332 924 387 &iis
942 333 997 385 in
1016 350 1156 406 quos
1175 331 1457 386 incurrerit
1475 332 1695 394 malum.
1729 327 1875 386 Suf-

249 406 399 476 ficit,
429 414 605 489 inquit
624 454 641 480 ‚
673 411 998 489 sapientibus
1015 414 1246 468 vincerer
1277 413 1432 468 Velle
1450 412 1602 490 quod
1621 415 1856 469 nimium

251 491 326 552 est
341 532 358 559 ‚
388 497 508 570 quis
530 491 623 550 scit
653 514 717 550 an
749 515 861 550 non
883 495 1017 550 male
1039 500 1255 552 vertat?
1287 499 1445 550 Paret
1462 492 1652 551 Narses
1671 497 1859 559 moni-

247 575 316 630 tis
333 615 351 642 ‚
390 581 756 655 convenitque
776 594 835 633 ut
852 575 1208 632 Barbarorum
1226 573 1527 653 superstites
1544 617 1560 637 2
1576 574 1737 633 rebus
1753 574 1861 633 suis

251 655 550 735 deportatis
569 699 584 724 ‚
612 659 762 714 Italia
778 661 933 715 omni
952 661 1357 737 quamprimum
1374 657 1692 715 excederent
1712 682 1729 715 z
1758 679 1861 715 ne·-

252 758 360 816 que
389 739 508 819 post
537 741 591 798 id
635 762 876 820 unquam
906 740 1109 796 bellum
1148 742 1204 796 in
1240 741 1528 799 Romanos
1561 738 1873 798 sumerent„

250 821 399 878 mille
432 821 732 880 admodum
754 821 956 880 Gotthi
989 821 1164 878 castris
1193 820 1383 902 egi-effi
1413 820 1469 879 in
1505 825 1767 889 Ticinum
1800 828 1872 881 δε.

247 901 647 982 transpadanam
699 908 981 985 regionem
1024 905 1347 962 concedunt.
1403 910 1669 971 Praeerant
1700 909 1775 963 eis
1800 911 1868 966 &1

252 987 336 1042 alii
373 993 427 1042 &
462 990 505 1042 is
544 989 634 1065 qui
671 985 825 1065 supra
845 1003 1178 1044 memoratus
1207 985 1280 1043 est
1300 990 1584 1065 aliquoties
1603 986 1855 1066 Indulph.

253 1067 446 1125 Caeteri
476 1088 700 1148 quoque
733 1090 929 1125 omnes
949 1068 1297 1144 jurejurando
1333 1068 1695 1147 interpofito,
1738 1092 1859 1148 quae

249 1150 592 1225 placuerant,
623 1167 732 1206 rata
749 1148 997 1207 habuere.
1040 1150 1108 1207 fic
1143 1151 1349 1207 Cumas
1383 1151 1872 1232 &quicquidipfis⁴

249 1230 468 1299 aberat,
503 1234 559 1288 in
587 1230 906 1309 potestatem
940 1232 1181 1287 Romani
1215 1251 1533 1311 acceperunt
1570 1275 1587 1302 ,
1631 1232 1858 1291 finiente

249 1311 365 1389 ipso
387 1335 530 1370 anno
549 1314 762 1371 decimo
789 1320 842 1372 δε
862 1315 1060 1398 octavo
1078 1312 1203 1371 belli
1233 1312 1394 1391 hujus
1414 1355 1432 1377 ‚
1465 1320 1617 1392 cujus
1634 1313 1855 1396 scriptor

249 1394 324 1453 est
342 1399 658 1478 Procopius,
932 1403 933 1406 ’
