1888 3428
200 183 588 260 Hrsromffi
627 183 1115 240 VANDALICAE
1155 188 1299 243 L113.
1343 195 1388 248 I.
1542 211 1621 274 27

76 287 108 325 u
138 261 469 325 camelorum
494 267 620 345 equi
650 266 818 322 territi
846 266 902 320 in
929 262 1140 322 hostem
1161 272 1449 345 procedere
1469 295 1627 334 recu-

39 349 214 407 abant.
250 349 511 428 Cumque
540 348 569 406 ὲ
597 366 719 405 tuto
739 345 918 403 hostes
926 349 1182 423 jacientes
1197 351 1301 408 tela
1319 354 1502 414 crebra
1520 359 1626 418 levi

36 431 198 490 abore
215 436 269 489 &
288 452 461 512 equos
479 429 693 511 &ipsos
713 427 788 486 ob
806 429 1217 490 multitudinem
1237 433 1517 495 confertos
1537 445 1627 497 in-

41 511 351 579 efficerent,
382 511 513 597 fuga
543 511 680 571 faeta
710 509 819 579 est3
867 510 1383 596 insequentibusque
1417 519 1626 580 Mauris

54 615 133 653 ars
147 596 430 663 trucidati,
458 617 575 675 pars
591 597 729 673 capti
747 636 765 664 ,
787 598 941 674 pauci
964 597 1265 657 admodum
1287 605 1401 675 ejus
1420 607 1627 661 exerci-

42 699 101 735 us
118 678 346 748 domum
366 676 584 740 rediere.
626 679 760 735 Haec
778 676 805 735 ὲ
822 678 1030 736 Mauris
1050 682 1185 739 mala
1206 681 1473 761 perpessus
1488 688 1628 742 Tra-

35 760 290 820 imundus
307 759 428 840 post
444 757 583 820 fatis
597 759 857 819 concessit
890 782 1063 843 regno
1086 761 1310 841 possesso
1339 789 1433 845 per
1452 789 1626 837 annos

34 862 212 920 eptem
233 849 286 901 ὃς
310 845 537 924 viginti,
569 844 723 924 quod
742 843 935 902 deinde
954 846 1019 903 ad
1037 847 1418 906 Hilderichum
1438 849 1628 929 perv&-

52 928 93 980 it
124 924 433 983 Honorichi
464 923 639 984 filium
656 969 673 995 ‚
726 926 1003 986 Gizerichi
1042 935 1096 987 δε
1124 929 1297 1010 ipsum
1337 953 1623 1013 nepotem,

68 1006 212 1065 ditus
231 1010 272 1064 is
289 1005 465 1066 faciles
492 1006 719 1068 subditis
736 1009 925 1068 babuit
946 1053 962 1079 ‚
990 1013 1256 1071 clemente
1276 1018 1459 1072 animo
1475 1057 1492 1083 ,
1527 1039 1625 1074 ne-

51 1109 116 1146 ue
134 1088 451 1148 Christianis
486 1114 665 1172 neque
687 1094 774 1151 alii
807 1097 1061 1173 cuiquam
1087 1101 1296 1176 gravis:
1332 1097 1396 1155 ad
1415 1098 1625 1157 bellum

41 1169 144 1228 deo
163 1192 277 1230 non
293 1173 522 1232 idoneus
540 1216 558 1243 ‚
581 1194 641 1233 ut
659 1197 758 1233 nec
778 1177 841 1234 ad
863 1197 1014 1235 aures
1033 1184 1145 1254 ejus
1165 1184 1507 1239 mentionem
1529 1182 1625 1241 ad·-

71 1256 264 1312 ittcret.
306 1261 492 1333 Itaque
509 1258 764 1316 Vandalis
790 1279 934 1315 arma
952 1263 1008 1317 in
1042 1264 1252 1340 aliquos
1281 1262 1626 1321 sumentibus

50 1336 206 1392 necor
238 1333 343 1395 fuit
376 1338 583 1397 Oamer
613 1337 775 1398 frater
795 1342 1043 1419 patruelis
1079 1344 1380 1403 Hilderichi
1399 1387 1416 1413 ,
1455 1350 1626 1405 virita

71 1417 214 1476 ilitiae
244 1424 495 1501 egregius
541 1439 602 1479 ut
645 1424 1022 1481 Vandalorum
1066 1425 1300 1484 Achilles
1334 1427 1625 1487 diceretur.

38 1497 199 1557 nfelix
217 1499 376 1575 liujus
393 1502 695 1561 Hilderichi
713 1526 944 1583 regnum
964 1503 1069 1563 fuit
1087 1508 1231 1565 clade
1249 1528 1463 1587 accepta
1481 1510 1508 1567 ἆ
1523 1515 1627 1590 By-

45 1580 333 1638 aciensibus
380 1585 589 1651 Mauris
633 1586 829 1642 ducem
886 1587 1212 1646 habentibus
1253 1593 1529 1648 Antallam
1567 1600 1624 1649 &

71 1661 371 1721 henderichi
390 1664 848 1746 Gotthorumque
862 1672 962 1747 'per
985 1669 1190 1727 Italiam
1210 1674 1443 1729 amicitia
1461 1695 1519 1731 ac
1536 1672 1625 1730 so-

41 1746 196 1802 ietate
227 1748 283 1803 in
317 1745 533 1804 hostiles
563 1751 663 1806 iras
700 1767 925 1807 mutata.
968 1753 1114 1809 Nam
1151 1760 1205 1810 &
1226 1753 1622 1815 Amalafridam

67 1827 234 1887 andali
252 1831 309 1886 in
340 1832 550 1887 vincula
566 1831 823 1890 dederant
841 1874 858 1901 ‚
894 1839 947 1890 &
969 1833 1223 1894 Gotthos
1242 1836 1623 1896 interfecerant

55 1930 238 1977 mneS‚
277 1911 545 1971 incusatos
580 1935 661 1971 res
681 1935 852 1974 novas
884 1918 940 1972 in
975 1921 1115 1998 regis
1132 1918 1418 2001 gentisque
1438 1925 1623 1999 perni—

38 1994 141 2049 iem
168 1996 365 2053 moliri.
405 1998 602 2075 Neque
622 2014 805 2056 tamen
821 1999 965 2056 ultus
983 2002 1625 2078 easinjuriasTheuderi-

42 2073 142 2132 hus
159 2117 176 2137 ‚
203 2077 354 2155 quod
372 2098 488 2135 non
508 2078 627 2136 satis
645 2082 819 2139 valere
838 2080 885 2138 se
905 2082 1053 2140 classe
1074 2084 1139 2142 ad
1153 2086 1443 2164 petendam
1465 2084 1622 2145 Afri-

44 2164 136 2214 am'
150 2159 426 2234 judicaret.
467 2167 675 2220 Interea
701 2165 947 2222 amicitiae
978 2165 1307 2247 hospitiique
1332 2168 1624 2227 necessitu-a

52 2243 195 2298 inem
214 2240 308 2300 fibi
334 2243 686 2303 Hilderichus
713 2269 838 2305 curn
866 2247 1163 2307 Iustiniano
1185 2257 1417 2331 paravit,
1445 2255 1624 2331 impe*-

39 2488 277 2546 enectam
305 2512 596 2572 rerumque
637 2498 877 2554 civilium
903 2502 1226 2578 imperitiam
1258 2521 1277 2567 3
1330 2501 1625 2579 multisque

19 2568 147 2626 alter
164 2572 389 2631 alterum
417 2576 576 2634 donis
609 2580 994 2638 munerabant.
1036 2583 1165 2640 Erat
1184 2587 1325 2640 inter
1346 2583 1624 2643 Gizerichi

21 2649 259 2727 posteros
278 2655 522 2715 Gelimer
539 2701 556 2726 ‚
592 2660 904 2722 Gelilaridis
920 2667 1015 2745 qui
1035 2683 1193 2724 natus
1213 2665 1532 2735 Gizericho‚
1554 2665 1623 2724 fi-

19 2733 120 2789 lius
136 2773 154 2801 ‚
182 2754 331 2796 aetate
349 2741 469 2819 post
485 2743 863 2804 Hilderichum
882 2745 1130 2827 praestans
1145 2790 1163 2820 ‚
1199 2772 1377 2831 eoque
1396 2751 1460 2808 ad
1475 2748 1624 2830 spem

20 2819 175 2895 regni
208 2826 483 2898 proximus
501 2865 518 2891 ,
553 2822 697 2886 {ama
722 2827 915 2888 bellica
948 2836 1235 2914 egregius,
1280 2851 1532 2893 caeterum
1564 2837 1621 2889 in

20 2916 247 2990 pravum
264 2900 440 2963 sollers
457 2949 476 2975 ,
502 2914 557 2965 &
580 2908 656 2966 ob
676 2911 731 2968 id
748 2912 813 2971 ad
839 2935 920 2971 res
938 2915 1230 2974 turbandas
1249 2922 1303 2974 &
1322 2914 1623 2975 invadenda
