1888 3428
187 161 588 220 H1s-ro1z1ffi
624 160 1102 218 VANDALICAE
1144 156 1395 215 L113.11.
1543 159 1619 234 87

9 261 305 325 totamque
324 242 710 323 Carthaginem
732 260 848 320 quae
867 240 1071 319 Ai'gani
1093 231 1399 316 Maffag‘etae
1419 278 1436 304 ‚
1482 259 1626 318 quae-

20 348 126 408 que
140 325 348 385 Rufino
371 327 571 384 Thraci
600 327 653 381 in
672 325 898 402 Byzacio
920 336 1234 378 evenerant.
1276 321 1621 379 Auetoritate

21 410 296 468 valuerant
316 410 480 466 ambo
501 451 518 478 ‚
535 411 645 466 tam
664 409 718 463 in
737 405 908 462 domo
926 401 1174 470 Belisarii,
1191 422 1354 481 quam
1372 404 1512 480 apud
1531 425 1625 460 ex-

20 493 280 548 ercitum:
328 495 513 572 Aigan
545 494 600 546 in
630 487 867 545 satellitio
902 484 1388 563 Belisariipugnare
1414 482 1625 552 solituS,

20 575 178 641 alter,
202 593 259 629 ut
277 578 438 630 animi
457 574 781 650 viringentis
799 611 815 636 ,
847 566 1241 648 ducisxfignum
1269 564 1406 624 ferre
1426 606 1441 628 ,
1470 567 1625 645 quod

21 676 221 711 munus
258 655 558 713 obeuntem
578 654 815 709 Romani
844 650 1266 728 bandophorum
1295 667 1509 708 vocant.
1547 649 1626 706 Hi

20 736 131 793 duo
151 738 244 794 illo
266 756 510 816 tempore
539 737 676 813 apud
710 736 998 813 Byzacium
1018 735 1321 812 equitatum
1348 747 1624 811 regenteS,

21 817 193 875 cuma
225 820 428 876 Mauris
462 818 705 875 viderent
736 817 934 894 praedas
961 817 1046 894 agi
1069 856 1084 876 ,
1119 812 1335 894 ipsaque
1354 813 1626 870 Afrorum

22 920 249 978 corpora
285 905 340 957 in
360 899 668 958 servitutem
701 897 834 956 trahi
858 938 872 963 ‚
909 895 1137 977 angusto
1158 900 1211 953 in
1237 895 1460 953 transitu
1497 911 1626 953 cum.

19 981 224 1058 dileffis
244 980 463 1039 suorum
483 980 768 1039 observant
789 980 1035 1036 custodes
1051 979 1235 1058 praedae
1255 978 1282 1037 ὲ
1300 980 1509 1036 Mauris
1528 978 1625 1035 ad-

16 1063 161 1120 ditos
179 1108 193 1128 ‚
229 1062 393 1144 iisque
412 1064 748 1122 obtruncatis
766 1104 781 1131 ‚
818 1083 955 1141 quos
977 1064 1045 1119 illi
1065 1064 1306 1140 captivos
1323 1060 1500 1119 secum
1520 1078 1625 1118 tra-
1672 1106 1674 1109 ,
1721 1070 1724 1073 “

15 1164 201 1202 xerant
220 1146 514 1203 abducunt.
556 1143 696 1204 fama
715 1145 1001 1225 postquam
1032 1143 1388 1201 barbarorum
1420 1145 1625 1222 princi-

14 1247 110 1306 pes
129 1233 388 1307 contigit,
414 1231 682 1285 Cuzinam
705 1269 720 1296 ,
740 1226 1018 1283 Esdilasam
1038 1266 1056 1292 ,
1071 1224 1407 1305 Iuphruthen
1428 1232 1480 1283 ὃ(
1501 1225 1625 1281 Me-

15 1308 276 1365 difinisam
296 1331 408 1366 non
426 1310 654 1389 procula
674 1311 828 1367 dietis
845 1306 1095 1364 faucibus
1113 1327 1334 1387 agentes
1355 1349 1372 1385 ‚
1392 1327 1622 1364 omne-m

13 1386 189 1448 festini
212 1396 505 1449 exercitum
540 1390 882 1450 inumbrante
904 1389 1119 1470 vespera
1146 1398 1200 1447 in
1220 1390 1506 1447 Romanos
1538 1409 1624 1444 ra-

15 1475 194 1551 piunt.
236 1476 581 1555 Nequierunt
605 1472 655 1532 se
689 1476 847 1531 tutari
867 1475 1104 1531 Romani
1124 1514 1142 1541 ‚
1185 1476 1338 1552 pauci
1366 1491 1621 1535 numer-0,

14 1556 172 1613 arffls
190 1560 244 1612 in
266 1556 401 1613 locis
418 1555 649 1636 oppressi
668 1554 696 1612 a
719 1558 900 1612 multis
916 1553 1153 1613 hostium
1175 1554 1434 1610 millibus.
1478 1573 1624 1631 quo-

14 1656 129 1716 quo
149 1635 198 1694 se
217 1653 501 1709 verterent,
520 1657 734 1717 tergum
756 1635 1195 1709 vulnerabantur.
1238 1635 1322 1692 Ibi
1341 1655 1464 1691 cum
1486 1654 1622 1712 pau-

15 1725 90 1776 cis
105 1716 341 1778 Rufinus
361 1726 413 1777 &
433 1721 613 1799 Aigan
630 1721 687 1776 in
705 1721 1005 1798 proximam
1026 1725 1217 1798 rupem
1235 1715 1364 1774 enifi
1379 1720 1488 1776 vim
1506 1714 1625 1773 bar-

15 1799 273 1859 barorum
290 1800 317 1859 a
334 1803 383 1859 se
406 1804 676 1864 arcebant.
723 1802 842 1871 Qui
861 1801 1121 1878 quamdiu
1138 1801 1257 1856 telis
1274 1803 1351 1857 uti
1372 1817 1623 1879 potuere,

18 1904 134 1941 non
152 1882 258 1940 anfi
289 1884 353 1942 ad
388 1905 577 1941 manus
611 1886 790 1941 venire
811 1881 1056 1950 barbari,
1102 1881 1259 1939 hastis
1290 1900 1501 1939 tantum
1524 1901 1623 1938 eos

18 1963 367 2045 impetebant.
410 1966 702 2046 Postquam
737 1963 1052 2043 consumpta
1069 1967 1337 2023 Romanis
1358 1965 1460 2020 tela
1478 2005 1495 2031 ‚
1532 1966 1622 2019 in-

18 2049 185 2104 tulere
204 2046 253 2104 se
274 2054 523 2107 cominus
546 2051 723 2106 Mauri
748 2071 762 2105 τ
788 2066 948 2126 atque
967 2050 1037 2104 illi
1057 2047 1105 2104 se
1123 2046 1332 2127 gladiis,
1349 2061 1618 2125 quantum

20 2146 302 2208 poterant,
330 2131 664 2189 tutabantur.
707 2129 793 2187 sed
829 2127 1082 2207 superfusi
1112 2129 1466 2186 barbarorum
1500 2125 1622 2184 sun—t

20 2213 380 2285 multitudine.
426 2218 610 2293 A'igan
632 2230 782 2270 totus
816 2209 1109 2269 frustratim
1129 2210 1370 2268 concisus
1389 2253 1406 2278 ‚
1437 2210 1512 2267 ibi
1537 2216 1622 2286 ja-

20 2296 143 2351 cuit.
186 2293 451 2353 Rufinum
483 2313 695 2373 captum
719 2293 1008 2373 abigebant
1036 2296 1231 2351 milites
1264 2318 1277 2351 :
1312 2292 1400 2350 sed
1420 2294 1621 2373 princi-

19 2393 151 2453 pum
171 2397 308 2433 unus
339 2375 643 2435 Medifinisa
666 2395 914 2434 metuens
933 2398 999 2433 ne
1019 2375 1220 2454 elapsus
1239 2372 1505 2432 facesseret
1522 2394 1622 2452 pe·-

10 2458 179 2515 ‘ricula
198 2497 214 2524 ,
253 2478 412 2538 caput
447 2458 664 2517 abscidit
686 2500 701 2526 ,
738 2459 902 2538 idque
932 2460 1161 2516 domum
1181 2458 1357 2515 ferens
1381 2455 1621 2514 ostendit

21 2539 279 2596 uxoribus
306 2562 415 2599 tam
450 2542 823 2620 magnitudine
857 2540 932 2597 sui
962 2563 1125 2620 quarn
1158 2544 1332 2599 multo
1365 2540 1619 2618 capillitio

23 2619 241 2699 insigne.
287 2625 524 2690 Quando
547 2624 611 2683 ad
626 2625 857 2680 Mauros
876 2644 975 2680 nos
995 2624 1210 2680 historia
1228 2622 1471 2683 deduxit,
1488 2640 1620 2677 con-

22 2722 221 2780 gruens
256 2725 355 2762 nos
373 2726 642 2785 exponere
660 2747 678 2773 ,
720 2706 860 2762 unde
880 2724 996 2762 orta
1013 2728 1147 2786 gens
1175 2709 1233 2762 in
1268 2702 1451 2762 Africa
1478 2701 1621 2761 sede's

23 2781 220 2840 fixerit.
273 2791 404 2865 Qo
439 2807 685 2868 tempore
719 2784 904 2867 egressi
939 2792 1238 2868 AEgyptum
1263 2786 1483 2845 Hebraei
1507 2791 1621 2860 jam

23 2885 193 2943 prope
212 2869 491 2927 Palaestinae
510 2870 645 2928 fines
666 2889 920 2927 venerant
936 2911 951 2938 ‚
968 2889 1224 2927 mortuus
1242 2869 1320 2926 ibi
1340 2865 1524 2925 Moses
1545 2868 1620 2920 vir

23 2943 246 3026 stpicns,
260 2950 364 3009 dux
383 2956 603 3012 itineriS.
647 2950 916 3010 Successor
931 2956 1143 3033 imperii
1163 2948 1334 3009 saffirus
1353 2949 1495 3008 Iesus
1514 2947 1622 3081 Ni}-

866 3035 905 3090 F
951 3055 993 3110 4
1197 3040 1200 3042 ’
1462 3046 1534 3087 vae
1577 3048 1622 3082 1-
