1888 3428
0 210 2 215 ,
101 141 168 194 ſs
216 143 658 202 Go’rTfllcAE
699 139 1121 210 Htsromffi
1162 144 1438 203 L113.111.
1526 168 1629 226 335

0 219 138 284 fimes
155 226 441 282 Romanos
464 220 689 303 urgebat
709 261 724 282 ‚
757 241 882 277 cum
915 240 1092 298 neque
1112 243 1174 278 ex
1196 245 1326 302 agro
1345 229 1639 308 importare

21 304 301 365 neceffaria
323 303 530 385 poffent
564 311 615 361 &
654 301 782 360 mari
813 323 1039 381 quoque
1072 305 1315 381 praeclusa
1334 306 1458 367 esset
1477 312 1641 371 adve-

21 392 156 450 ἃίο,
174 393 300 468 quia
322 387 525 444 Gotthi
543 387 836 464 Neapolim
857 402 1104 441 tenentes
1121 427 1137 453 ‚
1158 408 1215 442 ac
1235 408 1350 445 tum
1368 389 1443 446 ibi
1463 435 1476 455 ,
1519 413 1641 452 tum

18 475 77 529 in
101 473 295 528 AEoliis
314 474 407 549 qui
427 471 700 529 dicuntur,
722 464 1014 546 vicinisque
1034 468 1212 526 insulis
1232 513 1245 533 ,
1281 467 1389 534 vim
1410 476 1641 532 multam

19 553 221 610 levium
259 556 602 631 navigiorum
626 591 642 616 ,
671 549 919 630 diligenti
939 547 1181 607 custodia
1215 552 1463 610 transitus
1482 556 1642 615 obse-

20 635 248 714 pserant.
282 640 355 691 ita
373 651 654 713 quotquot
673 629 699 686 ὲ
720 633 895 689 Sicilia
913 652 1071 689 naves
1089 635 1408 692 Romanum
1431 637 1493 694 ad
1513 660 1644 717 por-

18 735 139 775 tum
159 715 469 774 ferebantur
487 756 502 781 ,
536 737 605 771 eae
625 735 750 770 cum
777 716 986 771 cunctis
1009 715 1320 773 vectoribus
1339 721 1395 774 in
1422 721 1642 778 illorum

20 821 214 857 manus
256 800 593 856 devenerant.
637 796 853 854 Totilas
887 800 943 853 in
978 799 1248 855 AEmiliam
1272 800 1422 856 misso
1438 807 1642 860 exerci—

18 901 101 949 tu,
119 883 441 938 Placentiam
464 885 512 936 vi
529 898 619 936 aut
639 878 923 936 obsidione
943 884 1057 959 capi
1076 884 1317 958 imperat.
1341 883 1395 939 id
1413 888 1641 944 AEmiliae

17 967 261 1042 regionis,
293 966 536 1041 princeps
568 962 832 1040 oppidum
881 960 1052 1019 firmis
1100 968 1456 1022 munimentis
1489 969 1639 1026 Pado

16 1048 257 1120 adjacens
290 1046 387 1102 illis
418 1048 473 1101 in
491 1047 625 1102 locis
644 1050 865 1101 unicum
888 1047 942 1100 in
963 1046 1349 1103 Romanorum
1372 1047 1636 1128 obsequio

16 1127 285 1191 manebat.
333 1132 409 1185 Vt
445 1148 611 1205 prope
646 1124 851 1184 acceffit
880 1132 1143 1186 exercitus
1164 1170 1179 1193 ,
1217 1132 1492 1209 colloquia
1512 1154 1640 1190 curn

15 1211 205 1289 oppidi
225 1207 538 1268 custodibus
560 1207 758 1274 miscet,
783 1228 859 1274 ut,
882 1213 1051 1286 pachis
1070 1209 1264 1268 sancita
1283 1211 1410 1278 fide,
1432 1216 1636 1274 Totilae

15 1291 352 1368 Gotthisque
382 1291 714 1348 accederent.
760 1291 910 1348 Cum
945 1291 1072 1350 nihil
1094 1293 1265 1350 verbis
1289 1293 1638 1372 proficerent,

15 1374 176 1447 castra
194 1375 258 1430 ad
277 1373 550 1432 obsidium
571 1371 864 1452 disponunt
885 1415 902 1441 ,
936 1377 1088 1453 gnari
1106 1377 1358 1434 alimenta
1375 1376 1541 1436 deesse
1559 1382 1638 1436 ci-

14 1459 187 1515 vitati.
221 1458 380 1515 Circa
395 1457 500 1514 hoc
516 1473 732 1536 tempus
750 1459 1016 1514 Romanis
1034 1460 1128 1537 qui
1146 1458 1341 1518 Romae
1361 1480 1512 1518 erant
1527 1460 1637 1518 du«-

15 1539 167 1597 cibus
199 1542 377 1596 inorta
408 1539 736 1617 proditionis
772 1536 994 1617 suspicio
1025 1544 1082 1596 in
1122 1539 1434 1622 Cethegum
1456 1548 1635 1601 virum

13 1625 298 1701 patricium
333 1623 683 1697 Romanique
725 1621 937 1678 senatus
973 1626 1304 1700 praecipuum
1339 1665 1356 1692 ‚
1403 1624 1552 1683 causa
1583 1630 1633 1683 ei

17 1705 422 1763 Centumcellas
439 1702 740 1759 discedendi
769 1699 890 1759 fuit.
937 1707 1015 1759 At
1032 1702 1311 1761 Belisarius
1331 1726 1430 1782 pro
1449 1708 1633 1766 Roma

14 1806 304 1864 rerumque
337 1784 546 1842 summa
582 1787 768 1841 anxius
793 1825 809 1850 ,
845 1805 970 1841 cum
1008 1784 1034 1842 ἐ
1070 1788 1332 1844 Ravenna
1349 1786 1634 1847 subvenire

13 1864 447 1945 urbi‚praesertim
471 1867 692 1932 modico
712 1887 834 1923 cum
858 1870 1045 1935 milite,
1061 1873 1326 1946 nequiret,
1340 1869 1486 1929 abire
1504 1872 1631 1930 inde

15 1956 70 2008 &
91 1953 428 2024 circumjecta
446 1952 640 2008 Romae
673 1951 788 2007 loca
807 1950 1056 2007 invadere
1076 1951 1354 2009 constituit
1374 1995 1387 2016 ‚
1422 1973 1482 2011 ut
1502 1976 1630 2031 pro·-

15 2036 268 2112 pinquior
288 2050 443 2091 tanto
467 2030 618 2089 fieret
640 2033 704 2089 ad
734 2053 898 2109 opem
931 2030 1207 2090 ferendam
1230 2035 1627 2103 laborantibu3‚

14 2117 332 2193 poenitentia
351 2116 545 2173 ductus
565 2113 768 2170 consilii
788 2115 1104 2195 ejuS,quod,
1118 2137 1241 2173 cum
1262 2121 1500 2196 primum
1517 2122 1631 2177 Ra·-

13 2218 243 2255 vennam
265 2216 483 2256 venerat
503 2237 518 2264 ‚
543 2200 706 2254 Vitali
725 2195 931 2253 suasore
952 2239 967 2266 ,
986 2201 1302 2277 neutiquam
1330 2221 1391 2257 ex
1413 2200 1505 2258 usu
1527 2223 1630 2281 pu-

12 2278 156 2336 blico
176 2301 405 2358 ceperat,
423 2278 655 2357 patiendi
679 2320 696 2345 ‚
737 2277 785 2335 se
818 2280 963 2337 velut
979 2280 1182 2338 incluso
1206 2322 1219 2342 ,
1251 2280 1461 2340 hostem
1482 2301 1630 2364 quo-

11 2382 228 2442 cunque
250 2366 407 2420 vellet
422 2360 557 2420 ferre
576 2362 800 2417 bellum.
847 2366 1034 2442 Atque
1055 2365 1163 2442 ego
1192 2362 1258 2420 fic
1278 2362 1466 2422 censeo
1487 2409 1505 2434 ,
1538 2385 1628 2424 aut

10 2451 193 2523 pejora
225 2464 356 2502 tunc
389 2441 599 2522 elegisse
632 2441 940 2501 Belisarium
972 2448 1099 2523 quia
1118 2448 1406 2504 Romanos
1424 2452 1628 2505 malum

11 2525 281 2592 manebat,
302 2546 391 2584 aut
412 2572 425 2591 ,
459 2526 494 2583 fi
513 2527 599 2583 ille
618 2525 769 2604 quod
788 2528 995 2583 reffiim
1011 2546 1120 2583 erat
1139 2527 1420 2586 constituit
1442 2572 1458 2597 ,
1485 2531 1629 2588 divi-

9 2629 135 2664 nam
155 2613 263 2671 vim
283 2608 331 2667 se
351 2606 662 2685 interjeciffe
682 2648 697 2674 ,
731 2610 932 2667 Totilae
969 2630 1025 2666 ac
1060 2609 1408 2668 Gotthorum
1439 2634 1518 2670 res
1552 2615 1628 2671 la-

11 2689 128 2769 psas
159 2694 359 2770 erigere
379 2696 689 2769 cupientem
711 2731 727 2756 ‚
751 2711 912 2771 atque
948 2691 1015 2748 fic
1035 2692 1181 2750 bona
1201 2692 1415 2752 confilia
1431 2694 1628 2752 Belisa-

9 2775 95 2828 rio
114 2772 332 2850 pessime
351 2773 576 2839 vertifl'e2
613 2775 758 2831 Nam
778 2773 976 2852 quibus
994 2773 1220 2834 secunda
1238 2775 1364 2833 flare
1385 2779 1499 2835 vult
1517 2775 1629 2833 for-

11 2870 145 2911 tuna
164 2896 181 2923 ,
216 2858 279 2912 iis
315 2860 560 2935 quamvis
582 2854 804 2913 exitiosa
820 2855 1205 2934 capessentibus
1225 2858 1354 2915 nihil
1370 2858 1486 2916 duri
1505 2879 1627 2915 eve-

11 2938 127 2996 niet
143 2975 162 3007 ,
196 2935 446 3019 supremo
467 2942 693 2999 numine
723 2939 811 2996 illa
828 2937 933 3019 ipsa
953 2961 1112 3021 prava
1134 2941 1194 2999 ad
1216 2939 1500 3020 prosperos
1521 2941 1625 2995 cir-

1467 3040 1622 3076 cum-
