1888 3428
259 175 334 238 30
563 154 961 210 Pnocopn
1005 149 1563 207 CAE-sAREENsm

259 260 384 298 tum
402 255 471 293 aes
485 234 719 294 alienum
739 233 953 312 publice
971 228 1195 290 fafium.
1232 230 1421 289 dolore
1441 251 1499 287 ac
1517 228 1886 296 sollicitudine.-

256 319 577 402 superabant
590 321 817 377 'caeteros
836 317 965 374 aulae
983 313 1252 394 inspefflor
1269 353 1286 380 ,
1300 313 1541 372 Romani
1558 310 1880 392 praefectum·

258 405 518 487 praetorio
535 417 731 459 vocant
750 441 767 468 ‚
800 397 1170 477 sacrarumque
1187 399 1540 475 largitionum
1559 396 1768 454 Comes
1783 439 1799 465 ,
1817 403 1874 461 ἃς

255 491 434 553 caeteri
454 528 482 554 ,,
513 483 712 564 quibus
744 503 917 561 opum
947 480 1285 559 publicarum
1316 488 1407 536 aut
1430 480 1875 559 regiarumcurajff

259 576 564 651 cogitantes
597 566 809 646 quantis
843 565 1082 643 pecuniis
1099 603 1117 630 ,
1146 580 1334 642 praeter
1350 582 1436 619 eas
1468 581 1584 641 quae
1603 561 1871 629 immensa}

259 657 424 711 etiam
442 651 701 708 ha&enus
719 643 1092 703 inferebantur
1110 686 1127 713 ,
1163 645 1228 703 ad
1252 645 1455 702 bellum
1476 664 1617 723 opus
1636 685 1652 713 ‚
1687 645 1745 700 in
1763 652 1876 724 quc}=

260 726 512 814 explendi
533 728 865 789 necessitates
883 749 981 786 nec
1001 732 1155 785 venia
1172 727 1332 784 detur
1347 770 1361 791 ,
1377 748 1475 784 nec
1494 747 1678 783 mora:
1719 727 1874 803 Tum

260 839 396 877 vero
428 823 482 875 &
518 815 720 873 ducum
754 809 981 891 quisque
1000 851 1016 878 ‚
1049 808 1100 867 se
1134 809 1260 868 belli
1293 812 1524 888 imperio
1545 807 1791 868 destinari
1809 814 1878 881 ti}

259 922 440 969 menS,
460 899 676 956 attoniti
695 895 880 954 stetere
900 895 965 953 ad
981 895 1202 974 periculi
1223 891 1658 975 magnitudinem
1679 913 1693 948 :
1717 894 1880 972 quipssi

260 1004 328 1063 pe
350 1000 409 1039 ut
444 979 667 1039 evadere
700 979 857 1036 detur
876 980 1034 1035 maris
1050 973 1261 1035 adversa
1279 1018 1296 1045 ‚
1330 974 1506 1034 castris
1533 972 1712 1032 sedem
1731 975 1884 1056 quat-'3‘

260 1065 484 1123 rendam
502 1060 683 1121 hostili
699 1064 755 1118 in
772 1059 884 1118 solo
904 1102 919 1123 ,
940 1063 1026 1119 vix
1046 1059 1075 1117 ὲ
1092 1058 1322 1118 navibus
1339 1054 1591 1117 descensu
1609 1054 1756 1115 fafio
1773 1054 1877 1138 pusi,

258 1147 541 1227 gnandum
579 1147 637 1200 in
665 1145 820 1223 regni
850 1143 1007 1199 validi
1037 1146 1194 1200 vires,
1244 1142 1454 1199 Milites
1483 1160 1711 1220 quoque
1739 1160 1881 1220 aegrei

256 1227 452 1287 reversi
481 1228 509 1284 εὶ
541 1230 716 1303 longo
747 1245 808 1280 ac
839 1222 1042 1282 difficili
1072 1223 1218 1281 bello
1240 1264 1258 1291 ,
1290 1222 1605 1281 domesticis
1635 1220 1880 1301 oblecta-gr

259 1313 459 1368 mentis
479 1310 665 1365 leviter
685 1305 855 1363 modo
877 1305 1122 1363 delibatis
1139 1345 1158 1373 ,
1198 1303 1421 1385 perculsi
1438 1307 1624 1363 animo
1645 1305 1798 1384 quod
1815 1303 1888 1385 acl.

256 1395 464 1450 navalia
485 1389 832 1448 truderentur
849 1390 1025 1469 praelia
1050 1429 1068 1457 ‚
1106 1392 1195 1447 vix
1226 1387 1416 1446 auditu
1447 1405 1694 1468 percepta
1726 1400 1877 1466 antei-2

257 1475 357 1533 hac
378 1516 395 1543 ,
416 1480 470 1532 &
489 1473 555 1530 ab
577 1473 810 1529 Oriente
833 1474 1028 1529 ultimo
1048 1470 1425 1551 ablegarentur
1444 1470 1508 1529 ad
1527 1466 1764 1529 Occasus
1782 1491 1885 1531 exa

260 1561 394 1615 tima
413 1574 604 1613 contra
621 1554 896 1612 Vandalos
932 1560 987 1611 δε
1022 1554 1254 1611 Mauros
1278 1554 1605 1611 dimicaturi.
1636 1554 1783 1620 Alii,
1816 1569 1877 1630 ιιιζ

259 1643 317 1698 in
343 1637 504 1695 turba
520 1635 636 1694 fieri
654 1634 818 1702 solet,
854 1638 1028 1692 alieno
1051 1656 1175 1694 cum
1195 1637 1437 1714 periculo
1469 1632 1722 1715 speculari
1741 1656 1876 1716 gau-¹

261 1718 462 1780 debant
482 1739 759 1777 novorum
780 1734 1079 1797 caeptorum
1115 1721 1307 1775 exitus.
1338 1718 1706 1776 contradicere
1741 1738 1884 1775 conal-⁴

256 1803 374 1863 filio
394 1809 450 1861 δε
465 1800 738 1861 dehortari
755 1806 1145 1880 Imperatorem
1161 1821 1326 1857 nemo
1344 1798 1517 1862 ausus,
1533 1819 1719 1879 praeter
1735 1802 1875 1880 Cap-1⁶

256 1886 524 1968 padocem
550 1883 852 1941 Iohannem
872 1885 1126 1961 praetorio
1154 1880 1467 1961 praefectum
1488 1924 1505 1951 ‚
1549 1886 1726 1943 virum
1760 1884 1872 1956 maii

259 1991 379 2050 gno
408 1970 670 2048 ingenio,
708 1960 923 2024 audacia
943 1967 1075 2044 pari.
1134 1971 1184 2022 Is
1218 1965 1657 2038 caeterisqfilentio
1690 1969 1873 2024 immi-*2

259 2070 454 2110 nentes
473 2048 720 2107 fortunas
739 2047 1085 2130 gementibus
1105 2088 1120 2110 ,
1162 2047 1268 2105 hoc
1298 2046 1546 2106 sermone
1574 2046 1875 2127 Imperat&

258 2155 374 2192 rem
395 2129 630 2191 acceffit}
675 2134 871 2189 Tuain
889 2127 1130 2188 subditos
1149 2128 1368 2190 bonitas
1386 2130 1584 2189 sincera
1603 2175 1617 2197 ,
1637 2134 1878 2212 Impera-'iv

257 2235 366 2282 tor,
389 2214 646 2274 fiduciam
664 2214 755 2274 dat
772 2212 933 2272 nobis
951 2212 1160 2271 dicendi
1179 2235 1237 2271 ac
1255 2210 1488 2272 faciendi
1508 2237 1625 2293 quae
1644 2218 1869 2294 imperio

258 2317 363 2357 tuo
384 2299 701 2357 conducunt
717 2339 734 2367 ,
751 2301 913 2354 etiam
934 2318 1050 2376 quae
1071 2297 1502 2375 minusjucunda
1517 2295 1618 2354 fint
1635 2296 1750 2373 tibi.
1797 2292 1875 2360 Ea‘

257 2384 406 2438 enim
439 2385 691 2459 aequitate
715 2378 1037 2460 potestatem
1063 2378 1163 2436 tibi
1189 2381 1475 2458 prudentia
1494 2398 1793 2460 temperat,
1814 2396 1873 2441 ut

256 2483 437 2543 neque
455 2466 510 2520 in
529 2462 791 2520 omnibus
807 2481 1080 2541 aptantem
1099 2461 1149 2519 se
1168 2462 1267 2520 tibi
1285 2462 1459 2522 fidum
1492 2463 1698 2542 semper
1715 2456 1876 2520 rebus·

171 2580 175 2582 *
254 2550 365 2603 tuis
384 2543 655 2602 existimes
675 2587 692 2613 ‚
726 2566 903 2624 neque
922 2542 1298 2604 succenseasin
1326 2543 1872 2616 diversum-asentenf-

257 2632 332 2686 tia
352 2646 442 2686 tua
461 2626 716 2686 euntibus
737 2652 750 2686 :
796 2628 884 2685 sed
918 2632 1115 2686 mentis
1133 2628 1466 2708 ponderibus
1486 2649 1569 2686 res
1587 2625 1719 2707 ipsas
1736 2625 1869 2685 aesti⁴

257 2733 414 2770 mans
428 2751 445 2777 ,
485 2729 669 2769 tutum
707 2708 807 2767 effe
842 2713 1025 2790 cupias
1059 2714 1223 2769 etiam
1257 2729 1446 2770 contra
1480 2731 1572 2770 tua
1591 2711 1864 2778 destinataj

256 2795 410 2874 quod
431 2797 641 2852 animus
659 2792 850 2851 sentiat
869 2835 887 2862 ‚
918 2795 1124 2873 eloqui.
1164 2796 1299 2855 Haec
1318 2795 1437 2853 sunt
1457 2816 1575 2875 quae
1597 2815 1684 2853 me
1702 2789 1867 2851 confi-

254 2879 389 2936 lium
424 2898 674 2957 promere
690 2875 920 2951 jubent,
964 2898 1110 2935 nunc
1129 2878 1351 2957 quidem
1370 2875 1509 2935 forte
1528 2875 1744 2937 insuave
1761 2916 1784 2954 ,η
1811 2888 1865 2932 at

252 2961 310 3019 in
329 2961 609 3043 posterum
628 2982 759 3022 meae
778 2963 836 3020 in
854 2978 907 3019 te
923 2958 1052 3021 fidei
1070 2960 1406 3022 documento
1430 2957 1699 3032 futurum,
1717 2958 1868 3097 vel-{tei

1748 3061 1801 3120 :p
1824 3058 1859 3096 o
