1888 3428
409 172 456 231 E
513 149 574 232 i
649 188 691 229 0
770 189 806 228 <3
888 189 911 227 1
989 193 1047 231 A·
1402 175 1488 251 8'7

505 285 660 355 Idem
695 284 867 354 Libro
906 311 944 355 v
966 312 990 353 1
1014 280 1059 352 1ss

79 422 218 494 Quae
237 438 360 480 cum
380 421 452 478 ita
470 417 593 488 sint,
611 417 879 500 numquid
895 417 968 477 est
986 417 1186 498 aliquid
1201 417 1352 497 quod
1374 418 1487 473 amss

19 504 137 563 >lius
155 504 256 564 dici
287 501 445 584 poffit
465 509 487 562 ?
525 504 626 561 Sed
643 500 812 560 adhuc
831 519 1011 559 tamen
1031 500 1290 559 addamus
1311 541 1328 568 ‚
1350 497 1486 556 scili·

17 604 82 645 :et
101 586 253 667 quod
271 587 427 644 multi
444 584 553 643 haec
572 601 740 665 agunt
758 583 1004 663 quotidie
1022 586 1162 640 inter
1180 581 1361 640 hostes
1380 579 1485 649 (iti,

17 675 54 726 ἐξ
71 669 394 749 quotidiano
414 665 708 725 discrimine
744 687 803 723 ac
836 670 1032 724 timore
1068 665 1280 744 captivi.
1327 684 1488 722 cum-

16 771 102 829 1ue
122 750 200 809 ob
230 748 634 830 impurissimam
667 751 833 807 vitam
863 748 1040 806 traditi
1058 746 1229 806 aDeo
1246 746 1491 811 barbaris

15 831 195 890 ⁷uerint
213 872 231 899 ‚
261 833 592 912 impuritates
607 849 785 890 tamen
803 828 935 911 ipsas
955 833 1118 888 etiam
1136 834 1276 889 inter
1291 827 1490 888 barba-

13 935 84 973 ·os
101 935 216 971 non
246 915 578 994 relinquunt.
634 914 736 972 Sed
757 916 887 971 tales
902 911 1049 973 forte
1067 911 1246 983 hostes
1263 911 1384 970 sunt
1400 914 1490 968 in·-

12 1017 78 1055 :er
93 1018 232 1076 quos
254 1015 441 1079 agunt,
460 1014 519 1053 ut
536 1018 631 1054 eos
649 996 742 1072 ista
758 997 1044 1063 dele&ent,
1066 1001 1121 1053 &
1140 993 1490 1054 offendantur

11 1077 317 1158 gravissime,
348 1078 384 1136 fi
405 1100 528 1137 cum
548 1073 807 1158 impudici
827 1078 1185 1147 fintsvideant
1200 1076 1370 1136 castos
1389 1072 1493 1134 effe

10 1162 302 1234 Romanos⁵
317 1162 467 1242 quod
481 1161 518 1219 si
537 1164 611 1219 ita
629 1159 772 1230 esset,
789 1180 1131 1242 nequaquam
1147 1179 1331 1219 tamen
1349 1158 1494 1217 face-
1526 1207 1533 1209 .

9 1263 53 1302 ae
85 1264 188 1302 nos
221 1242 505 1323 improbos
533 1244 855 1324 improbitas
886 1244 1106 1302 deberet
1136 1245 1319 1301 aliena.
1365 1243 1494 1322 quia

8 1324 296 1405 quemlibet
321 1325 612 1383 hominum
655 1329 824 1406 magis
857 1325 952 1382 fibi
976 1322 1215 1404 praestare
1235 1328 1495 1383 convenit

8 1424 61 1464 ut
78 1405 141 1486 sit
154 1404 337 1465 bonus
352 1447 369 1475 ,
387 1428 550 1487 quam
575 1408 722 1465 alteri
743 1426 803 1465 ut
820 1405 879 1465 sit
899 1409 1092 1465 malus,
1133 1413 1187 1465 &
1210 1408 1325 1486 plus
1342 1407 1396 1464 id
1413 1408 1492 1464 la-

7 1488 308 1546 borandum
327 1487 404 1546 est
440 1507 499 1546 ut
536 1491 840 1567 placeamus
871 1491 1001 1547 Deo
1032 1509 1128 1568 per
1152 1488 1490 1548 honestatem

5 1590 160 1651 quam
180 1587 238 1626 ut
257 1568 576 1627 hominibus
604 1591 699 1648 per
731 1574 1102 1648 impuritatem
1127 1592 1144 1625 ε
1175 1592 1234 1627 ac
1264 1570 1493 1648 proinde

5 1649 199 1711 etiamsi
218 1653 358 1708 inter
392 1651 699 1729 impudicos
734 1656 852 1730 quis
880 1650 1135 1708 barbaros
1153 1653 1296 1711 vivat
1319 1692 1336 1716 ,
1377 1672 1498 1708 ma-

4 1737 79 1814 gis
97 1751 275 1792 tamen
294 1731 605 1812 pudicitiam
631 1750 774 1790 amet
796 1775 812 1801 ‚
848 1731 1110 1813 fiquidem
1149 1753 1269 1812 quae
1290 1731 1384 1789 fibi
1407 1754 1496 1791 ex-

0 1815 146 1897 pedit
164 1856 179 1877 ‚
215 1836 379 1894 quam
399 1814 791 1893 impudicitiam
832 1837 950 1895 quae
985 1819 1213 1894 impuris
1245 1814 1494 1873 hostibus

2 1900 187 1979 placet.
222 1896 324 1954 Sed
343 1897 472 1974 quid
490 1897 693 1955 accedit
709 1896 919 1975 insuper
935 1898 999 1956 ad
1018 1901 1152 1956 mala
1172 1897 1387 1957 nostra?
1408 1900 1495 1954 in-

2 1999 82 2037 ter
111 1978 333 2058 pudicos
362 1979 618 2036 barbaros
651 1981 909 2059 impudici
934 1978 1134 2037 sumus.
1177 1982 1298 2059 plus
1318 1978 1492 2044 adhuc

0 2061 140 2121 dico·
154 2058 508 2120 offenduntur
525 2060 733 2119 barbari
750 2061 843 2140 ipfi
862 2061 1262 2141 impuritatibus
1279 2060 1496 2118 nostris-

0 2140 100 2202 effe
117 2145 256 2200 inter
274 2142 525 2201 Gotthos
544 2146 801 2201 nonlicet
820 2143 1166 2203 scortatorem
1188 2143 1490 2202 Gotthum:

0 2223 250 2284 soliinter
281 2246 379 2283 eos
411 2227 719 2305 praejudicio
752 2230 987 2285 nationis
1008 2247 1065 2283 ac
1096 2228 1339 2283 nominis
1368 2248 1494 2306 per-

2 2311 293 2367 mittuntur
309 2310 508 2387 impuri
526 2307 623 2366 effe
642 2310 901 2366 Romani.
945 2316 1000 2367 &
1020 2330 1136 2389 quae
1159 2307 1320 2366 nobis
1339 2346 1354 2372 ‚
1397 2329 1494 2366 ro-

1 2410 78 2470 go
97 2429 115 2457 ,
148 2387 261 2469 spes
290 2408 412 2447 ante
430 2392 617 2447 Deum
637 2391 746 2449 est?
779 2392 1168 2470 impudicitiam
1193 2412 1294 2448 nos
1312 2391 1496 2471 diligi-

3 2492 125 2530 mus
142 2511 158 2536 ,
194 2470 395 2529 Gotthi
411 2472 779 2531 exsecrantur:
802 2478 1088 2553 puritatem
1108 2495 1210 2530 nos
1228 2471 1495 2554 fugimu5‚

3 2554 76 2612 illi
93 2571 306 2613 amant:
344 2552 634 2612 fornicatio
667 2557 806 2635 apud
841 2558 1181 2614 illos-crimen
1207 2573 1369 2637 atque
1389 2553 1497 2613 dis-

5 2639 205 2692 crimen
231 2634 306 2692 est
325 2676 344 2701 ,
381 2637 521 2716 apud
552 2660 655 2696 nos
673 2638 851 2696 decor.
897 2645 951 2697 &
969 2657 1224 2719 putamus
1249 2660 1352 2696 nos
1369 2654 1496 2695 ante

4 2718 189 2773 Deum
223 2715 364 2795 poffe
382 2717 705 2781 consistere?
742 2739 994 2798 putamus
1013 2743 1115 2778 nos
1153 2720 1296 2802 poffe
1327 2719 1499 2778 salvos

9 2795 107 2854 effe
127 2838 144 2865 ,
172 2799 386 2877 quando
425 2822 590 2860 omne
619 2806 942 2882 impuritatis
957 2801 1121 2861 scelus
1141 2845 1158 2872 ,
1189 2807 1370 2862 omnis
1397 2805 1500 2861 im-

8 2878 272 2956 pudicitiae
294 2884 574 2962 turpitudo
595 2885 905 2942 aRomanis
924 2886 1244 2955 admittitur,
1265 2893 1315 2945 &
1333 2885 1362 2943 ὁ.
1378 2883 1501 2941 bar:
1587 2902 1589 2905 ·

10 2960 147 3019 baris
169 2962 498 3024 vindicatur?
530 2967 639 3026 Hic
660 2987 802 3026 nunc
834 2969 959 3026 illos
977 2972 1196 3049 requiro
1221 3009 1238 3038 ‚
1272 2970 1366 3048 qui
1391 2987 1505 3023 me-

781 3046 815 3106 f
844 3070 884 3127 4
1348 3050 1506 3105 liores
1583 3133 1591 3139 ἢ
