1888 3428
375 169 450 227 82
794 165 874 231 E„
923 184 957 222 L
1035 185 1072 220 0
1154 184 1191 220 o
1269 180 1291 218 1
1369 179 1419 216 A.
1852 0 1888 222 Ι

378 248 467 306 sed
481 248 555 306 illi
571 247 710 327 apud
727 244 775 304 se
793 244 895 304 efl'e‘
917 245 1260 325 praesumunt.
1277 242 1460 299 honor
1474 239 1584 298 Dei
1603 238 1745 319 apud
1763 248 1877 313 nos}-

381 329 458 389 est
474 371 492 398 ‚
508 328 593 388 sed
612 331 685 388 illi
702 329 807 387 hoc
828 327 1153 385 arbitrantur
1171 325 1438 382 honorem
1456 321 1751 382 divinitatis
1768 319 1876 404 effi}

384 413 537 493 quod
554 414 795 470 credunt,
824 407 1107 467 inofficiosi
1124 406 1268 474 sunt,
1289 404 1379 462 sed
1394 406 1492 462 illis
1509 403 1616 462 hoc
1633 402 1708 461 est
1724 401 1877 479 sum-'37³

385 516 538 553 mum
557 490 1111 575 religionis'officium.
1150 488 1315 567 ‘Impii
1343 483 1497 555 sunt,
1526 484 1615 544 sed
1643 484 1752 543 hoc
1767 491 1888 578 parf}

384 594 502 635 tant
522 597 699 634 veram
720 572 819 632 effe
836 576 1109 654 pietatem.
1128 588 1304 629 errant
1332 588 1465 648 ergo
1481 566 1569 625 sed
1584 566 1740 625 bono
1758 570 1888 656 ani-:1

387 681 483 717 mo
513 676 687 716 errant
703 676 817 714 non
842 657 973 714 odio
994 695 1010 724 ,
1041 654 1128 712 sed
1147 650 1340 710 affectu
1358 652 1502 719 Dei,
1537 649 1806 708 honorare
1823 647 1888 722 sei}

388 740 680 799 dominum
716 758 877 818 atque
914 757 1089 795 amare
1126 733 1420 793 credentes.
1462 736 1710 812 quamvis
1759 724 1888 791 non*

389 821 622 893 habeant
657 823 856 878 reditam
891 818 1091 886 fidem,
1120 819 1195 875 illi
1237 834 1419 873 tamen
1450 813 1558 895 hoc
1590 812 1878 894 perfeffitam

387 906 498 962 Dei
518 903 780 961 aestimant
797 904 1091 959 caritatem.
1133 899 1361 978 qualiter
1380 917 1479 976 pro
1509 895 1616 954 hoc
1650 895 1763 976 ipso
1782 895 1878 956 fal÷

320 1027 328 1035 ‚
391 985 453 1044 sae
473 987 749 1066 opinionis
767 1005 943 1042 errore
963 988 1018 1039 in
1033 983 1117 1040 die
1135 980 1320 1039 Iudicii
1339 979 1598 1058 puniendi
1617 977 1738 1046 sint,
1757 978 1878 1046 nul-5-

392 1071 477 1127 lus
494 1067 671 1148 potest
689 1068 812 1123 scire
833 1107 850 1134 ,
886 1063 977 1123 nisi
996 1065 1187 1124 Iudex.
1228 1066 1442 1120 interim
1462 1064 1656 1120 iccirco
1677 1064 1753 1118 eis
1770 1102 1788 1130 ‚
1823 1074 1878 1119 ut

391 1170 515 1207 reor
535 1195 549 1216 ,
569 1153 877 1228 patientiam
895 1150 1051 1204 Deus
1071 1145 1388 1226 commodat
1407 1188 1421 1210 ,
1457 1147 1585 1223 quia
1603 1143 1749 1202 videt
1764 1161 1877 1212 eos,

371 1251 376 1252 ⁷
395 1231 490 1289 etfi
509 1253 626 1289 non
644 1231 787 1287 recte
805 1230 1018 1285 credere
1035 1270 1052 1296 ,
1070 1226 1266 1284 affectu
1284 1244 1469 1283 tamen
1488 1230 1585 1304 piae
1603 1228 1877 1303 opinionis

394 1334 599 1370 errare:
636 1313 867 1368 maxime
903 1330 1026 1365 cum
1055 1308 1180 1365 sciat
1211 1327 1308 1364 eos
1338 1327 1400 1362 ea
1426 1304 1598 1363 facere
1628 1327 1748 1385 quae
1786 1326 1876 1382 negt-

394 1392 566 1451 fc'iunt
589 1416 601 1450 :
631 1392 840 1449 nostros
863 1408 1045 1447 autem
1064 1392 1333 1469 negligere
1350 1388 1504 1467 quod
1524 1389 1748 1447 credunt
1770 1410 1785 1445 :
1819 1409 1875 1447 ae

395 1497 492 1555 per
507 1475 612 1532 hoc
648 1475 766 1533 illos
800 1471 1176 1553 magistrorum
1211 1490 1426 1550 peccare
1457 1472 1593 1543 vitio
1614 1515 1631 1536 ,
1667 1469 1875 1529 nostros

396 1559 530 1615 suo:
563 1559 681 1613 illos
700 1558 1045 1634 ignoratum,
1079 1551 1294 1610 nostros
1310 1551 1565 1611 scientes:
1597 1555 1717 1611 illos
1734 1552 1788 1611 id
1805 1550 1874 1610 fa.

399 1659 516 1696 cere
537 1638 686 1717 quod
706 1654 899 1714 putent
923 1637 1130 1692 ressum
1151 1674 1168 1701 ,
1201 1634 1416 1691 nostros
1433 1635 1586 1714 quod
1604 1633 1766 1693 sciant
1785 1632 1874 1693 effe

365 1772 369 1773 ⁷
398 1718 722 1800 perversum.
770 1725 823 1774 &
843 1717 967 1775 ideo
980 1715 1125 1790 justo
1137 1715 1342 1791 judicio
1364 1717 1489 1772 illos
1505 1719 1761 1794 patientia
1776 1718 1874 1783 Dei

396 1801 635 1869 sustinet,
657 1807 709 1857 ὃς
729 1820 829 1855 nos
849 1796 1304 1856 animadversione
1323 1796 1538 1879 castigat
1554 1821 1566 1855 :
1582 1802 1707 1878 quia
1722 1804 1877 1879 ignoss¹

396 1882 466 1941 sci
497 1886 829 1962 aliquatenus
860 1882 1177 1961 igno'rantiae
1211 1880 1386 1958 potest
1402 1899 1761 1948 ,contemtus
1792 1879 1872 1940 vei-

402 1968 547 2022 niam
568 1985 679 2021 non
701 1981 954 2019 meretur.
1003 1965 1083 2019 Sic
1109 1964 1254 2018 enim
1288 1961 1544 2040 scriptum
1566 1961 1660 2019 est.
1708 1962 1872 2027 servu}

404 2050 500 2126 qui
531 2045 708 2123 nescite&
730 2046 1070 2102 voluntatem
1104 2044 1312 2102 domini
1353 2041 1430 2100 sui
1463 2084 1480 2111 ‚
1523 2051 1576 2104 δεῖ
1611 2066 1726 2103 non
1757 2042 1861 2108 faci

404 2150 521 2186 eam
541 2169 558 2196 ,
591 2126 858 2206 vapulabit
876 2130 1084 2205 paucis;
1122 2128 1216 2205 qui
1249 2144 1428 2183 autem
1448 2124 1541 2184 scit
1557 2149 1673 2184 eam
1693 2133 1746 2185 δε
1769 2147 1845 2185 no

400 2208 559 2278 facit,
589 2208 861 2289 vapulabit
874 2210 1076 2266 multis.
1119 2229 1232 2265 non
1255 2229 1385 2289 ergo
1406 2212 1698 2274 miremur,
1735 2203 1870 2289 quo}

405 2295 589 2350 multis
605 2292 858 2348 caedimur
875 2332 893 2358 ‚
924 2293 1048 2367 quia
1069 2311 1179 2346 non
1198 2289 1472 2347 inscientia
1489 2290 1575 2349 sed
1595 2291 1870 2350 rebelliont

405 2395 708 2454 peccamus.
751 2376 969 2430 scientes
995 2375 1141 2429 enim
1175 2371 1322 2429 bona
1349 2393 1464 2429 non
1482 2372 1621 2430 bene
1653 2377 1869 2455 agimus

406 2463 460 2513 &
492 2456 865 2512 discretionem
895 2454 1025 2511 i‘efflzi
1056 2475 1114 2511 ac
1135 2458 1280 2532 pravi
1311 2456 1701 2534 intelligentes,
1735 2475 1868 2534 prav¹

402 2536 694 2596 secstamur:
728 2536 1154 2616 legemlegimus
1182 2539 1494 2616 &legitima
1512 2539 1792 2597 calcamus
1829 2541 1868 2596 ὃ.

313 2692 318 2693 7
403 2620 470 2677 ad
488 2618 592 2676 hoc
610 2635 823 2675 tantum
842 2638 1233 2697 praeceptorum
1249 2618 1516 2677 sacrorum
1535 2617 1659 2677 scita
1675 2612 1858 2700 cogno

395 2700 596 2760 scimus
618 2719 677 2758 ut
692 2704 907 2781 gravius
923 2699 1041 2780 post
1056 2700 1337 2758 interdicta
1355 2721 1658 2779 peccemuS.
1697 2703 1866 2763 Deua

383 2785 581 2842 'colere
598 2804 700 2841 nos
721 2783 950 2842 dicimus
969 2822 987 2849 ‚
1017 2789 1069 2840 &
1089 2781 1308 2841 diabolo
1328 2782 1786 2864 obtemperamus.
1827 2787 1865 2842 ἃ

401 2864 525 2947 post
541 2865 651 2924 haec
671 2868 924 2923 volumus
942 2882 1002 2922 ut
1018 2866 1165 2921 bona
1178 2863 1206 2921 a
1224 2866 1352 2922 Deo
1367 2868 1684 2945 accipiamus
1709 2907 1728 2934 ,
1759 2884 1865 2929 eurr

395 2949 550 3034 graiis
573 2946 780 3029 semper
796 2948 933 3010 mala
959 2947 1238 3031 addamu33
1275 2945 1392 3010 fieri
1410 2952 1745 3016 voluntatem
1776 2967 1864 3006 no·

1288 3067 1291 3069 ·
1717 3027 1863 3092 stram
