1888 3428
216 176 337 238 430
540 157 940 213 Pssocopu
999 150 1546 213 CAEsAREENsrs
1792 222 1795 225 ῃ

216 257 552 318 manumque
571 238 866 293 exercitum
883 234 1132 291 retulerat
1152 271 1169 298 ,
1187 236 1240 287 &
1259 232 1321 287 iis
1334 229 1399 287 ab
1418 252 1485 288 eo
1503 247 1747 308 tempore
1765 229 1838 288 Η-
1864 288 1865 295 ,

219 324 324 381 deli
358 321 683 378 commilitio
731 313 915 392 adfuit.
967 315 1077 370 Hic
1123 310 1429 370 Artabanes
1474 311 1580 369 hoc
1612 316 1668 369 in
1703 333 1840 391 prat⁴²

217 407 297 463 lio
315 446 333 472 ‚
364 402 582 461 duobus
606 397 840 457 affumtis
862 394 1124 453 militibus
1146 396 1415 467 Romanis
1435 434 1452 461 ,
1483 393 1666 452 medio
1697 394 1861 451 inter'

221 491 360 546 acies
391 488 515 543 loco
553 480 808 540 constitit.
854 478 1068 538 Eodem
1098 474 1223 535 cum
1253 467 1307 534 se'
1334 474 1566 534 tulissent
1594 472 1865 533 hostium‘

223 568 510 635 nonnulli,
546 563 750 624 Persam
775 561 1042 641 quendam
1063 562 1229 617 animi
1263 561 1462 616 virtate
1493 557 1867 638 corporisque]

220 651 422 709 robore
456 646 789 728 praestantem
807 649 1013 702 irruens
1042 640 1344 699 Artabanes
1375 638 1519 697 hasta
1536 638 1802 719 transfigit
1819 676 1849 709 ,γ

217 734 394 812 deque
419 751 564 810 equo
600 728 868 805 dejectum
889 725 1041 784 humi
1061 722 1249 804 affligit
1264 727 1584 781 exanimem.
1629 723 1733 781 Sed
1747 721 1842 802 qui

213 820 370 891 juxta
385 815 664 873 cadentem
686 809 895 868 steterat
910 806 1164 865 barbarus
1197 809 1355 885 capiti
1378 805 1670 863 Artabanis
1699 806 1843 862 Vul-
1868 850 1873 867 „

144 906 150 909 ’
224 919 328 954 nus
345 893 696 962 incuffit‚non
715 910 895 949 tamen
914 891 1294 947 lethale.Hunc
1313 886 1643 967 ipsum2dum
1665 887 1843 945 adhuc
1866 907 1867 910 ¹

225 1000 417 1036 manus
449 983 562 1051 ejus
577 979 631 1031 in
669 977 885 1032 vulnere
907 971 1174 1051 adigendo
1198 976 1501 1050 voccupatur
1518 1011 1534 1035 ‚
1572 973 1838 1027 comitum
1876 995 1888 1046 ὲ]

227 1061 517 1118 Artabanis
536 1055 783 1114 Gotthus
801 1073 962 1135 gente
984 1055 1293 1111 laevolatere
1313 1050 1548 1132 perfoffo
1567 1050 1843 1110 interficit.

195 1161 197 1163 ·
223 1145 448 1200 Terruit
479 1144 522 1197 is
555 1137 698 1194 casus
730 1136 1073 1216 praecursores
1089 1134 1370 1205 Persarum.
1393 1136 1536 1192 mille
1561 1134 1843 1205 hactenuS,

223 1242 369 1281 retro
389 1243 445 1278 ut
463 1220 712 1278 cederent
732 1260 749 1286 ‚
771 1217 1195 1294 Chorianenque
1214 1237 1336 1273 cum
1357 1220 1691 1273 caeteristum
1709 1223 1841 1280 Per-
1882 1212 1888 1283 J

225 1305 290 1362 fis
310 1323 427 1361 tum
446 1304 631 1359 Alanis
649 1303 1041 1379 opperirentur.
1088 1319 1186 1354 nec
1204 1299 1294 1356 diu
1313 1296 1418 1355 fuit
1445 1301 1578 1377 quin
1610 1281 1843 1357 adeffent

222 1386 370 1445 socii.
413 1392 620 1443 Interea
652 1389 706 1440 Sc
736 1384 832 1463 qui
851 1402 993 1438 -cum
1030 1379 1262 1438 Gubaze
1290 1379 1712 1462 Dagisthaeoque
1730 1396 1843 1439 erat

224 1469 492 1549 peditatus
523 1488 590 1524 eo
615 1465 711 1523 ubi
745 1467 1019 1544 equitatus
1047 1461 1284 1543 ipsorum
1319 1480 1427 1520 erat
1447 1481 1802 1542 pervenerant
1822 1498 1842 1533 ,

224 1550 561 1628 instabatque
581 1544 890 1627 congreffus
906 1567 1035 1604 acer.
1055 1546 1128 1602 ibi
1147 1544 1469 1626 Philegagus
1486 1551 1540 1603 &
1557 1544 1844 1609 Iohanness
1882 1543 1886 1613 ᾖ

225 1633 350 1692 cum
380 1632 448 1693 ad*
463 1628 1141 1709 sustinendamequestrem
1158 1626 1395 1685 hostium
1416 1631 1705 1707 procellam
1725 1627 1846 1706 post

225 1720 537 1773 Lazicarum
574 1715 766 1769 virium
802 1709 986 1768 infelix
1019 1713 1450 1787 experimentum
1477 1751 1493 1778 ‚
1527 1705 1760 1788 impares
1791 1708 1843 1768 se'
1881 1723 1888 1781 1

226 1798 500 1855 crederent
514 1801 567 1852 δέ
585 1793 699 1872 ipsi,
716 1796 781 1851 de
800 1795 949 1871 equis
969 1790 1234 1858 deliliunt,
1251 1792 1503 1871 idemque
1524 1810 1583 1849 ut
1598 1791 1842 1850 facerent
1883 1830 1885 1832 -

189 1926 195 1935 i
228 1883 401 1939 caeteri
422 1898 540 1935 tum
562 1878 803 1933 Romani
823 1877 1074 1932 tumLazi
1094 1874 1339 1930 aufiores
1357 1873 1508 1931 sunt:
1534 1873 1844 1955 Phalangis-

227 1966 408 2040 quein
429 1958 656 2016 modurn
677 1961 731 2014 in
748 1957 1047 2034 oblongam
1069 1955 1238 2034 stipati
1257 1960 1443 2023 aciem,
1463 1957 1691 2034 pedibus
1705 1978 1844 2014 con:-

225 2044 410 2102 fistunt
427 2040 605 2098 fronte
623 2044 678 2098 in
696 2039 903 2096 hostem
924 2039 1165 2099 obversa,
1180 2039 1547 2119 protentisque
1565 2042 1621 2095 in
1638 2060 1732 2095 eos
1747 2038 1845 2097 ha÷

224 2125 332 2183 stis.
351 2122 568 2181 Barbari
588 2122 715 2198 quid
735 2140 951 2200 agerent
969 2124 1301 2187 incerti‚cum
1320 2141 1495 2200 neque
1510 2120 1768 2178 incursare
1787 2126 1843 2178 in

226 2206 463 2287 pedestre
495 2225 688 2284 agmen
723 2203 956 2260 hostium
994 2224 1168 2281 neque
1204 2222 1394 2260 eorum
1436 2203 1729 2261 disturbare
1748 2224 1843 2259 or-

227 2291 378 2348 dines
402 2285 610 2368 possent
631 2327 645 2346 ,
663 2286 812 2363 quod
828 2288 951 2365 equi
971 2283 1237 2341 hastarum
1256 2283 1464 2362 spiculis
1481 2284 1703 2365 ipsoque
1726 2284 1844 2342 scu-‘-
1886 2333 1888 2336 .

224 2393 410 2430 torum
429 2369 649 2447 strepitu
669 2366 992 2424 consternati
1007 2365 1107 2423 sese
1127 2367 1666 2434 avei·terent,tandem
1688 2376 1845 2425 arcu-3

227 2449 331 2512 bus
345 2455 423 2510 uti
442 2450 802 2514 constituunt,
839 2448 1101 2527 sperantes
1131 2452 1364 2506 telorum
1387 2450 1732 2507 multitudine
1750 2447 1842 2506 fu-

228 2558 352 2618 gam
373 2534 421 2593 se
439 2531 682 2591 hostibus
699 2532 1001 2608 injec'fturOS.
1026 2533 1150 2588 Hoc
1168 2532 1426 2592 Romani,
1445 2531 1549 2588 hoc
1569 2537 1622 2589 &
1641 2535 1765 2588 Lazi
1786 2554 1842 2589 a-

225 2637 365 2699 gunt
385 2637 574 2674 unum.
594 2613 800 2671 Crebra
819 2617 1071 2692 utrinque
1092 2612 1312 2677 miffilia,
1337 2614 1613 2693 multaque·
1632 2632 1842 2671 certam²

225 2703 366 2759 tium
386 2699 580 2757 caedes:
604 2694 846 2755 densiora
865 2695 891 2752 a
909 2694 1072 2753 Persis
1097 2702 1150 2753 δε
1172 2698 1353 2753 Alanis
1373 2699 1474 2754 tela
1488 2695 1840 2770 jaciebantur,-
1881 2745 1886 2754 ,

225 2780 312 2840 sed
332 2802 448 2861 quae
478 2784 726 2860 pleraque
756 2781 1042 2835 Scutorum
1072 2775 1367 2856 repercuffu
1396 2781 1538 2836 irrita
1575 2778 1836 2837 caderent.

230 2869 288 2921 in
307 2863 412 2921 hoc
429 2861 687 2921 conflidhi
709 2859 982 2918 Persarum
1002 2882 1092 2917 rex
1112 2863 1308 2918 vulnus
1327 2864 1658 2941 accepit‚qua
1674 2875 1842 2917 manu

225 2949 510 3007 incertum.
556 2949 627 3004 ita
661 2940 908 3002 conferto
947 2965 1010 3002 ex
1043 2946 1256 3024 agmine
1280 2941 1499 3004 miffum'
1526 2943 1696 3004 telum
1725 2961 1841 2999 cer-

317 3047 319 3049 -
1723 3033 1842 3086 vice
