1888 3428
305 127 1324 201 DssREB.Gi=,-r1c1s.
1527 124 1641 196 645

24 231 235 315 punfflza
254 227 416 309 quam
435 222 656 281 lumina.
706 218 966 292 Q‘rum
1002 209 1167 264 animi
1186 203 1439 261 fiduciam
1454 216 1649 258 torvus

31 315 220 398 prodit
255 307 529 388 aspectu&
561 303 656 381 qui
675 301 836 356 etiam
874 296 928 350 in
966 291 1196 369 pignora
1226 286 1313 342 sua
1343 286 1522 363 primo
1560 282 1649 341 die

34 418 158 457 nata
174 393 480 454 desaeviunt.
499 387 644 444 Nam
664 379 900 439 maribus
919 371 1063 430 ferro
1078 388 1243 450 genas
1261 365 1454 433 secant,
1473 385 1533 422 ut
1552 386 1648 422 an·
1696 388 1699 391 ·

34 499 260 560 tequam
278 475 429 532 lactis
464 472 797 529 nutrimenta
817 458 1146 539 percipiant,
1182 449 1417 506 vulneris
1452 467 1654 526 cogan-

34 583 124 622 tur
152 560 326 618 subire
356 556 711 613 tolerantiam.
755 545 902 601 Hinc
942 532 1220 595 imberbes
1254 527 1531 586 senescunt
1551 568 1567 594 ‚
1598 532 1655 584 &

36 645 146 705 fine
165 634 442 703 venustate
478 629 671 715 ephebi
698 627 856 693 sunt3
891 623 1019 700 quia
1046 615 1207 674 facies
1240 609 1385 669 ferro
1423 611 1616 666 sulcata
1638 649 1655 675 ,

38 724 415 805 tempestivam
436 721 673 800 pilorum
709 710 934 792 gratiam
975 722 1070 782 per
1105 699 1376 755 cicatrices
1405 690 1658 749 absumit,

39 805 479 890 Exiguiquidem
499 797 677 856 forma
696 834 713 859 ,
748 789 836 848 fed
866 788 1041 868 arguti
1061 825 1079 852 ‚
1105 777 1351 839 motibus
1386 774 1662 854 expediti,

46 899 102 952 δέ
123 894 186 950 ad
224 884 583 969 equitandum
617 868 1037 957 prom‘ptiffimi:
1067 862 1288 944 scapulis
1320 861 1475 925 latis,
1508 862 1563 914 δε
1599 855 1667 913 ad

44 997 195 1034 arcus
214 963 529 1051 sagittasque
551 962 747 1043 parati:
783 954 954 1013 firmis
970 948 1262 1009 cervicibus
1282 986 1298 1011 ‚
1334 945 1461 1000 &in
1481 938 1667 1019 super-

46 1056 356 1133 bia‘se‘mper
378 1048 557 1107 erecti.
602 1045 680 1100 Hi
705 1036 835 1098 vero
858 1036 953 1095 siib
974 1034 1266 1092 hominum
1282 1024 1457 1106 figura
1474 1025 1671 1081 vivunt

48 1140 264 1200 beluina
288 1133 503 1191 sevitia.
548 1125 724 1205 Qod
745 1141 917 1204 genus
939 1111 1394 1195 expeditissimum
1416 1148 1432 1174 ‚
1467 1105 1674 1162 multa-

33 1241 281 1299 rumque,
298 1218 585 1275 nationum
606 1205 951 1291 graffatorem
969 1243 983 1264 ‚
1006 1200 1165 1255 Getae
1187 1212 1247 1251 ut
1267 1189 1519 1251 viderunt
1538 1229 1556 1256 ‚
1576 1207 1674 1243 ex-

51 1304 375 1386 pavescunt:
406 1295 618 1372 suoque
651 1310 775 1347 cum
805 1306 933 1364 rege
966 1279 1265 1338 deliberant
1306 1273 1539 1352 qualiter
1576 1267 1625 1325 se
1646 1266 1675 1324 εὶ

52 1389 143 1447 tali
178 1384 340 1443 hoste
361 1378 683 1438 subducant.
725 1372 871 1428 Nam
902 1363 1278 1422 Ermanaricus
1311 1375 1404 1412 rex
1439 1350 1679 1409 Gotho-

55 1491 179 1529 rum
197 1508 212 1533 ‚
246 1468 370 1524 licet
389 1469 411 1535 (
429 1456 746 1537 utsuperius
763 1449 1080 1518 retulimus)
1116 1442 1409 1500 multarum
1430 1435 1684 1516 gentium
1720 1464 1725 1466 -

59 1553 300 1613 extiterit
318 1541 716 1622 triumphator,
747 1535 812 1591 de
843 1534 1187 1589 Hunnorum
1224 1541 1404 1579 tamen
1440 1518 1682 1575 adventu

61 1638 195 1694 dum
233 1632 438 1710 cogitat
469 1627 485 1692 ‚'
522 1620 948 1681 Roxolanorum
984 1630 1118 1691 gens
1152 1603 1355 1670 infida,
1397 1620 1516 1680 quae
1548 1616 1685 1655 tunc

50 1724 203 1777 «inter
222 1716 346 1771 alias
373 1711 448 1766 illi
472 1703 793 1764 famulatum
812 1694 1101 1754 exhibebat
1123 1731 1139 1758 ,
1172 1689 1261 1745 tali
1278 1706 1406 1742 eum
1423 1677 1687 1740 nancisci-

65 1818 154 1858 tur
171 1794 453 1855 occasione
473 1790 736 1865 decipere.
764 1783 920 1837 Dum
940 1778 1085 1835 enim
1105 1768 1376 1851 quandam
1399 1766 1686 1823 mulierem

66 1877 522 1944 Sanielhnomine
546 1891 611 1928 ex
630 1883 794 1949 gente
814 1876 1135 1924 memorata,
1156 1874 1255 1933 pro
1275 1851 1448 1907 mariti
1466 1844 1688 1904 fraudu-

67 1968 222 2024 lento
251 1955 468 2021 discessu
492 1996 508 2023 ‚
538 1974 627 2010 rex
658 1948 840 2008 furore
861 1957 1211 2004 commotu5‚
1244 1935 1396 2012 equis
1415 1927 1691 1987 ferocibus

69 2050 329 2126 illigatam
350 2083 367 2111 ,
386 2034 724 2113 incitatisque
748 2027 987 2087 cursibus
1007 2066 1023 2093 ‚
1042 2042 1134 2103 pei·
1158 2014 1358 2077 diversa
1374 2014 1548 2071 divelli
1564 2029 1697 2088 prae-

75 2127 289 2208 cepiffet
314 2148 327 2183 :
357 2122 545 2180 fratres
568 2123 681 2194 ejus
713 2117 872 2171 Sarus
906 2117 959 2168 &
983 2105 1242 2165 Ammius
1276 2115 1545 2178 germanae
1568 2090 1696 2149 obi-

42 2232 198 2292 s'tum
233 2207 605 2267 vindicante5‚
650 2195 981 2255 Ermanarici
1025 2191 1162 2246 latus
1204 2181 1349 2240 ferro
1387 2179 1696 2259 petierunt:

34 2294 42 2305 ²
79 2315 194 2376 quo
217 2292 438 2350 vulnere
460 2284 698 2348 sauciuS,
737 2297 932 2358 aegram
957 2276 1120 2330 vitam
1156 2267 1397 2343 corporis
1417 2257 1704 2319 imbecilli-

60 2394 192 2436 tate
224 2372 507 2433 contraxit.
556 2367 744 2434 Quam
780 2355 1048 2418 adversam
1083 2359 1196 2431 ejus
1229 2344 1596 2405 valetudinem
1615 2357 1703 2394 ca-

85 2479 242 2541 ptans
270 2455 499 2513 Balamir
526 2469 618 2505 rex
646 2448 984 2502 Hunnorum
1005 2480 1021 2506 ‚
1054 2441 1109 2493 in
1141 2426 1508 2509 Ostrogotlias
1528 2420 1707 2479 movit

88 2539 431 2623 procinctum
455 2556 468 2590 ε
488 2533 513 2590 εὶ
533 2547 770 2610 quorum
789 2523 1042 2582 societate
1056 2525 1166 2594 jam
1186 2508 1507 2591 Vesegothae
1527 2497 1712 2562 disces-

88 2627 196 2684 sere
218 2664 236 2691 ,
269 2640 435 2701 quam
455 2615 663 2674 dudum
688 2614 826 2667 inter
844 2608 892 2664 se
915 2603 1092 2681 juncti
1108 2595 1394 2657 habebant.
1438 2596 1585 2646 Inter
1601 2583 1714 2642 haec

90 2705 597 2767 Ermanaricus'tam
618 2693 852 2753 vulneris
873 2688 1122 2745 dolorem
1141 2723 1156 2750 ‚
1177 2676 1340 2760 quam
1362 2677 1520 2731 etiam
1541 2673 1717 2726 incur-

96 2789 275 2849 siones
306 2786 649 2842 Hunnorum
683 2795 798 2832 non
827 2769 1041 2835 ferenS‚
1075 2763 1392 2847 grandaevus
1435 2761 1488 2813 &
1526 2753 1716 2830 plenus

101 2873 311 2939 dierum
338 2909 352 2936 ,
386 2859 680 2922 centesimo
716 2858 932 2915 decimo
970 2870 1116 2908 anno
1150 2849 1268 2904 vitae
1305 2839 1404 2897 suae
1429 2830 1719 2894 defunetus

104 2952 201 3016 est.
247 2952 425 3028 Cujus
456 2945 645 3004 mortis
681 2936 887 2998 occasio
909 2933 1059 2995 dedit
1089 2927 1315 2987 Hunnis
1349 2917 1627 3002 praevalere
1664 2913 1724 2964 in

983 3018 1056 3071 Ss
1105 3034 1130 3089 3
1519 2991 1732 3052 Gothis
