1888 3428
268 139 381 198 Go
405 155 720 198 ’1⁰erAE
760 136 1174 196 H15TOR1AE
1214 140 1429 199 LIB.I.
1539 160 1650 220 171

36 221 91 293 id
103 220 251 298 justae
268 225 355 281 irae
374 222 561 280 datum
592 219 837 279 Belisario
857 240 982 277 cum
1004 220 1310 277 excusarent
1330 263 1346 283 ,
1376 245 1490 280 non
1509 223 1655 283 diffi-

34 308 200 363 culter
217 306 623 384 veniam'adepti
641 301 782 361 sunt.
823 321 984 381 atque
1012 301 1157 359 hunc
1175 306 1231 359 in
1254 305 1484 361 modum
1502 308 1656 365 Nea-

32 389 288 467 politanis
307 409 388 444 res
406 386 659 445 cecidere.
700 389 778 443 At
796 384 1147 443 Gotthorum
1167 386 1318 464 quod
1332 387 1527 443 Romae
1547 393 1654 448 cir-

32 491 269 549 cumque
303 488 413 527 erat
433 511 448 532 ‚
479 471 653 526 mirati
685 473 740 525 &
770 486 893 525 ante
907 465 1185 526 Theudati
1214 486 1498 525 veternum
1521 511 1537 534 ‚
1555 474 1651 548 qui

32 569 144 608 tam
178 555 498 633 propinquis
533 548 780 609 hostibus
815 571 932 608 non
949 553 1049 607 iret
1081 549 1303 609 obviam
1326 592 1342 616 ,
1374 556 1542 631 magis
1562 555 1651 608 in-

29 634 144 691 dies
175 639 316 693 intra
348 634 398 693 se
431 633 721 713 suspectare
755 655 881 690 eum
919 652 1188 710 caeperunt
1215 675 1232 700 ,
1275 652 1535 713 tanquam
1567 639 1648 691 res

29 715 375 774 Gotthorum
407 714 596 794 sponte
632 716 958 794 prodentem
991 715 1286 773 Iustiniano
1307 757 1323 783 ‚
1360 738 1459 775 nec
1493 720 1647 795 quic-

27 819 189 876 quam
209 799 355 878 pensi
373 797 662 855 habentem
682 838 701 864 ,
735 798 834 856 nifi
868 817 927 856 ut
955 804 1010 855 in
1036 803 1267 856 maxima
1294 801 1649 877 pecuniarum

25 877 300 939 affluentia
333 879 490 962 segne
529 883 709 939 otium
737 880 975 939 duceret.
1016 884 1096 939 At
1131 881 1225 939 ubi
1259 888 1313 938 &
1335 883 1646 960 Neapolim

22 980 231 1039 captam
248 960 390 1020 fama
408 965 607 1026 attulit,
625 983 976 1043 prorumpere
997 985 1211 1029 omneS,
1231 965 1517 1044 palamque
1535 966 1646 1023 haec

21 1065 150 1102 eum
169 1048 455 1104 criminari.
497 1049 583 1103 Sic
598 1049 841 1115 animati,
857 1052 912 1103 in
930 1050 1112 1105 locum
1134 1049 1339 1104 coeunt
1356 1092 1372 1113 ,
1396 1048 1646 1105 ducentis

23 1133 78 1184 &
97 1128 382 1208 mstoginta
398 1127 576 1187 stadiis
599 1130 784 1187 Roma
802 1127 1039 1188 dissitum
1059 1172 1077 1198 ‚
1107 1132 1203 1208 qui
1220 1132 1429 1210 Regeta
1446 1130 1644 1189 dicitur

21 1210 310 1279 RomaniS,
329 1211 480 1290 quod
499 1232 618 1268 earn
638 1211 813 1269 castris
832 1209 1011 1270 sedem
1030 1218 1296 1291 optimam
1316 1213 1635 1286 judicarent,

22 1295 205 1350 multis
223 1295 424 1351 circum
448 1296 648 1373 campis
671 1295 738 1355 ad
756 1310 1025 1373 equorum
1046 1294 1238 1371 pabula
1256 1339 1268 1359 ,
1303 1294 1564 1353 allabente
1584 1303 1642 1354 &

21 1394 180 1432 amne
197 1415 215 1442 ‚
248 1396 411 1454 quem
430 1376 695 1456 indigenae
712 1380 902 1434 Latina
916 1396 1050 1435 voce
1070 1378 1516 1435 Decemnovium
1536 1399 1642 1436 vo-

20 1473 166 1526 cant,
180 1457 332 1537 quod
350 1458 535 1515 decem
556 1464 611 1514 &
632 1480 835 1517 novem
855 1456 1462 1539 emensu3‚lapide8‚quae
1480 1481 1642 1518 men-

18 1535 134 1596 sura
152 1537 323 1596 ferme
353 1558 575 1598 centum
595 1546 649 1597 &
669 1541 857 1598 decem
888 1541 1050 1598 stadia
1065 1539 1290 1598 conficit
1307 1583 1326 1609 ‚
1358 1541 1484 1598 inde
1506 1545 1640 1600 mari

16 1619 67 1676 se
99 1619 312 1679 misceat
345 1622 486 1701 apud
515 1624 861 1678 Tarracinam
897 1625 1256 1699 municipium
1290 1644 1305 1678 τ
1342 1623 1485 1680 unde
1517 1645 1637 1681 non

13 1704 179 1783 longe
200 1704 465 1763 Circaeum
488 1723 648 1760 mons
668 1707 723 1760 in
742 1725 856 1783 quo
877 1725 1003 1760 cum
1024 1703 1185 1761 Circe
1204 1702 1384 1762 vixiffe
1399 1707 1636 1784 Vlyxem

16 1803 226 1842 narrant
263 1808 277 1841 :
311 1785 450 1841 mihi
479 1804 663 1843 tamen
699 1786 754 1842 id
786 1807 900 1843 non
929 1783 1080 1843 facile
1099 1786 1416 1864 persuadent
1435 1829 1451 1853 ,
1481 1788 1652 1867 quod

13 1864 404 1925 habitationem
426 1869 613 1926 Circes
629 1872 684 1925 in
701 1866 867 1925 insula
882 1869 1166 1925 Homerus
1184 1870 1347 1926 locat:
1366 1868 1461 1927 nisi
1480 1870 1633 1949 quod

15 1951 283 2008 Circaeum
322 1953 555 2008 multum
588 1953 643 2008 in
663 1973 807 2009 mare
828 1971 1150 2030 procurrens
1169 1949 1350 2011 insulae
1369 1950 1530 2009 habet
1548 1955 1630 2014 in-

10 2027 113 2088 star
131 2072 149 2097 ,
174 2037 438 2113 juxtaque
457 2033 841 2113 navigantibus
861 2074 876 2100 ‚
914 2053 1006 2090 aut
1025 2037 1080 2090 in
1099 2034 1281 2090 littore
1299 2035 1632 2092 ambulanti.-

11 2112 110 2170 bus
129 2155 146 2180 ‚
182 2114 348 2173 insula
370 2117 584 2173 videtur
603 2156 620 2182 ,
653 2117 830 2174 donec
858 2120 913 2174 in
941 2113 1112 2196 ipsum
1133 2119 1317 2174 locum
1340 2117 1630 2197 perductus

8 2200 127 2274 quis
161 2197 512 2276 deprehendit
544 2196 666 2256 falsa
704 2196 753 2255 se
787 2197 955 2276 specie
989 2199 1278 2276 deceptum
1319 2222 1332 2255 :
1365 2218 1530 2279 atque
1550 2199 1628 2258 ob

8 2299 126 2335 eam
181 2276 325 2338 forte
367 2278 768 2339 similitudinem
809 2284 1093 2338 Homerus
1133 2282 1358 2338 insulam
1406 2283 1596 2341 dixerit
1611 2328 1628 2344 ..

6 2361 171 2418 Nunc
206 2362 348 2420 unde
382 2363 618 2420 abieram
650 2365 773 2421 illuc
803 2365 982 2422 redeo.
1031 2362 1235 2426 Gotthi
1266 2368 1398 2420 utin
1416 2367 1629 2444 Regeta

6 2462 262 2502 venerant
281 2486 297 2507 ‚
326 2443 423 2503 fibi
444 2464 604 2525 atque
636 2448 795 2504 Italiae
831 2468 1013 2527 regem
1047 2451 1344 2526 imponunt
1370 2452 1629 2527 Vitigim²

5 2523 285 2596 hominem
304 2549 419 2585 non
439 2531 571 2586 clara
591 2550 654 2586 ex
674 2530 844 2586 domo
867 2572 882 2596 ,
901 2528 987 2588 sed
1006 2529 1359 2609 conspicuum
1383 2528 1625 2588 fortibus

7 2608 71 2666 ad
91 2611 343 2667 Sirmium
363 2608 517 2669 faustis
540 2651 556 2678 ‚
574 2633 689 2690 quo
709 2631 955 2690 tempore
975 2616 1031 2669 in
1056 2611 1298 2690 Gepidas
1310 2613 1625 2673 Theuderi-

7 2688 110 2746 cho
127 2688 434 2751 bellabatur.
478 2696 583 2751 His
601 2693 921 2752 Theudatus
939 2698 1173 2776 cognitis
1190 2696 1415 2754 celerem
1432 2693 1622 2776 fugam

4 2772 319 2832 Ravennam
338 2777 592 2835 intendit.
635 2798 733 2833 nec
750 2798 816 2833 eo
837 2775 1049 2859 segnior
1064 2779 1266 2858 Vitigis
1288 2778 1538 2836 Ofizarim
1556 2781 1620 2839 il-

5 2856 112 2911 lico
133 2859 318 2926 mittit‚
338 2857 620 2917 Gotthum
641 2857 944 2928 hominem,
964 2881 1088 2918 cum
1109 2861 1374 2919 mandatis
1391 2902 1410 2937 ‚
1428 2864 1617 2920 vivum

5 2933 288 3002 adduceret
319 2940 670 3001 Theudatum
703 2960 794 3001 aut
834 2940 1065 3003 adferret
1097 2948 1435 3003 exanimem.
1488 2942 1618 3004 Erae

652 3032 654 3035 ’
1431 3039 1614 3083 autem
