<?xml version="1.0" encoding="UTF-8"?>
<!DOCTYPE html PUBLIC "-//W3C//DTD XHTML 1.0 Transitional//EN"
    "http://www.w3.org/TR/xhtml1/DTD/xhtml1-transitional.dtd">
<html xmlns="http://www.w3.org/1999/xhtml" xml:lang="en" lang="en">
 <head>
  <title>
</title>
<meta http-equiv="Content-Type" content="text/html;charset=utf-8" />
  <meta name='ocr-system' content='tesseract 3.04.00' />
  <meta name='ocr-capabilities' content='ocr_page ocr_carea ocr_par ocr_line ocrx_word'/>
</head>
<body>
  <div class='ocr_page' id='page_1' title='image "./historiagotthoru00grot_0581.png"; bbox 0 0 1888 3428; ppageno 0'>
   <div class='ocr_carea' id='block_1_1' title="bbox 13 144 1642 3077">
    <p class='ocr_par' dir='ltr' id='par_1_1' title="bbox 13 144 1642 3016">
     <span class='ocr_line' id='line_1_1' title="bbox 193 144 1611 230; baseline 0.002 -24"><span class='ocrx_word' id='word_1_1' title='bbox 193 147 615 207; x_wconf 56' lang='lat' dir='ltr'><strong>Gor-*rumis</strong></span> <span class='ocrx_word' id='word_1_2' title='bbox 654 144 1047 204; x_wconf 61' lang='lat' dir='ltr'><strong>His-rorum</strong></span> <span class='ocrx_word' id='word_1_3' title='bbox 1085 151 1232 204; x_wconf 83' lang='lat' dir='ltr'>LIB.</span> <span class='ocrx_word' id='word_1_4' title='bbox 1269 152 1380 208; x_wconf 91' lang='lat' dir='ltr'><strong>IV.</strong></span> <span class='ocrx_word' id='word_1_5' title='bbox 1500 168 1611 230; x_wconf 71' lang='lat'><strong>415</strong></span> 
     </span>
     <span class='ocr_line' id='line_1_2' title="bbox 25 224 1625 309; baseline 0.001 -18"><span class='ocrx_word' id='word_1_6' title='bbox 25 244 170 309; x_wconf 77' lang='lat' dir='ltr'><strong>ropae</strong></span> <span class='ocrx_word' id='word_1_7' title='bbox 188 232 375 295; x_wconf 86' lang='lat' dir='ltr'><strong>datur,</strong></span> <span class='ocrx_word' id='word_1_8' title='bbox 406 229 738 308; x_wconf 86' lang='lat' dir='ltr'><strong>Apfiliorum</strong></span> <span class='ocrx_word' id='word_1_9' title='bbox 770 224 844 284; x_wconf 89' lang='lat' dir='ltr'><strong>est</strong></span> <span class='ocrx_word' id='word_1_10' title='bbox 864 227 1037 306; x_wconf 79' lang='lat' dir='ltr'><strong>regio,</strong></span> <span class='ocrx_word' id='word_1_11' title='bbox 1068 228 1452 308; x_wconf 85' lang='lat' dir='ltr'><strong>obtemperant</strong></span> <span class='ocrx_word' id='word_1_12' title='bbox 1485 240 1538 291; x_wconf 72' lang='grc' dir='ltr'><strong>ἃ,</strong></span> <span class='ocrx_word' id='word_1_13' title='bbox 1567 233 1625 291; x_wconf 83' lang='lat' dir='ltr'><strong>hi</strong></span> 
     </span>
     <span class='ocr_line' id='line_1_3' title="bbox 23 307 1628 394; baseline 0.002 -23"><span class='ocrx_word' id='word_1_14' title='bbox 23 319 210 379; x_wconf 72' lang='lat' dir='ltr'><strong>Lazis,</strong></span> <span class='ocrx_word' id='word_1_15' title='bbox 249 312 645 392; x_wconf 86' lang='lat' dir='ltr'><strong>Christianique</strong></span> <span class='ocrx_word' id='word_1_16' title='bbox 673 308 793 369; x_wconf 88' lang='lat' dir='ltr'><strong>sunt</strong></span> <span class='ocrx_word' id='word_1_17' title='bbox 824 307 891 365; x_wconf 92' lang='lat' dir='ltr'><strong>ab</strong></span> <span class='ocrx_word' id='word_1_18' title='bbox 912 311 1138 387; x_wconf 88' lang='lat' dir='ltr'><strong>antiquo</strong></span> <span class='ocrx_word' id='word_1_19' title='bbox 1157 349 1174 376; x_wconf 86' lang='lat'>‚</span> <span class='ocrx_word' id='word_1_20' title='bbox 1205 329 1263 366; x_wconf 90' lang='lat' dir='ltr'><strong>ut</strong></span> <span class='ocrx_word' id='word_1_21' title='bbox 1294 311 1628 394; x_wconf 56' lang='lat' dir='ltr'><strong>&amp;aliae&#39;quas</strong></span> 
     </span>
     <span class='ocr_line' id='line_1_4' title="bbox 25 393 1628 473; baseline -0.001 -20"><span class='ocrx_word' id='word_1_22' title='bbox 25 393 264 472; x_wconf 74' lang='lat' dir='ltr'><strong>descripsi</strong></span> <span class='ocrx_word' id='word_1_23' title='bbox 294 394 550 451; x_wconf 63' lang='lat' dir='ltr'><strong>ha&amp;e11us</strong></span> <span class='ocrx_word' id='word_1_24' title='bbox 578 410 787 473; x_wconf 85' lang='lat' dir='ltr'><strong>gentes.</strong></span> <span class='ocrx_word' id='word_1_25' title='bbox 826 393 980 448; x_wconf 87' lang='lat' dir='ltr'><strong>Vltra</strong></span> <span class='ocrx_word' id='word_1_26' title='bbox 1009 412 1127 448; x_wconf 87' lang='lat' dir='ltr'><strong>eam</strong></span> <span class='ocrx_word' id='word_1_27' title='bbox 1159 395 1438 471; x_wconf 82' lang='lat' dir='ltr'>regionem</span> <span class='ocrx_word' id='word_1_28' title='bbox 1466 417 1628 454; x_wconf 87' lang='lat' dir='ltr'><strong>mons</strong></span> 
     </span>
     <span class='ocr_line' id='line_1_5' title="bbox 27 471 1630 552; baseline 0.001 -18"><span class='ocrx_word' id='word_1_29' title='bbox 27 474 297 535; x_wconf 82' lang='lat' dir='ltr'>Caucasus</span> <span class='ocrx_word' id='word_1_30' title='bbox 316 480 371 533; x_wconf 89' lang='lat' dir='ltr'><strong>in</strong></span> <span class='ocrx_word' id='word_1_31' title='bbox 392 472 713 533; x_wconf 86' lang='lat' dir='ltr'><strong>immensum</strong></span> <span class='ocrx_word' id='word_1_32' title='bbox 732 471 998 530; x_wconf 85' lang='lat' dir='ltr'>attollitur</span> <span class='ocrx_word' id='word_1_33' title='bbox 1014 513 1032 540; x_wconf 88' lang='lat'>,</span> <span class='ocrx_word' id='word_1_34' title='bbox 1065 477 1140 529; x_wconf 89' lang='lat' dir='ltr'><strong>ita</strong></span> <span class='ocrx_word' id='word_1_35' title='bbox 1158 491 1217 530; x_wconf 95' lang='lat' dir='ltr'><strong>ut</strong></span> <span class='ocrx_word' id='word_1_36' title='bbox 1238 478 1492 533; x_wconf 90' lang='lat' dir='ltr'><strong>verticem</strong></span> <span class='ocrx_word' id='word_1_37' title='bbox 1513 483 1630 552; x_wconf 89' lang='lat' dir='ltr'><strong>ejus</strong></span> 
     </span>
     <span class='ocr_line' id='line_1_6' title="bbox 25 554 1629 636; baseline 0 -20"><span class='ocrx_word' id='word_1_38' title='bbox 25 581 141 616; x_wconf 90' lang='lat' dir='ltr'><strong>non</strong></span> <span class='ocrx_word' id='word_1_39' title='bbox 161 561 310 616; x_wconf 90' lang='lat' dir='ltr'><strong>nives</strong></span> <span class='ocrx_word' id='word_1_40' title='bbox 329 598 346 624; x_wconf 90' lang='lat'><strong>,</strong></span> <span class='ocrx_word' id='word_1_41' title='bbox 393 580 508 615; x_wconf 90' lang='lat' dir='ltr'><strong>non</strong></span> <span class='ocrx_word' id='word_1_42' title='bbox 528 558 713 634; x_wconf 69' lang='lat' dir='ltr'><strong>pluviae</strong></span> <span class='ocrx_word' id='word_1_43' title='bbox 731 557 999 634; x_wconf 87' lang='lat' dir='ltr'><strong>attingant</strong></span> <span class='ocrx_word' id='word_1_44' title='bbox 1016 596 1034 622; x_wconf 84' lang='lat'><em>‚</em></span> <span class='ocrx_word' id='word_1_45' title='bbox 1069 558 1268 634; x_wconf 88' lang='lat' dir='ltr'><strong>quippe</strong></span> <span class='ocrx_word' id='word_1_46' title='bbox 1288 554 1438 636; x_wconf 86' lang='lat' dir='ltr'><strong>supra</strong></span> <span class='ocrx_word' id='word_1_47' title='bbox 1456 558 1629 616; x_wconf 90' lang='lat' dir='ltr'><strong>nubes</strong></span> 
     </span>
     <span class='ocr_line' id='line_1_7' title="bbox 27 639 1629 715; baseline 0.001 -18"><span class='ocrx_word' id='word_1_48' title='bbox 27 642 255 699; x_wconf 87' lang='lat' dir='ltr'><strong>editum.</strong></span> <span class='ocrx_word' id='word_1_49' title='bbox 302 645 376 697; x_wconf 83' lang='lat' dir='ltr'><strong>At</strong></span> <span class='ocrx_word' id='word_1_50' title='bbox 412 641 585 697; x_wconf 90' lang='lat' dir='ltr'><strong>media</strong></span> <span class='ocrx_word' id='word_1_51' title='bbox 611 641 826 713; x_wconf 83' lang='lat' dir='ltr'><strong>imaque</strong></span> <span class='ocrx_word' id='word_1_52' title='bbox 860 642 974 713; x_wconf 88' lang='lat' dir='ltr'><strong>ejus</strong></span> <span class='ocrx_word' id='word_1_53' title='bbox 1005 656 1263 715; x_wconf 89' lang='lat' dir='ltr'><strong>perpetua</strong></span> <span class='ocrx_word' id='word_1_54' title='bbox 1297 641 1419 697; x_wconf 87' lang='lat' dir='ltr'><strong>nive</strong></span> <span class='ocrx_word' id='word_1_55' title='bbox 1443 639 1629 698; x_wconf 87' lang='lat' dir='ltr'><strong>obdu-</strong></span> 
     </span>
     <span class='ocr_line' id='line_1_8' title="bbox 27 718 1629 802; baseline 0 -23"><span class='ocrx_word' id='word_1_56' title='bbox 27 742 222 779; x_wconf 89' lang='lat' dir='ltr'><strong>cuntur</strong></span> <span class='ocrx_word' id='word_1_57' title='bbox 238 764 254 790; x_wconf 84' lang='lat'>,</span> <span class='ocrx_word' id='word_1_58' title='bbox 285 742 398 802; x_wconf 89' lang='lat' dir='ltr'><strong>quo</strong></span> <span class='ocrx_word' id='word_1_59' title='bbox 419 721 480 779; x_wconf 87' lang='lat' dir='ltr'><strong>fit</strong></span> <span class='ocrx_word' id='word_1_60' title='bbox 498 738 557 777; x_wconf 90' lang='lat' dir='ltr'><strong>ut</strong></span> <span class='ocrx_word' id='word_1_61' title='bbox 575 726 628 777; x_wconf 82' lang='lat'>&amp;</span> <span class='ocrx_word' id='word_1_62' title='bbox 647 718 844 791; x_wconf 82' lang='lat' dir='ltr'><strong>radices</strong></span> <span class='ocrx_word' id='word_1_63' title='bbox 864 722 1067 775; x_wconf 88' lang='lat' dir='ltr'><strong>montis</strong></span> <span class='ocrx_word' id='word_1_64' title='bbox 1082 721 1249 776; x_wconf 91' lang='lat' dir='ltr'><strong>altum</strong></span> <span class='ocrx_word' id='word_1_65' title='bbox 1269 720 1491 788; x_wconf 81' lang='lat' dir='ltr'><strong>exstent,</strong></span> <span class='ocrx_word' id='word_1_66' title='bbox 1512 741 1629 780; x_wconf 86' lang='lat' dir='ltr'><strong>non</strong></span> 
     </span>
     <span class='ocr_line' id='line_1_9' title="bbox 27 799 1635 882; baseline 0 -21"><span class='ocrx_word' id='word_1_67' title='bbox 27 809 208 861; x_wconf 89' lang='lat' dir='ltr'><strong>minus</strong></span> <span class='ocrx_word' id='word_1_68' title='bbox 235 825 404 882; x_wconf 15' lang='lat' dir='ltr'><strong>*quam</strong></span> <span class='ocrx_word' id='word_1_69' title='bbox 443 805 670 860; x_wconf 87' lang='lat' dir='ltr'><strong>aliorum</strong></span> <span class='ocrx_word' id='word_1_70' title='bbox 701 804 977 858; x_wconf 89' lang='lat' dir='ltr'><strong>montium</strong></span> <span class='ocrx_word' id='word_1_71' title='bbox 1011 799 1233 879; x_wconf 82' lang='lat' dir='ltr'>scopuli.</span> <span class='ocrx_word' id='word_1_72' title='bbox 1273 804 1472 859; x_wconf 88' lang='lat' dir='ltr'><strong>Earum</strong></span> <span class='ocrx_word' id='word_1_73' title='bbox 1492 805 1635 862; x_wconf 82' lang='lat' dir='ltr'><strong>radi-</strong></span> 
     </span>
     <span class='ocr_line' id='line_1_10' title="bbox 24 880 1633 962; baseline 0.001 -20"><span class='ocrx_word' id='word_1_74' title='bbox 24 906 148 942; x_wconf 86' lang='lat' dir='ltr'><strong>cum</strong></span> <span class='ocrx_word' id='word_1_75' title='bbox 181 886 289 942; x_wconf 85' lang='lat' dir='ltr'><strong>aliae</strong></span> <span class='ocrx_word' id='word_1_76' title='bbox 318 885 382 942; x_wconf 90' lang='lat' dir='ltr'><strong>ad</strong></span> <span class='ocrx_word' id='word_1_77' title='bbox 413 883 803 961; x_wconf 85' lang='lat' dir='ltr'><strong>septentriones</strong></span> <span class='ocrx_word' id='word_1_78' title='bbox 829 880 1103 962; x_wconf 90' lang='lat' dir='ltr'><strong>solemque</strong></span> <span class='ocrx_word' id='word_1_79' title='bbox 1131 883 1491 943; x_wconf 88' lang='lat' dir='ltr'><strong>Occidentem</strong></span> <span class='ocrx_word' id='word_1_80' title='bbox 1510 906 1633 945; x_wconf 74' lang='lat' dir='ltr'><strong>ver-</strong></span> 
     </span>
     <span class='ocr_line' id='line_1_11' title="bbox 26 963 1632 1045; baseline 0.001 -20"><span class='ocrx_word' id='word_1_81' title='bbox 26 967 88 1025; x_wconf 87' lang='lat' dir='ltr'><strong>sae</strong></span> <span class='ocrx_word' id='word_1_82' title='bbox 120 968 185 1023; x_wconf 89' lang='lat' dir='ltr'><strong>ad</strong></span> <span class='ocrx_word' id='word_1_83' title='bbox 214 968 418 1044; x_wconf 88' lang='lat' dir='ltr'><strong>Illyrios</strong></span> <span class='ocrx_word' id='word_1_84' title='bbox 454 963 794 1044; x_wconf 81' lang='lat' dir='ltr'><strong>Thracasque</strong></span> <span class='ocrx_word' id='word_1_85' title='bbox 813 965 1139 1044; x_wconf 89' lang='lat' dir='ltr'><strong>procedunt.</strong></span> <span class='ocrx_word' id='word_1_86' title='bbox 1176 984 1229 1022; x_wconf 88' lang='lat' dir='ltr'><strong>at</strong></span> <span class='ocrx_word' id='word_1_87' title='bbox 1259 988 1375 1045; x_wconf 87' lang='lat' dir='ltr'><strong>quae</strong></span> <span class='ocrx_word' id='word_1_88' title='bbox 1394 968 1632 1027; x_wconf 87' lang='lat' dir='ltr'><strong>austrum</strong></span> 
     </span>
     <span class='ocr_line' id='line_1_12' title="bbox 28 1044 1632 1131; baseline 0.002 -25"><span class='ocrx_word' id='word_1_89' title='bbox 28 1068 318 1128; x_wconf 87' lang='lat' dir='ltr'><strong>ortumque</strong></span> <span class='ocrx_word' id='word_1_90' title='bbox 339 1046 577 1126; x_wconf 58' lang='lat' dir='ltr'><strong>sperffiint</strong></span> <span class='ocrx_word' id='word_1_91' title='bbox 595 1088 611 1115; x_wconf 87' lang='lat'>,</span> <span class='ocrx_word' id='word_1_92' title='bbox 643 1048 705 1105; x_wconf 91' lang='lat' dir='ltr'><strong>ad</strong></span> <span class='ocrx_word' id='word_1_93' title='bbox 721 1044 903 1104; x_wconf 84' lang='lat' dir='ltr'><strong>fauces</strong></span> <span class='ocrx_word' id='word_1_94' title='bbox 920 1047 1072 1104; x_wconf 89' lang='lat' dir='ltr'><strong>binas</strong></span> <span class='ocrx_word' id='word_1_95' title='bbox 1092 1048 1297 1105; x_wconf 92' lang='lat' dir='ltr'><strong>ducunt</strong></span> <span class='ocrx_word' id='word_1_96' title='bbox 1312 1090 1328 1116; x_wconf 91' lang='lat'>‚</span> <span class='ocrx_word' id='word_1_97' title='bbox 1373 1070 1466 1129; x_wconf 86' lang='lat' dir='ltr'><strong>per</strong></span> <span class='ocrx_word' id='word_1_98' title='bbox 1498 1073 1632 1131; x_wconf 87' lang='lat' dir='ltr'><strong>quas</strong></span> 
     </span>
     <span class='ocr_line' id='line_1_13' title="bbox 28 1128 1628 1210; baseline 0.001 -22"><span class='ocrx_word' id='word_1_99' title='bbox 28 1129 78 1188; x_wconf 92' lang='lat' dir='ltr'><strong>se</strong></span> <span class='ocrx_word' id='word_1_100' title='bbox 113 1132 383 1188; x_wconf 84' lang='lat' dir='ltr'><strong>Hunnicae</strong></span> <span class='ocrx_word' id='word_1_101' title='bbox 417 1149 643 1210; x_wconf 84' lang='lat' dir='ltr'><strong>gentes,</strong></span> <span class='ocrx_word' id='word_1_102' title='bbox 678 1130 813 1186; x_wconf 80' lang='lat' dir='ltr'><strong>ultra</strong></span> <span class='ocrx_word' id='word_1_103' title='bbox 845 1128 1179 1196; x_wconf 81' lang='lat' dir='ltr'><strong>habitantes,</strong></span> <span class='ocrx_word' id='word_1_104' title='bbox 1227 1133 1282 1187; x_wconf 92' lang='lat' dir='ltr'><strong>in</strong></span> <span class='ocrx_word' id='word_1_105' title='bbox 1308 1134 1628 1208; x_wconf 83' lang='lat' dir='ltr'><strong>Romanum</strong></span> 
     </span>
     <span class='ocr_line' id='line_1_14' title="bbox 24 1208 1631 1292; baseline 0.003 -21"><span class='ocrx_word' id='word_1_106' title='bbox 24 1210 405 1292; x_wconf 83' lang='lat' dir='ltr'><strong>Perficumque</strong></span> <span class='ocrx_word' id='word_1_107' title='bbox 423 1215 710 1290; x_wconf 89' lang='lat' dir='ltr'><strong>imperium</strong></span> <span class='ocrx_word' id='word_1_108' title='bbox 728 1208 1044 1268; x_wconf 88' lang='lat' dir='ltr'><strong>infundunt.</strong></span> <span class='ocrx_word' id='word_1_109' title='bbox 1071 1214 1270 1269; x_wconf 84' lang='lat' dir='ltr'><strong>Fauces</strong></span> <span class='ocrx_word' id='word_1_110' title='bbox 1288 1214 1460 1273; x_wconf 84' lang='lat' dir='ltr'><strong>alterae</strong></span> <span class='ocrx_word' id='word_1_111' title='bbox 1475 1219 1631 1275; x_wconf 84' lang='lat' dir='ltr'><strong>Tzur</strong></span> 
     </span>
     <span class='ocr_line' id='line_1_15' title="bbox 28 1290 1633 1371; baseline 0.004 -22"><span class='ocrx_word' id='word_1_112' title='bbox 28 1313 326 1350; x_wconf 85' lang='lat' dir='ltr'><strong>vocantur:</strong></span> <span class='ocrx_word' id='word_1_113' title='bbox 358 1296 531 1351; x_wconf 88' lang='lat' dir='ltr'><strong>alteris</strong></span> <span class='ocrx_word' id='word_1_114' title='bbox 555 1299 840 1352; x_wconf 83' lang='lat' dir='ltr'><strong>Portarum</strong></span> <span class='ocrx_word' id='word_1_115' title='bbox 880 1290 1192 1371; x_wconf 87' lang='lat' dir='ltr'><strong>Caspiarum</strong></span> <span class='ocrx_word' id='word_1_116' title='bbox 1223 1296 1428 1353; x_wconf 78' lang='lat' dir='ltr'><strong>celebre</strong></span> <span class='ocrx_word' id='word_1_117' title='bbox 1449 1297 1513 1353; x_wconf 91' lang='lat' dir='ltr'><strong>ab</strong></span> <span class='ocrx_word' id='word_1_118' title='bbox 1531 1319 1633 1355; x_wconf 88' lang='lat' dir='ltr'><strong>an-</strong></span> 
     </span>
     <span class='ocr_line' id='line_1_16' title="bbox 28 1375 1634 1456; baseline 0.003 -23"><span class='ocrx_word' id='word_1_119' title='bbox 28 1379 187 1455; x_wconf 89' lang='lat' dir='ltr'><strong>tiquo</strong></span> <span class='ocrx_word' id='word_1_120' title='bbox 211 1397 436 1433; x_wconf 88' lang='lat' dir='ltr'><strong>nomen.</strong></span> <span class='ocrx_word' id='word_1_121' title='bbox 482 1375 738 1456; x_wconf 89' lang='lat' dir='ltr'><strong>quicquid</strong></span> <span class='ocrx_word' id='word_1_122' title='bbox 755 1392 1017 1434; x_wconf 88' lang='lat' dir='ltr'><strong>terrarum</strong></span> <span class='ocrx_word' id='word_1_123' title='bbox 1045 1375 1072 1432; x_wconf 76' lang='grc' dir='ltr'>ὲ</span> <span class='ocrx_word' id='word_1_124' title='bbox 1105 1375 1344 1434; x_wconf 88' lang='lat' dir='ltr'><strong>Caucaso</strong></span> <span class='ocrx_word' id='word_1_125' title='bbox 1363 1377 1427 1435; x_wconf 90' lang='lat' dir='ltr'><strong>ad</strong></span> <span class='ocrx_word' id='word_1_126' title='bbox 1446 1383 1634 1439; x_wconf 87' lang='lat' dir='ltr'><strong>Portas</strong></span> 
     </span>
     <span class='ocr_line' id='line_1_17' title="bbox 13 1456 1636 1538; baseline 0.002 -23"><span class='ocrx_word' id='word_1_127' title='bbox 13 1456 252 1536; x_wconf 34' lang='lat' dir='ltr'><strong>*Caspias</strong></span> <span class='ocrx_word' id='word_1_128' title='bbox 273 1458 582 1516; x_wconf 85' lang='lat' dir='ltr'><strong>extenditur</strong></span> <span class='ocrx_word' id='word_1_129' title='bbox 601 1497 618 1523; x_wconf 88' lang='lat'>‚</span> <span class='ocrx_word' id='word_1_130' title='bbox 638 1458 799 1514; x_wconf 90' lang='lat' dir='ltr'><strong>Alani</strong></span> <span class='ocrx_word' id='word_1_131' title='bbox 817 1475 1004 1515; x_wconf 89' lang='lat' dir='ltr'><strong>tenent</strong></span> <span class='ocrx_word' id='word_1_132' title='bbox 1018 1498 1033 1524; x_wconf 93' lang='lat'>‚</span> <span class='ocrx_word' id='word_1_133' title='bbox 1053 1479 1187 1538; x_wconf 90' lang='lat' dir='ltr'><strong>gens</strong></span> <span class='ocrx_word' id='word_1_134' title='bbox 1203 1457 1369 1517; x_wconf 91' lang='lat' dir='ltr'><strong>libera</strong></span> <span class='ocrx_word' id='word_1_135' title='bbox 1386 1501 1404 1528; x_wconf 87' lang='lat'>,</span> <span class='ocrx_word' id='word_1_136' title='bbox 1428 1466 1482 1518; x_wconf 88' lang='lat'>&amp;</span> <span class='ocrx_word' id='word_1_137' title='bbox 1502 1466 1636 1520; x_wconf 88' lang='lat' dir='ltr'><strong>Per-</strong></span> 
     </span>
     <span class='ocr_line' id='line_1_18' title="bbox 31 1538 1635 1619; baseline 0.004 -22"><span class='ocrx_word' id='word_1_138' title='bbox 31 1538 96 1597; x_wconf 81' lang='lat' dir='ltr'><strong>sis</strong></span> <span class='ocrx_word' id='word_1_139' title='bbox 115 1542 432 1619; x_wconf 81' lang='lat' dir='ltr'><strong>plerumque</strong></span> <span class='ocrx_word' id='word_1_140' title='bbox 451 1538 589 1597; x_wconf 87' lang='lat' dir='ltr'><strong>socia</strong></span> <span class='ocrx_word' id='word_1_141' title='bbox 608 1542 664 1595; x_wconf 91' lang='lat' dir='ltr'><strong>in</strong></span> <span class='ocrx_word' id='word_1_142' title='bbox 682 1541 967 1597; x_wconf 87' lang='lat' dir='ltr'><strong>Romanos</strong></span> <span class='ocrx_word' id='word_1_143' title='bbox 989 1538 1296 1599; x_wconf 87' lang='lat' dir='ltr'><strong>hostiumve</strong></span> <span class='ocrx_word' id='word_1_144' title='bbox 1313 1544 1456 1600; x_wconf 88' lang='lat' dir='ltr'><strong>alios.</strong></span> <span class='ocrx_word' id='word_1_145' title='bbox 1498 1545 1635 1604; x_wconf 70' lang='lat' dir='ltr'><strong>Haec</strong></span> 
     </span>
     <span class='ocr_line' id='line_1_19' title="bbox 31 1619 1635 1701; baseline 0.002 -21"><span class='ocrx_word' id='word_1_146' title='bbox 31 1620 152 1680; x_wconf 90' lang='lat' dir='ltr'><strong>sunt</strong></span> <span class='ocrx_word' id='word_1_147' title='bbox 170 1643 289 1699; x_wconf 87' lang='lat' dir='ltr'><strong>quae</strong></span> <span class='ocrx_word' id='word_1_148' title='bbox 322 1619 671 1692; x_wconf 83' lang='lat' dir='ltr'><strong>deCaucafiis</strong></span> <span class='ocrx_word' id='word_1_149' title='bbox 690 1623 836 1701; x_wconf 87' lang='lat' dir='ltr'><strong>jugis</strong></span> <span class='ocrx_word' id='word_1_150' title='bbox 854 1620 1075 1679; x_wconf 87' lang='lat' dir='ltr'><strong>dicenda</strong></span> <span class='ocrx_word' id='word_1_151' title='bbox 1094 1640 1262 1680; x_wconf 90' lang='lat' dir='ltr'><strong>erant.</strong></span> <span class='ocrx_word' id='word_1_152' title='bbox 1302 1622 1635 1684; x_wconf 87' lang='lat' dir='ltr'><strong>Habitantur</strong></span> 
     </span>
     <span class='ocr_line' id='line_1_20' title="bbox 30 1703 1638 1787; baseline 0.003 -27"><span class='ocrx_word' id='word_1_153' title='bbox 30 1703 253 1760; x_wconf 87' lang='lat' dir='ltr'><strong>Hunnis</strong></span> <span class='ocrx_word' id='word_1_154' title='bbox 272 1743 288 1769; x_wconf 86' lang='grc'>,</span> <span class='ocrx_word' id='word_1_155' title='bbox 323 1703 520 1781; x_wconf 91' lang='lat' dir='ltr'><strong>quibus</strong></span> <span class='ocrx_word' id='word_1_156' title='bbox 553 1703 720 1759; x_wconf 86' lang='lat' dir='ltr'><strong>Sabiri</strong></span> <span class='ocrx_word' id='word_1_157' title='bbox 740 1721 1176 1781; x_wconf 86' lang='lat' dir='ltr'><strong>cognomentum</strong></span> <span class='ocrx_word' id='word_1_158' title='bbox 1198 1744 1215 1771; x_wconf 86' lang='lat'>‚</span> <span class='ocrx_word' id='word_1_159' title='bbox 1248 1711 1302 1761; x_wconf 70' lang='grc' dir='ltr'><strong>ὅ(</strong></span> <span class='ocrx_word' id='word_1_160' title='bbox 1329 1706 1440 1762; x_wconf 91' lang='lat' dir='ltr'><strong>aliis</strong></span> <span class='ocrx_word' id='word_1_161' title='bbox 1455 1710 1638 1787; x_wconf 90' lang='lat' dir='ltr'><strong>genti-</strong></span> 
     </span>
     <span class='ocr_line' id='line_1_21' title="bbox 30 1783 1638 1864; baseline 0.003 -22"><span class='ocrx_word' id='word_1_162' title='bbox 30 1786 135 1842; x_wconf 88' lang='lat' dir='ltr'><strong>bus</strong></span> <span class='ocrx_word' id='word_1_163' title='bbox 163 1785 431 1843; x_wconf 85' lang='lat' dir='ltr'><strong>Hunnicae</strong></span> <span class='ocrx_word' id='word_1_164' title='bbox 464 1789 658 1863; x_wconf 87' lang='lat' dir='ltr'><strong>pariter</strong></span> <span class='ocrx_word' id='word_1_165' title='bbox 688 1786 930 1864; x_wconf 85' lang='lat' dir='ltr'><strong>originis.</strong></span> <span class='ocrx_word' id='word_1_166' title='bbox 970 1783 1216 1842; x_wconf 87' lang='lat' dir='ltr'><strong>Indidem</strong></span> <span class='ocrx_word' id='word_1_167' title='bbox 1248 1783 1516 1863; x_wconf 55' lang='lat' dir='ltr'><strong>profeffas</strong></span> <span class='ocrx_word' id='word_1_168' title='bbox 1549 1794 1638 1847; x_wconf 78' lang='lat' dir='ltr'><strong>A-</strong></span> 
     </span>
     <span class='ocr_line' id='line_1_22' title="bbox 35 1863 1636 1950; baseline 0.004 -26"><span class='ocrx_word' id='word_1_169' title='bbox 35 1887 288 1924; x_wconf 86' lang='lat' dir='ltr'><strong>mazonas</strong></span> <span class='ocrx_word' id='word_1_170' title='bbox 304 1871 452 1941; x_wconf 87' lang='lat' dir='ltr'><strong>ajunt</strong></span> <span class='ocrx_word' id='word_1_171' title='bbox 470 1907 485 1928; x_wconf 85' lang='grc'>,</span> <span class='ocrx_word' id='word_1_172' title='bbox 518 1866 711 1924; x_wconf 87' lang='lat' dir='ltr'><strong>deinde</strong></span> <span class='ocrx_word' id='word_1_173' title='bbox 747 1866 919 1923; x_wconf 82' lang='lat' dir='ltr'><strong>castris</strong></span> <span class='ocrx_word' id='word_1_174' title='bbox 936 1863 1112 1925; x_wconf 79' lang='lat' dir='ltr'><strong>sediffe</strong></span> <span class='ocrx_word' id='word_1_175' title='bbox 1141 1868 1206 1926; x_wconf 88' lang='lat' dir='ltr'><strong>ad</strong></span> <span class='ocrx_word' id='word_1_176' title='bbox 1232 1866 1636 1950; x_wconf 89' lang='lat' dir='ltr'><strong>Themiscyram</strong></span> 
     </span>
     <span class='ocr_line' id='line_1_23' title="bbox 34 1947 1636 2025; baseline 0.005 -19"><span class='ocrx_word' id='word_1_177' title='bbox 34 1955 90 2006; x_wconf 76' lang='grc' dir='ltr'><strong>δε</strong></span> <span class='ocrx_word' id='word_1_178' title='bbox 118 1947 595 2006; x_wconf 87' lang='lat' dir='ltr'><strong>Thermodontem</strong></span> <span class='ocrx_word' id='word_1_179' title='bbox 618 1969 833 2005; x_wconf 87' lang='lat' dir='ltr'><strong>amnem</strong></span> <span class='ocrx_word' id='word_1_180' title='bbox 853 1991 869 2017; x_wconf 84' lang='lat'>‚</span> <span class='ocrx_word' id='word_1_181' title='bbox 902 1968 1199 2008; x_wconf 88' lang='lat' dir='ltr'><strong>memorata</strong></span> <span class='ocrx_word' id='word_1_182' title='bbox 1211 1954 1323 2025; x_wconf 90' lang='lat' dir='ltr'><strong>jam</strong></span> <span class='ocrx_word' id='word_1_183' title='bbox 1342 1951 1520 2019; x_wconf 82' lang='lat' dir='ltr'><strong>nobiS‚</strong></span> <span class='ocrx_word' id='word_1_184' title='bbox 1541 1954 1636 2013; x_wconf 88' lang='lat' dir='ltr'><strong>ubi</strong></span> 
     </span>
     <span class='ocr_line' id='line_1_24' title="bbox 33 2029 1640 2110; baseline 0.004 -23"><span class='ocrx_word' id='word_1_185' title='bbox 33 2052 180 2088; x_wconf 88' lang='lat' dir='ltr'><strong>nunc</strong></span> <span class='ocrx_word' id='word_1_186' title='bbox 199 2031 464 2110; x_wconf 84' lang='lat' dir='ltr'><strong>oppidum</strong></span> <span class='ocrx_word' id='word_1_187' title='bbox 484 2029 559 2087; x_wconf 90' lang='lat' dir='ltr'><strong>est</strong></span> <span class='ocrx_word' id='word_1_188' title='bbox 577 2029 814 2088; x_wconf 85' lang='lat' dir='ltr'><strong>Amisus.</strong></span> <span class='ocrx_word' id='word_1_189' title='bbox 858 2035 937 2089; x_wconf 91' lang='lat' dir='ltr'><strong>At</strong></span> <span class='ocrx_word' id='word_1_190' title='bbox 955 2031 1115 2091; x_wconf 90' lang='lat' dir='ltr'><strong>hodie</strong></span> <span class='ocrx_word' id='word_1_191' title='bbox 1134 2036 1190 2090; x_wconf 92' lang='lat' dir='ltr'><strong>in</strong></span> <span class='ocrx_word' id='word_1_192' title='bbox 1210 2032 1452 2092; x_wconf 88' lang='lat' dir='ltr'><strong>Caucaso</strong></span> <span class='ocrx_word' id='word_1_193' title='bbox 1473 2056 1640 2094; x_wconf 90' lang='lat' dir='ltr'><strong>mon-</strong></span> 
     </span>
     <span class='ocr_line' id='line_1_25' title="bbox 35 2118 1638 2194; baseline 0.006 -26"><span class='ocrx_word' id='word_1_194' title='bbox 35 2131 89 2168; x_wconf 91' lang='lat' dir='ltr'><strong>te</strong></span> <span class='ocrx_word' id='word_1_195' title='bbox 109 2118 460 2170; x_wconf 87' lang='lat' dir='ltr'><strong>Amazonum</strong></span> <span class='ocrx_word' id='word_1_196' title='bbox 485 2134 662 2192; x_wconf 83' lang='lat' dir='ltr'><strong>neque</strong></span> <span class='ocrx_word' id='word_1_197' title='bbox 679 2134 885 2170; x_wconf 86' lang='lat' dir='ltr'><strong>nomen</strong></span> <span class='ocrx_word' id='word_1_198' title='bbox 912 2132 1092 2172; x_wconf 87' lang='lat' dir='ltr'><strong>manet</strong></span> <span class='ocrx_word' id='word_1_199' title='bbox 1107 2155 1125 2180; x_wconf 91' lang='lat'><em>‚</em></span> <span class='ocrx_word' id='word_1_200' title='bbox 1162 2136 1339 2194; x_wconf 89' lang='lat' dir='ltr'><strong>neque</strong></span> <span class='ocrx_word' id='word_1_201' title='bbox 1358 2123 1638 2178; x_wconf 87' lang='lat' dir='ltr'><strong>memoria.</strong></span> 
     </span>
     <span class='ocr_line' id='line_1_26' title="bbox 33 2191 1638 2275; baseline 0.006 -25"><span class='ocrx_word' id='word_1_202' title='bbox 33 2191 199 2252; x_wconf 87' lang='lat' dir='ltr'><strong>Haud</strong></span> <span class='ocrx_word' id='word_1_203' title='bbox 212 2199 408 2274; x_wconf 86' lang='lat' dir='ltr'><strong>ignoro</strong></span> <span class='ocrx_word' id='word_1_204' title='bbox 425 2195 676 2252; x_wconf 88' lang='lat' dir='ltr'><strong>Straboni</strong></span> <span class='ocrx_word' id='word_1_205' title='bbox 695 2194 908 2274; x_wconf 78' lang='lat' dir='ltr'><strong>aliisque</strong></span> <span class='ocrx_word' id='word_1_206' title='bbox 925 2195 1275 2275; x_wconf 83' lang='lat' dir='ltr'><strong>scriptoribus</strong></span> <span class='ocrx_word' id='word_1_207' title='bbox 1303 2201 1471 2257; x_wconf 87' lang='lat' dir='ltr'><strong>multa</strong></span> <span class='ocrx_word' id='word_1_208' title='bbox 1488 2201 1553 2258; x_wconf 89' lang='lat' dir='ltr'><strong>de</strong></span> <span class='ocrx_word' id='word_1_209' title='bbox 1570 2204 1638 2261; x_wconf 86' lang='lat' dir='ltr'><strong>il-</strong></span> 
     </span>
     <span class='ocr_line' id='line_1_27' title="bbox 34 2275 1640 2342; baseline 0.005 -8"><span class='ocrx_word' id='word_1_210' title='bbox 34 2278 95 2334; x_wconf 91' lang='lat' dir='ltr'><strong>lis</strong></span> <span class='ocrx_word' id='word_1_211' title='bbox 116 2280 325 2334; x_wconf 87' lang='lat' dir='ltr'><strong>narrari.</strong></span> <span class='ocrx_word' id='word_1_212' title='bbox 359 2275 445 2334; x_wconf 89' lang='lat' dir='ltr'><strong>sed</strong></span> <span class='ocrx_word' id='word_1_213' title='bbox 464 2276 597 2335; x_wconf 86' lang='lat' dir='ltr'><strong>mihi</strong></span> <span class='ocrx_word' id='word_1_214' title='bbox 625 2277 690 2334; x_wconf 91' lang='lat' dir='ltr'><strong>de</strong></span> <span class='ocrx_word' id='word_1_215' title='bbox 707 2279 1086 2336; x_wconf 87' lang='lat' dir='ltr'><strong>Amazonibus</strong></span> <span class='ocrx_word' id='word_1_216' title='bbox 1103 2301 1290 2336; x_wconf 87' lang='lat' dir='ltr'><strong>verum</strong></span> <span class='ocrx_word' id='word_1_217' title='bbox 1312 2285 1544 2340; x_wconf 84' lang='lat' dir='ltr'><strong>maxime</strong></span> <span class='ocrx_word' id='word_1_218' title='bbox 1561 2302 1640 2342; x_wconf 85' lang='lat' dir='ltr'><strong>at·-</strong></span> 
     </span>
     <span class='ocr_line' id='line_1_28' title="bbox 18 2357 1638 2439; baseline 0.007 -25"><span class='ocrx_word' id='word_1_219' title='bbox 18 2357 202 2439; x_wconf 58' lang='lat' dir='ltr'><strong>tigiffe</strong></span> <span class='ocrx_word' id='word_1_220' title='bbox 226 2358 475 2416; x_wconf 88' lang='lat' dir='ltr'><strong>videntur</strong></span> <span class='ocrx_word' id='word_1_221' title='bbox 493 2403 508 2425; x_wconf 94' lang='lat'>‚</span> <span class='ocrx_word' id='word_1_222' title='bbox 541 2363 634 2439; x_wconf 89' lang='lat' dir='ltr'><strong>qui</strong></span> <span class='ocrx_word' id='word_1_223' title='bbox 652 2358 869 2417; x_wconf 88' lang='lat' dir='ltr'><strong>tradunt</strong></span> <span class='ocrx_word' id='word_1_224' title='bbox 889 2362 1099 2419; x_wconf 84' lang='lat' dir='ltr'><strong>nullum</strong></span> <span class='ocrx_word' id='word_1_225' title='bbox 1132 2358 1282 2419; x_wconf 82' lang='lat' dir='ltr'><strong>fuiffe</strong></span> <span class='ocrx_word' id='word_1_226' title='bbox 1308 2367 1457 2423; x_wconf 87' lang='lat' dir='ltr'><strong>virile</strong></span> <span class='ocrx_word' id='word_1_227' title='bbox 1476 2362 1638 2425; x_wconf 85' lang='lat' dir='ltr'><strong>femi-</strong></span> 
     </span>
     <span class='ocr_line' id='line_1_29' title="bbox 37 2444 1639 2520; baseline 0.006 -22"><span class='ocrx_word' id='word_1_228' title='bbox 37 2460 226 2499; x_wconf 86' lang='lat' dir='ltr'><strong>narum</strong></span> <span class='ocrx_word' id='word_1_229' title='bbox 256 2462 463 2520; x_wconf 88' lang='lat' dir='ltr'><strong>genus,</strong></span> <span class='ocrx_word' id='word_1_230' title='bbox 508 2461 685 2520; x_wconf 86' lang='lat' dir='ltr'><strong>neque</strong></span> <span class='ocrx_word' id='word_1_231' title='bbox 718 2444 773 2498; x_wconf 91' lang='lat' dir='ltr'><strong>in</strong></span> <span class='ocrx_word' id='word_1_232' title='bbox 805 2463 917 2500; x_wconf 89' lang='lat' dir='ltr'><strong>uno</strong></span> <span class='ocrx_word' id='word_1_233' title='bbox 950 2462 1138 2502; x_wconf 87' lang='lat' dir='ltr'><strong>monte</strong></span> <span class='ocrx_word' id='word_1_234' title='bbox 1174 2444 1416 2505; x_wconf 90' lang='lat' dir='ltr'><strong>Caucaso</strong></span> <span class='ocrx_word' id='word_1_235' title='bbox 1444 2446 1639 2506; x_wconf 82' lang='lat' dir='ltr'><strong>huma-</strong></span> 
     </span>
     <span class='ocr_line' id='line_1_30' title="bbox 38 2521 1640 2607; baseline 0.007 -28"><span class='ocrx_word' id='word_1_236' title='bbox 38 2541 163 2580; x_wconf 87' lang='lat' dir='ltr'><strong>nam</strong></span> <span class='ocrx_word' id='word_1_237' title='bbox 191 2543 435 2580; x_wconf 88' lang='lat' dir='ltr'><strong>naturam</strong></span> <span class='ocrx_word' id='word_1_238' title='bbox 470 2523 534 2582; x_wconf 91' lang='lat' dir='ltr'><strong>de</strong></span> <span class='ocrx_word' id='word_1_239' title='bbox 566 2521 667 2581; x_wconf 91' lang='lat' dir='ltr'><strong>suis</strong></span> <span class='ocrx_word' id='word_1_240' title='bbox 686 2524 896 2604; x_wconf 85' lang='lat' dir='ltr'><strong>legibus</strong></span> <span class='ocrx_word' id='word_1_241' title='bbox 913 2523 1221 2607; x_wconf 76' lang='lat' dir='ltr'><strong>emigrasse:</strong></span> <span class='ocrx_word' id='word_1_242' title='bbox 1263 2526 1351 2587; x_wconf 91' lang='lat' dir='ltr'><strong>sed</strong></span> <span class='ocrx_word' id='word_1_243' title='bbox 1383 2529 1640 2590; x_wconf 87' lang='lat' dir='ltr'><strong>barbaros</strong></span> 
     </span>
     <span class='ocr_line' id='line_1_31' title="bbox 37 2607 1641 2689; baseline 0.006 -27"><span class='ocrx_word' id='word_1_244' title='bbox 37 2626 102 2662; x_wconf 86' lang='lat' dir='ltr'><strong>ex</strong></span> <span class='ocrx_word' id='word_1_245' title='bbox 131 2607 287 2664; x_wconf 72' lang='lat' dir='ltr'><strong>dic&#39;tis</strong></span> <span class='ocrx_word' id='word_1_246' title='bbox 310 2611 422 2682; x_wconf 87' lang='lat' dir='ltr'><strong>jam</strong></span> <span class='ocrx_word' id='word_1_247' title='bbox 459 2607 592 2664; x_wconf 91' lang='lat' dir='ltr'><strong>locis</strong></span> <span class='ocrx_word' id='word_1_248' title='bbox 626 2609 835 2686; x_wconf 86' lang='lat' dir='ltr'><strong>ingenti</strong></span> <span class='ocrx_word' id='word_1_249' title='bbox 864 2613 1080 2689; x_wconf 91' lang='lat' dir='ltr'><strong>agmine</strong></span> <span class='ocrx_word' id='word_1_250' title='bbox 1108 2630 1232 2667; x_wconf 91' lang='lat' dir='ltr'><strong>cum</strong></span> <span class='ocrx_word' id='word_1_251' title='bbox 1253 2612 1515 2670; x_wconf 85' lang='lat' dir='ltr'><strong>uxoribus</strong></span> <span class='ocrx_word' id='word_1_252' title='bbox 1534 2611 1641 2672; x_wconf 89' lang='lat' dir='ltr'><strong>suis</strong></span> 
     </span>
     <span class='ocr_line' id='line_1_32' title="bbox 38 2686 1642 2771; baseline 0.007 -28"><span class='ocrx_word' id='word_1_253' title='bbox 38 2686 386 2766; x_wconf 63' lang='lat' dir='ltr'><strong>profefiosin</strong></span> <span class='ocrx_word' id='word_1_254' title='bbox 404 2686 589 2759; x_wconf 80' lang='lat' dir='ltr'><strong>Asiam</strong></span> <span class='ocrx_word' id='word_1_255' title='bbox 621 2686 911 2757; x_wconf 81' lang='lat' dir='ltr'><strong>bellatum3</strong></span> <span class='ocrx_word' id='word_1_256' title='bbox 958 2689 1244 2771; x_wconf 83' lang='lat' dir='ltr'><strong>positisque</strong></span> <span class='ocrx_word' id='word_1_257' title='bbox 1265 2693 1330 2752; x_wconf 84' lang='lat' dir='ltr'><strong>ad</strong></span> <span class='ocrx_word' id='word_1_258' title='bbox 1359 2692 1642 2753; x_wconf 88' lang='lat' dir='ltr'><strong>Thermo-</strong></span> 
     </span>
     <span class='ocr_line' id='line_1_33' title="bbox 39 2768 1640 2837; baseline 0.006 -11"><span class='ocrx_word' id='word_1_259' title='bbox 39 2768 265 2827; x_wconf 90' lang='lat' dir='ltr'><strong>dontem</strong></span> <span class='ocrx_word' id='word_1_260' title='bbox 283 2769 563 2837; x_wconf 77' lang='lat' dir='ltr'><strong>castriS‚ibi</strong></span> <span class='ocrx_word' id='word_1_261' title='bbox 583 2770 787 2827; x_wconf 69' lang='lat' dir='ltr'><strong>reli6³ms</strong></span> <span class='ocrx_word' id='word_1_262' title='bbox 809 2768 1070 2830; x_wconf 88' lang='lat' dir='ltr'><strong>feminas:</strong></span> <span class='ocrx_word' id='word_1_263' title='bbox 1115 2778 1260 2832; x_wconf 89' lang='lat' dir='ltr'><strong>viros</strong></span> <span class='ocrx_word' id='word_1_264' title='bbox 1282 2778 1486 2834; x_wconf 90' lang='lat' dir='ltr'><strong>intimis</strong></span> <span class='ocrx_word' id='word_1_265' title='bbox 1500 2776 1640 2836; x_wconf 83' lang='lat' dir='ltr'><strong>Afiae</strong></span> 
     </span>
     <span class='ocr_line' id='line_1_34' title="bbox 40 2850 1639 2938; baseline 0.004 -31"><span class='ocrx_word' id='word_1_266' title='bbox 40 2855 357 2930; x_wconf 81' lang='lat' dir='ltr'><strong>penetratiS‚</strong></span> <span class='ocrx_word' id='word_1_267' title='bbox 391 2852 553 2910; x_wconf 86' lang='lat' dir='ltr'><strong>obvia</strong></span> <span class='ocrx_word' id='word_1_268' title='bbox 569 2850 801 2910; x_wconf 81' lang='lat' dir='ltr'><strong>habuisse</strong></span> <span class='ocrx_word' id='word_1_269' title='bbox 820 2852 1194 2935; x_wconf 87' lang='lat' dir='ltr'><strong>indigenarum</strong></span> <span class='ocrx_word' id='word_1_270' title='bbox 1223 2877 1367 2914; x_wconf 88' lang='lat' dir='ltr'><strong>arma</strong></span> <span class='ocrx_word' id='word_1_271' title='bbox 1390 2901 1404 2922; x_wconf 94' lang='lat'><strong>,</strong></span> <span class='ocrx_word' id='word_1_272' title='bbox 1440 2858 1639 2938; x_wconf 90' lang='lat' dir='ltr'><strong>quibus</strong></span> 
     </span>
     <span class='ocr_line' id='line_1_35' title="bbox 40 2933 1640 3016; baseline 0.003 -26"><span class='ocrx_word' id='word_1_273' title='bbox 40 2933 272 3014; x_wconf 84' lang='lat' dir='ltr'><strong>oppreffi</strong></span> <span class='ocrx_word' id='word_1_274' title='bbox 289 2936 353 2996; x_wconf 91' lang='lat' dir='ltr'><strong>ad</strong></span> <span class='ocrx_word' id='word_1_275' title='bbox 370 2936 792 2994; x_wconf 86' lang='lat' dir='ltr'><strong>internecionem</strong></span> <span class='ocrx_word' id='word_1_276' title='bbox 815 2940 1069 3016; x_wconf 85' lang='lat' dir='ltr'><strong>perierint</strong></span> <span class='ocrx_word' id='word_1_277' title='bbox 1086 2979 1105 3008; x_wconf 81' lang='lat'><em>‚</em></span> <span class='ocrx_word' id='word_1_278' title='bbox 1151 2937 1218 2996; x_wconf 79' lang='lat' dir='ltr'><strong>fic</strong></span> <span class='ocrx_word' id='word_1_279' title='bbox 1239 2957 1297 2997; x_wconf 91' lang='lat' dir='ltr'><strong>ut</strong></span> <span class='ocrx_word' id='word_1_280' title='bbox 1316 2940 1378 2998; x_wconf 87' lang='lat' dir='ltr'><strong>ad</strong></span> <span class='ocrx_word' id='word_1_281' title='bbox 1409 2937 1640 2998; x_wconf 86' lang='lat' dir='ltr'><strong>femina-</strong></span> 
     </span>
    </p>

    <p class='ocr_par' dir='ltr' id='par_1_2' title="bbox 1513 3040 1636 3077">
     <span class='ocr_line' id='line_1_36' title="bbox 1513 3040 1636 3077; baseline 0.016 -2"><span class='ocrx_word' id='word_1_282' title='bbox 1513 3040 1636 3077; x_wconf 82' lang='lat' dir='ltr'><strong>rum</strong></span> 
     </span>
    </p>
   </div>
  </div>
 </body>
</html>
