1888 3428
299 155 748 211 GoTTHmAE
788 146 1176 204 Hts‘rotuffi
1217 149 1425 205 L113.I.
1553 167 1660 232 203

61 233 162 296 esse
194 237 494 294 videretur:
536 232 680 290 unde
713 229 955 287 Romani
987 243 1269 306 rupturam
1286 226 1383 286 suo
1415 227 1667 289 sermone

60 321 248 376 locum
269 334 602 376 vocaverant.
650 314 809 369 Hanc
827 328 1036 390 partem
1053 310 1262 388 pridem
1280 309 1487 368 diruere
1508 333 1565 369 ac
1578 314 1670 370 in-

60 400 290 458 staurare
306 418 595 457 conantem
617 392 919 453 Belisarium
934 433 950 461 ,
995 395 1258 472 religione
1279 390 1671 471 prohibuerant

60 484 334 544 Romani,
369 477 690 539 affirmantes
703 483 926 546 Petrum
946 474 1278 553 Apostolum
1299 477 1599 553 pollicitum
1617 476 1668 535 se

59 571 174 642 ejus
193 565 472 623 custodem
490 561 623 620 fore.
667 560 811 616 Eum
830 560 976 616 enim
992 556 1330 637 Apostolum
1347 560 1549 615 eximio
1568 558 1670 615 ho-

57 669 193 704 nore
225 664 544 706 venerantur
575 643 833 701 Romani.
868 641 987 697 Nec
1004 643 1155 699 aliter
1187 650 1352 720 quam
1380 644 1669 721 opinatum

49 727 230 788 fuerat
248 751 302 787 re
321 729 512 787 evenit.
544 726 689 783 Nam
710 745 809 782 nec
833 722 935 781 isto
956 723 1043 782 die
1061 744 1160 781 nec
1189 725 1343 780 omni
1363 745 1430 780 eo
1453 743 1669 802 tempo-

56 833 111 869 re
130 832 246 892 quo
258 813 497 869 Romam
516 807 844 866 obsederunt
859 805 1062 865 Gotthi
1083 848 1099 875 ‚
1118 826 1210 864 aut
1227 805 1463 864 hostium
1483 827 1550 863 eo
1570 804 1670 864 ad·-

56 915 250 953 venere
271 896 437 973 copiae
455 934 473 961 ‚
504 909 595 950 aut
611 892 801 970 aliquis
816 888 891 947 ibi
909 884 1175 948 tumultus
1194 888 1391 947 exstitit
1413 911 1428 945 ε
1463 891 1668 946 miran-

53 975 196 1034 tibus
213 975 372 1033 nobis
391 975 543 1054 quod
569 995 629 1031 ea
647 994 764 1052 pars
781 971 923 1031 hosti
950 976 1007 1029 in
1027 992 1270 1030 mentem
1292 993 1406 1029 non
1428 967 1669 1037 venisset,

53 1079 286 1138 cumque
305 1060 475 1116 multa
493 1059 863 1137 experirentur
880 1058 1295 1136 oppugnatione
1313 1054 1507 1112 diurna
1527 1095 1545 1121 ‚
1577 1056 1667 1111 in·-

51 1138 190 1198 fidiis
208 1142 519 1206 nocturnis,
547 1142 699 1215 locus
735 1136 998 1196 manfisset
1029 1144 1357 1197 intentatus:
1404 1136 1546 1195 unde
1564 1156 1666 1193 nec

49 1225 106 1279 in
136 1221 411 1303 posterum
445 1221 728 1302 quisquam
763 1220 944 1278 sarcire
983 1218 1136 1278 ausus
1152 1217 1258 1277 fuit
1278 1261 1295 1287 ‚
1329 1219 1491 1278 sedin
1520 1217 1667 1276 hunc

51 1304 195 1362 diem
213 1305 322 1362 hiat
340 1325 545 1362 murus.
585 1304 721 1362 Haec
737 1303 956 1383 quidem
977 1301 1044 1360 fic
1062 1300 1111 1358 se
1125 1300 1377 1359 habuere.
1418 1301 1509 1360 Ad
1523 1321 1670 1380 -por-

51 1405 162 1443 tam
191 1408 319 1446 vero
351 1387 602 1444 Salariam
620 1388 701 1443 vir
723 1392 976 1465 procerus
996 1425 1012 1451 ‚
1047 1386 1210 1441 lorica
1237 1403 1471 1463 corpus,
1503 1399 1668 1462 caput

50 1471 227 1527 testus
243 1472 393 1550 galea
409 1510 425 1536 ‚
449 1489 561 1526 non
581 1464 792 1525 obscuri
812 1470 949 1525 inter
967 1465 1219 1524 Gotthos
1240 1468 1479 1523 nominis
1500 1507 1518 1534 ‚
1548 1484 1666 1522 non

49 1553 191 1609 inter
208 1570 428 1610 caeteros
458 1551 673 1609 ordines
690 1548 932 1607 constitit
947 1590 965 1616 ,
1003 1547 1090 1605 sed
1110 1546 1350 1605 adscensa
1366 1546 1557 1606 arbore
1575 1567 1667 1604 re-

48 1632 184 1690 stem
202 1637 257 1690 in
281 1637 469 1713 pinnas
490 1635 937 1706 murorumjecit.
983 1633 1150 1686 Hunc
1170 1628 1316 1686 forte
1337 1632 1515 1687 virum
1547 1649 1666 1687 ma-

47 1713 271 1772 chinain
291 1735 437 1772 turre
457 1713 603 1772 urbis
623 1714 687 1770 ad
705 1715 891 1771 laevam
912 1711 1085 1790 posita
1101 1711 1418 1771 verberavit.
1456 1711 1664 1770 Telum

47 1814 192 1854 trans
224 1800 444 1856 loricam
478 1793 822 1873 hominisque
868 1814 1066 1874 corpus
1113 1795 1296 1851 :stium
1331 1797 1452 1873 plus
1486 1794 1666 1852 media

48 1898 195 1959 parte
221 1879 409 1938 insedit
427 1877 645 1945 arbori,
680 1880 879 1956 talique
899 1898 1024 1934 eum
1045 1880 1260 1935 vinculo
1293 1879 1468 1934 tenuit
1488 1879 1545 1933 in
1579 1897 1663 1933 ar-

45 1961 179 2020 bore
193 1960 641 2042 suspensum‚jam
660 1957 906 2039 fugiente
926 1963 1051 2016 vita.
1071 1959 1223 2040 quod
1245 1978 1304 2016 ut
1320 1959 1490 2017 visum
1513 1958 1661 2019 Got=

44 2044 148 2101 this
169 2086 184 2111 ‚
223 2047 478 2111 exterriti,
499 2045 864 2118 extrajactum
898 2045 954 2098 in
973 2041 1257 2100 ordinibus
1278 2043 1502 2124 quidem
1523 2063 1663 2100 cona

43 2125 251 2195 stitere‚
285 2125 372 2185 sed
392 2145 451 2184 ut
482 2124 790 2182 defensores
810 2145 924 2181 non
956 2123 1282 2182 lacesserent.
1333 2129 1415 2183 At
1448 2123 1579 2182 Besa
1603 2130 1661 2185 &

43 2211 295 2267 Peranius
326 2210 390 2267 ad
428 2211 635 2268 Vivarii
662 2210 944 2286 regionem
966 2209 1156 2264 acriter
1178 2205 1536 2264 incumbente
1556 2210 1663 2267 Vi-

43 2294 141 2372 tigi
178 2291 486 2349 Belisarium
536 2291 886 2351 advocarunt.
948 2295 997 2346 Is
1028 2291 1104 2347 illi
1141 2291 1373 2348 maxime
1410 2307 1664 2348 metuens

43 2379 310 2432 moenium
335 2378 471 2454 parti
522 2379 674 2447 (erat
719 2375 865 2429 enim
910 2372 974 2430 ad
1009 2377 1482 2452 oppugnationem
1519 2413 1537 2441 ,
1602 2389 1664 2437 ut

43 2455 274 2514 diximus
311 2498 327 2519 ‚
387 2479 492 2536 prae
525 2457 727 2515 caeteris
759 2453 1041 2532 exposita)
1092 2454 1198 2533 ipse
1234 2476 1401 2534 quam
1449 2457 1663 2513 celerri-

44 2558 131 2594 me
163 2537 393 2598 subfidio
436 2542 586 2600 venit
606 2581 622 2607 ,
657 2536 875 2594 suorum
894 2537 1168 2617 quendam
1204 2539 1269 2596 ad
1305 2537 1556 2596 Salariam
1576 2558 1663 2597 re-

45 2619 320 2698 linquens.
363 2619 804 2701 conspicatusque
835 2617 1109 2697 pavescere
1150 2621 1347 2678 milites
1385 2619 1452 2680 ad
1489 2618 1665 2678 hosti-

44 2703 151 2759 lem
184 2705 448 2782 impetum
480 2713 534 2764 &
569 2701 916 2761 multitudine
951 2709 1005 2762 &
1039 2704 1231 2760 animis
1261 2724 1473 2769 acrem3
1514 2700 1663 2778 juffie

47 2789 323 2843 contemni
344 2787 622 2851 GotthOS‚
645 2783 751 2864 ipse
772 2784 1005 2843 audendi
1024 2787 1355 2865 exemplum.
1386 2787 1515 2843 Erat
1546 2787 1663 2865 pla-

46 2885 116 2923 na
153 2865 228 2923 ibi
255 2866 452 2927 humus
486 2889 665 2948 eoque
695 2863 978 2925 insultibus
1011 2887 1307 2948 oportuna.
1368 2871 1524 2926 Tum
1562 2887 1661 2925 ve-

45 2968 108 3031 ro
144 2949 463 3026 accedebat,
505 2951 658 3036 quod
676 2946 821 3034 fluxa
841 2947 918 3035 ibi
948 2953 1151 3037 moenia
1183 2971 1322 3032 aegre
1354 2947 1660 3091 cohaerlente

1543 3045 1658 3095 ate-
