1888 3428
182 165 620 224 Go-rrmcffi
661 161 1058 220 Has-rotule
1098 153 1368 211 L1ss.111.
1495 151 1602 225 381

15 245 136 329 post
173 239 832 322 mortalitatemexpleffet
864 236 1160 293 Theodora
1182 276 1198 303 ‚
1230 235 1402 291 statim
1435 236 1612 302 illam,

13 329 246 408 quacum
282 329 493 386 vivebat
519 367 535 394 ‚
582 326 780 400 abjicit.
823 321 1168 397 Imperatoris
1206 314 1362 373 fratre
1395 321 1615 393 genitus

15 414 327 469 Germanus
347 409 565 467 fratrem
579 412 632 464 &
645 402 749 483 ipse
766 401 1025 459 habuerat
1039 398 1434 457 Boraiden.Sed
1451 401 1494 452 is
1507 401 1616 453 Eo·

13 494 185 552 raides
207 512 376 571 nuper
395 493 497 548 vita
515 488 747 551 abierat,
776 481 1032 562 fratrique
1053 481 1148 538 suo
1170 500 1330 559 atque
1349 483 1460 553 ejus
1479 478 1616 534 libe—

15 581 86 634 ris
103 576 377 632 bonorum
398 589 603 649 partem
638 569 924 625 maximam
956 569 1240 639 reliquerat
1274 559 1619 626 testament0‚

16 677 138 715 cum
159 662 213 712 ὃ(
232 674 456 711 uxorem
476 651 694 709 haberet
711 690 728 717 ,
773 655 827 705 &
862 670 924 705 ex
952 669 1012 705 ea
1032 645 1194 703 filiam
1216 685 1229 706 ‚
1261 648 1344 701 cui
1364 663 1478 699 eam
1495 662 1618 719 par-

15 757 127 796 tem
157 735 498 817 affignaverat
533 755 696 813 quam
735 735 1012 788 minimam
1047 731 1193 808 leges
1211 725 1495 784 definiunt.
1537 727 1619 779 At

12 819 312 900 Imperator
342 835 528 874 contra
562 814 767 872 tabulas
785 853 801 878 2
838 814 1024 893 puellae
1042 808 1187 867 favit.
1232 823 1348 886 quae
1370 829 1448 864 res
1472 805 1621 861 Ger-

15 923 239 960 manum
262 900 608 959 vehementer
632 900 879 976 pupugit.
920 893 988 951 fic
1011 892 1059 951 se
1091 914 1171 948 res
1190 890 1460 948 habebant
1480 893 1619 945 inter

16 991 398 1062 Imperatorem
434 980 872 1056 Artabanemque
894 984 947 1037 δι
967 977 1323 1033 Germanum.
1366 974 1491 1028 Erat
1510 974 1620 1048 ssy-

18 1069 180 1124 zantii
197 1072 251 1123 &
278 1062 495 1122 Arsaces
509 1063 728 1143 quidam
750 1064 1045 1118 Armenius
1060 1076 1186 1114 ortu
1208 1096 1223 1120 ,
1239 1054 1493 1133 sanguine
1509 1058 1621 1109 Ar·-

17 1148 213 1207 sacides
229 1190 246 1216 ,
275 1153 328 1204 &
348 1146 610 1203 Artabani
629 1144 972 1221 cognationis
990 1137 1367 1197 necessitudine
1381 1137 1622 1213 junCtuS.

15 1233 59 1288 is
74 1251 245 1309 nuper
269 1229 564 1286 admodum
581 1224 933 1305 deprehensus
952 1241 1061 1279 erat
1097 1223 1231 1278 male
1264 1221 1494 1276 traetatae
1517 1221 1623 1274 rei—

16 1312 241 1392 publicae
262 1352 278 1374 ,
303 1316 418 1369 imo
440 1317 492 1368 &
508 1309 828 1388 proditionis
847 1347 864 1374 ‚
899 1306 1031 1363 dum
1051 1324 1132 1360 res
1152 1323 1317 1360 novas
1336 1305 1390 1358 in
1408 1299 1620 1357 Roma-

17 1417 94 1452 no
119 1397 351 1474 Imperio
372 1395 626 1458 molitur,
669 1387 929 1446 Chosrois
947 1384 1220 1444 Persarum
1241 1386 1379 1465 regis
1410 1384 1465 1439 in
1499 1401 1624 1461 gra-

16 1480 166 1536 tiam.
209 1483 505 1557 Imperator
534 1475 789 1530 convifi'o
826 1491 941 1527 non
959 1471 1095 1526 ultra
1126 1470 1347 1527 nocuit,
1376 1486 1540 1545 quam
1561 1481 1622 1520 ut

17 1560 226 1622 camelo
249 1561 466 1619 vectum
486 1557 694 1633 injeffis
712 1561 768 1613 in
785 1551 999 1612 dorsum
1026 1553 1179 1608 zonis
1211 1551 1420 1627 aliquot
1442 1545 1624 1626 publi-

17 1664 78 1699 ce
96 1643 395 1700 traduceret
411 1682 429 1708 ,
466 1644 681 1717 integro
717 1656 946 1713 corpore
965 1652 1126 1711 atque
1148 1630 1378 1688 fortunis
1395 1670 1411 1696 ,
1439 1649 1506 1693 ne
1528 1649 1625 1683 ex-

17 1722 132 1781 filio
152 1723 370 1801 quidem
394 1723 665 1800 punitum.
703 1724 780 1776 At
797 1720 883 1774 ille
899 1717 1453 1796 ignominiairitatus‚
1497 1707 1626 1765 infi-

17 1806 148 1863 diari
168 1805 550 1883 &Imperatori
570 1807 623 1858 δέ
644 1799 944 1881 reipublicae
962 1800 1135 1876 caepit.
1167 1801 1252 1852 Ac
1271 1796 1498 1875 cognito
1520 1795 1626 1848 Ar-

20 1887 228 1945 tabanis
245 1885 338 1943 fibi
355 1883 738 1963 consanguinei
757 1882 946 1940 dolore
963 1921 978 1947 ,
1018 1880 1256 1936 accendit
1271 1881 1373 1934 iras
1389 1918 1404 1943 ‚
1426 1874 1624 1934 verbo·

17 1989 140 2027 rum
166 1969 301 2026 dolis
316 1990 441 2026 eum
459 1970 723 2024 irretiens.
762 1966 956 2043 Neque
976 1962 1059 2019 die
1088 1982 1265 2040 neque
1284 1960 1445 2016 nodie
1466 1955 1625 2014 absti-

19 2049 179 2108 nebat
199 2049 409 2130 probris
426 2047 674 2106 incess'ere
691 2091 708 2116 ‚
746 2066 807 2104 ut
826 2066 1072 2124 tempore
1091 2061 1409 2121 corruptum
1429 2044 1484 2097 in
1506 2045 1643 2095 mu-'

17 2131 236 2191 liebrem
261 2130 642 2190 formidinem:
688 2134 744 2187 in
764 2131 945 2186 alienis
963 2128 1113 2184 malis
1132 2123 1281 2182 fuifl'e
1299 2121 1520 2183 fortem,
1537 2126 1626 2178 in-

13 2214 243 2293 justique
262 2215 571 2272 dominatus
591 2211 912 2276 eversorem,
933 2214 1002 2274 ita
1022 2228 1081 2266 ut
1096 2230 1193 2266 nec
1215 2210 1390 2264 amico
1412 2227 1469 2262 ac
1489 2215 1626 2261 con-‘-

19 2300 249 2355 vivatori
267 2296 364 2355 suo
398 2290 990 2374 Gunthari'peperciflet
1010 2332 1026 2357 ,
1061 2313 1173 2371 quo
1194 2294 1375 2348 minus
1391 2309 1518 2345 eum
1537 2284 1628 2343 sua.

19 2376 127 2458 ipse
164 2400 327 2437 manu
348 2421 364 2448 ‚
407 2380 550 2436 nulla
581 2378 1041 2455 privatiminjuria
1069 2393 1280 2452 accepta
1300 2413 1314 2434 ‚
1347 2371 1627 2428 occideret.

19 2464 99 2519 At
121 2483 264 2519 nunc
299 2460 514 2542 segnem
535 2458 738 2518 faffrum
760 2457 1218 2535 ‹ceffatoremquffi
1258 2456 1409 2512 domi
1429 2451 1627 2515 sedere,

20 2544 151 2603 dum
171 2546 337 2622 patria
370 2541 610 2622 oppressa
644 2540 888 2621 praefidiis
908 2581 925 2606 ,
957 2538 1386 2616 intolerabilibus
1417 2534 1631 2613 insuper

17 2624 234 2704 tributis
262 2625 604 2684 exhauritur:
648 2620 938 2681 interfeffito
960 2643 1051 2701 per
1068 2621 1296 2700 speciem
1324 2616 1517 2676 federis
1536 2637 1632 2696 pa-

20 2723 134 2765 tre:
177 2711 496 2787 propinquis
526 2706 785 2765 omnibus
810 2706 939 2762 affis
958 2709 1014 2761 in
1041 2704 1352 2762 servitutem
1378 2742 1393 2768 ‚
1425 2695 1631 2780 sparsis-

20 2806 240 2869 que-per
259 2812 454 2847 omnes
487 2792 727 2848 Romani
747 2790 954 2867 imperii
986 2785 1120 2845 fines
1152 2811 1165 2844 ε
1211 2785 1321 2844 haec
1343 2806 1464 2843 cum
1487 2786 1560 2839 ita
1581 2780 1632 2841 se

20 2869 280 2942 habeant,
311 2871 430 2929 satis
448 2873 500 2930 id
526 2871 827 2937 Artabani,
871 2868 906 2926 fi
927 2869 1033 2927 dux
1067 2871 1302 2926 militum
1337 2865 1633 2943 consulque-

11 2951 238 3036 dicattir.
282 2954 561 3036 Additque
579 2973 640 3016 tu
661 2957 797 3022 mei,
835 2954 929 3033 qui
949 2950 1047 3011 tibi
1077 2951 1333 3033 sanguine
1365 2949 1632 3032 ecberto,

36 3071 39 3073 ·
1420 3032 1629 3092 duriffi-
