1888 3428
452 170 502 227 E
583 186 618 226 L
695 185 736 223 o
813 185 855 223 c,
935 185 958 223 1
1037 187 1096 223 A.
1309 184 1312 186 ’
1427 192 1463 245 9

21 254 131 339 pud
162 250 481 315 W'andalos
500 269 615 307 'nec
646 247 910 305 Romani.
965 262 1182 304 tantum
1215 252 1357 329 apud
1385 186 1509 310 illo5s

20 335 248 419 profecit
266 334 502 394 studium
522 328 847 389 castimoniae
864 368 883 397 ‚
916 345 1132 385 tantum
1160 327 1406 390 severitas
1424 334 1508 392 di..

20 419 278 500 sciplinae,
322 437 437 474 non
455 411 629 472 solum
648 411 800 493 quod
834 408 927 489 ipfi
946 409 1069 468 casti
1103 409 1203 468 sint
1230 453 1246 474 ‚
1282 411 1404 475 sed,
1444 430 1508 471 ut

18 523 130 562 rem
148 501 385 561 dicamus
404 517 603 556 novam
624 536 643 564 ,
668 514 781 551 rem
799 492 1168 575 incredibilem
1187 535 1204 562 ‚
1239 516 1354 553 rem
1372 516 1512 576 pene

18 589 180 644 etiarn
198 581 493 642 inauditam
513 621 531 649 ‚
565 575 736 636 castos
754 579 913 634 etiam
932 576 1224 635 Romanos
1254 577 1355 636 effe
1369 576 1517 637 fece-

19 685 177 737 runt„
207 663 243 723 fi
263 662 545 723 infirmitas
562 660 617 719 id
635 657 870 717 humana
891 676 1161 737 pateretur
1177 701 1195 728 ,
1227 664 1520 719 exclamare

17 747 173 828 super
206 750 346 806 vires
385 765 528 803 meas
562 762 849 821 cuperem,
885 760 946 799 ut
976 759 1102 800 toto
1139 743 1273 800 orbe
1303 740 1523 801 resona-

17 851 167 888 rem:
211 828 415 886 Pudeat
441 848 539 887 vos
552 827 794 899 Romani
826 824 1032 904 ubique
1068 829 1292 906 populi,
1323 827 1522 906 pudeat

19 913 138 971 vi-tae
158 908 334 970 vestrae
355 933 371 978 3
408 909 563 967 nullae
584 927 722 986 pene
743 906 902 964 urbes
922 905 1095 964 lustris
1116 948 1133 974 ‚
1164 911 1319 968 nullae
1334 908 1522 967 omni-

18 1016 95 1054 no
114 992 518 1072 impuritatibus
551 1007 771 1056 vacant,
818 989 916 1047 nifi
938 989 1034 1047 illae
1071 1007 1283 1048 tantum
1318 995 1372 1048 in
1394 993 1522 1071 qui-

16 1077 120 1136 bus
148 1075 357 1134 barbari
391 1071 490 1132 effe
522 1091 815 1152 caeperunt.
859 1078 914 1130 &
935 1076 1196 1131 miramur
1228 1070 1402 1131 miseri
1422 1077 1520 1153 qui

19 1178 130 1217 tam
167 1160 367 1239 impuri
400 1156 582 1215 sumus
611 1183 634 1221 ·,
669 1159 927 1214 miramur
957 1154 994 1212 si
1031 1155 1098 1213 ab
1129 1154 1282 1214 hoste
1312 1156 1518 1215 viribus

20 1245 317 1308 vincimur,
355 1243 447 1319 qui
484 1236 766 1296 honestate
790 1237 1153 1317 superamur:
1188 1242 1447 1297 miramur
1479 1236 1519 1296 fi

18 1322 371 1390 bonavnostra
405 1319 699 1401 possident,
735 1323 832 1400 qui
867 1321 1004 1377 mala
1033 1319 1213 1378 nostra
1243 1319 1518 1379 exsecran-

20 1423 128 1463 tur.
174 1426 271 1463 nec
288 1404 408 1462 illos
446 1404 680 1461 naturale
711 1402 881 1460 robur
913 1422 1212 1481 corporum
1228 1400 1358 1461 facit
1393 1402 1517 1463 vin-

20 1508 175 1555 cere,
222 1507 320 1544 nec
353 1508 455 1543 nos
485 1501 688 1543 naturae
716 1481 998 1542 infirmitas
1018 1487 1184 1544 vinci.
1226 1506 1391 1544 nemo
1421 1484 1521 1544 fibi

19 1568 162 1626 aliud
175 1567 521 1648 persuadeat:
565 1586 732 1626 nemo
753 1566 895 1623 aliud
914 1565 1239 1625 arbitretur:
1287 1565 1396 1626 sola
1412 1587 1518 1625 nos

17 1671 238 1709 morum
255 1647 568 1707 nostrorum
585 1648 713 1705 vitia
730 1648 997 1705 vicerunt.

35 1854 37 1856 .
64 1799 151 1857 Ex
173 1784 469 1881 Gaffiodori
486 1783 990 1876 Praeftcslipraetorio
1008 1784 1083 1861 ὠ·
1099 1787 1337 1852 Patricii
1353 1809 1465 1853 va·
1541 1811 1688 1873 nomin

206 1888 308 1949 riis
325 1880 925 1973 epistolisſsrzptv‘sjuſju
947 1877 1326 1947 Theuderichz·
1541 1880 1638 1964 Ῐῖζξῖ
1650 1883 1775 1966 agira·

336 1974 667 2057 Gotthorum
704 1974 778 2052 ὠ·
814 1975 982 2041 Italiae
1024 1983 1190 2066 regi-s.
1538 1979 1721 2080 {gagg-x
1731 1997 1772 2037 xz

430 2067 652 2138 LibII·
683 2069 1092 2163 epss·XXIIl·
1514 2106 1639 2165 ceps.
1708 2082 1716 2091 Δ

29 2181 32 2183 >
61 2172 77 2194 ο
1514 2174 1526 2200 ‘z

34 2262 47 2267 ,,
96 2203 361 2283 AEquitati
389 2199 546 2262 fave:
586 2201 958 2262 innocentiam
995 2205 1162 2278 animi
1196 2208 1395 2265 virtute
1415 2200 1547 2285 cie-'-¹

19 2281 179 2347 fende
212 2308 227 2342 ε
284 2302 346 2343 ut
378 2288 520 2343 inter
554 2288 842 2343 nationum
893 2283 1340 2347 consuetudinem
1390 2309 1516 2368 per—
1545 2292 1548 2309 '

19 2365 218 2426 versam
237 2408 254 2434 ‚
289 2366 635 2426 Gotthorum
666 2365 829 2448 possis
848 2368 1212 2428 demonstrare
1230 2370 1515 2446 justitiam,

21 2453 116 2529 qui
145 2448 213 2508 fic
243 2448 450 2529 semper
477 2449 699 2509 fuerunt
732 2453 790 2508 in
809 2451 979 2510 laudis
999 2453 1183 2511 medio
1210 2453 1514 2524 constituti,

22 2537 157 2590 ut&
189 2533 573 2590 Romanorum
595 2531 937 2611 prudentiam
970 2553 1218 2615 caperent
1254 2542 1311 2595 &
1338 2539 1513 2598 virtu-

23 2630 135 2674 tem
151 2617 396 2695 gentium
415 2613 765 2695 possiderent.

560 2765 661 2847 Ep:
703 2779 749 2822 x
779 2779 826 2821 x
853 2777 877 2819 1
902 2777 967 2821 v.

107 2879 396 2940 Imitamini
411 2900 552 2941 certe
567 2883 818 2943 Gotthos
836 2884 1050 2944 nostros
1068 2929 1083 2952 ,
1120 2891 1214 2968 qui
1232 2885 1366 2948 foris
1379 2907 1515 2969 prae·

25 2960 96 3020 lia
112 2999 132 3034 ‚
164 2962 308 3024 intus
324 2976 530 3031 norunt
547 2987 788 3053 exercere
807 2967 1141 3033 modestiam.

1433 3060 1516 3125 Ep:
