1888 3428
299 120 1320 189 DEREBs‘GET1c21s.
1533 141 1652 219 623

19 211 152 274 riori
167 211 294 270 loco
315 206 547 268 Gothos
567 204 667 267 effe
689 205 1042 287 probavimus
1061 246 1077 271 ‚
1126 208 1333 271 Orofio
1363 214 1536 275 Paulo
1571 221 1660 280 di-

19 315 213 355 cente:
246 295 354 353 Hic
372 296 488 351 Dio
507 313 696 374 regem
716 291 818 348 illis
853 289 974 370 post
1007 310 1260 370 tempora
1294 299 1465 356 multa
1498 322 1660 363 com..

20 395 295 438 memorat
312 423 327 444 ,
350 377 578 435 nomine
597 372 942 454 Telephum(
978 375 1069 433 Ne
1087 373 1221 432 vero
1238 383 1360 456 quis
1378 381 1537 449 dicat,
1553 386 1662 449 hoc

4 473 230 521 “'nomen
266 459 294 517 a
327 463 516 542 lingua
553 457 800 518 Gothica
832 458 1070 515 omnino
1116 462 1466 540 peregrinum
1515 468 1654 541 effe3

18 552 190 605 nemo
210 542 286 601 est
305 547 402 624 qui
422 544 639 610 nesciat,
659 537 1137 608 animadverti,usu
1161 544 1410 624 pleraque
1432 555 1660 614 nomina

19 646 214 711 gentes
242 627 496 706 amplecti
518 667 536 694 ,
558 646 618 683 ut
636 626 881 683 Romani
902 624 1305 695 Macedonum,
1327 628 1508 688 Graeci
1532 635 1660 694 Ro-
1743 656 1746 658 ’

18 732 315 770 manorum
334 752 352 778 ,
384 714 635 769 Sarmatae
656 709 1111 774 Germanorum3
1149 709 1334 767 Gothi
1356 715 1661 798 plerunque

16 811 345 854 mutuantur
361 795 725 852 Hunnorum.
767 797 819 847 Is
838 812 972 872 ergo
991 790 1298 872 Telephu3‚
1317 795 1571 856 Herculis
1589 799 1663 860 fi-

14 877 159 944 lius,
193 888 452 935 natusex
486 879 649 956 Auge
683 872 868 933 sorore
902 877 1148 945 Priami,
1181 882 1447 960 conjugio
1480 901 1660 964 copu-

16 960 194 1028 latUS,
223 979 480 1041 procerus
512 957 739 1038 quidem
772 978 1006 1038 corpore
1031 1001 1049 1029 ‚
1082 956 1171 1019 sed
1194 962 1316 1041 plus
1334 968 1526 1045 vigore
1545 983 1662 1025 ter-

15 1042 192 1101 ribilis
225 1085 243 1112 ‚
294 1059 575 1122 paternam
630 1037 1020 1101 fortitudinem
1071 1046 1305 1124 propriis
1359 1048 1662 1111 virtutibus

14 1146 238 1206 aequans
259 1167 275 1192 ,
307 1126 567 1183 Herculis
587 1123 970 1205 genio-formae
995 1148 1225 1207 quoque
1245 1126 1660 1195 similitudinem

14 1206 303 1268 referebat.
347 1210 536 1284 Hujus
564 1212 750 1287 itaque
786 1229 1021 1289 regnum
1043 1209 1301 1268 Moefiam
1323 1217 1661 1293 appellavere

17 1297 277 1369 majores,
341 1294 485 1370 Qae
523 1293 806 1370 provincia
855 1291 924 1348 ab
971 1293 1183 1350 oriente
1227 1292 1364 1352 ostia
1411 1294 1659 1360 fluminis

14 1375 303 1440 Danubii,
322 1373 351 1432 ὲ
368 1375 594 1432 meridie
615 1373 1009 1433 Macedoniam
1029 1416 1048 1445 ‚
1070 1373 1138 1432 ab
1158 1377 1347 1436 occasu
1368 1377 1659 1455 Histriam,

14 1456 46 1517 ὲ
63 1456 432 1540 septentrione
465 1456 793 1515 Danubium
812 1456 991 1518 habet.
1037 1463 1088 1515 Is
1107 1478 1241 1538 ergo
1275 1460 1549 1521 antefatus
1563 1464 1661 1525 ha«

17 1541 145 1601 buit
160 1542 370 1602 bellum
390 1561 516 1600 cum
536 1542 744 1598 Danais
759 1581 777 1609 ‚
813 1542 871 1598 in
894 1563 1002 1621 qua
1031 1561 1220 1622 pugna
1250 1542 1657 1610 Theffandrum

17 1625 218 1685 ducem
238 1626 464 1686 Graeciae
481 1626 791 1681 interemit:
828 1631 884 1682 &
902 1624 1036 1682 dum
1067 1626 1298 1700 Ajacem
1316 1625 1545 1687 infestus
1562 1634 1654 1689 in-

16 1709 168 1769 vadit
185 1751 203 1778 ,
247 1705 600 1788 Vlyffemque
634 1705 973 1786 persequitur
991 1749 1008 1773 ‚
1052 1721 1200 1784 equo
1248 1709 1471 1768 cadente
1493 1752 1509 1779 ,
1549 1716 1660 1793 ipse

15 1796 225 1851 corruit
241 1833 258 1861 ,
291 1789 622 1870 Achillisque
638 1789 814 1862 jaculo
834 1787 1072 1847 foemore
1087 1790 1351 1849 sauciatus
1368 1834 1387 1861 ,
1421 1794 1517 1853 diu
1536 1819 1660 1858 me-

16 1875 132 1934 deri
150 1877 418 1954 nequivit.
461 1873 693 1934 Graecos
710 1891 898 1932 tamen
914 1913 931 1936 ‚
951 1876 1202 1953 quamvis
1213 1879 1324 1950 jam
1346 1876 1554 1938 saucius
1573 1923 1590 1948 ‚
1625 1881 1657 1941 ἐ

16 1956 124 2018 suis
144 1956 349 2016 finibus
367 1957 735 2036 proturbavit.
779 1955 1036 2036 Telepho
1055 1954 1189 2015 vero
1207 1955 1472 2018 defunffito
1492 2003 1510 2029 ‚
1536 1965 1657 2022 Eu-ss·

0 2038 220 2124 'rypilus
254 2039 401 2098 filius
429 2038 670 2099 succesfit
698 2044 757 2097 in
782 2059 995 2120 regno,
1041 2061 1107 2098 ex
1142 2045 1341 2101 Priami
1374 2043 1657 2127 Phrygum

19 2129 163 2207 regis
179 2127 797 2204 germanaprogenituS.
846 2126 966 2197 Qui
983 2122 1061 2181 ob
1086 2123 1389 2186 Caffandrae
1410 2149 1658 2189 amorem

20 2208 172 2266 bello
190 2204 435 2266 intereffe
450 2208 708 2284 Trojano
728 2247 745 2274 ‚
776 2228 837 2265 ac
855 2206 1175 2286 parentibus
1193 2206 1496 2292 soceroque
1514 2210 1654 2273 ferre

9 2294 284 2352 ‚auxilium
304 2293 528 2372 cupiens
552 2329 569 2353 ,
589 2311 721 2351 mox
743 2308 805 2349 ut
820 2292 969 2354 venit
986 2291 1263 2353 extinctus
1279 2289 1377 2351 est.

545 2430 920 2498 (ΖΛΓ.
1067 2453 1134 2496 x.

106 2587 181 2636 De
199 2574 345 2637 νᾶνὶἰε
366 2572 633 2632 Gothorum
650 2570 877 2646 adverfies
893 2590 1024 2650 reges
1046 2569 1301 2648 Perfhrum
1321 2614 1341 2645 ‚
1375 2576 1439 2640 (ξφ
1455 2583 1576 2634 Ma-

458 2657 692 2715 cedonum
724 2656 849 2715 bellis
881 2657 947 2720 ά*
975 2659 1204 2717 vibloriis.

37 2799 316 2930 CYrus
351 2818 443 2855 rex
462 2795 740 2856 Persarum
777 2794 899 2877 post
933 2796 1140 2878 grande
1175 2796 1523 2857 intervallum
1545 2837 1564 2866 ‚
1600 2802 1658 2855 &

172 2879 309 2961 pene
331 2879 451 2961 post
468 2877 848 2941 sexcentorum
879 2884 1103 2963 triginta
1121 2901 1395 2961 annorum
1433 2898 1656 2957 tempo-

29 2985 88 3029 ra
104 3005 124 3038 2
159 2969 432 3048 Pompejo
453 2965 656 3048 Trogo
674 2963 936 3041 testante,
966 2965 1241 3034 Getarum
1273 2966 1471 3044 reginae
1499 2961 1658 3054 Tha-i

398 3065 402 3069 ’
1476 3068 1479 3069 ’
1519 3062 1663 3123 myri
