1888 3428
257 149 377 211 554
535 131 947 190 Exci-:RPTA
986 149 1074 186 Ex
1115 131 1720 199 AoArH1AE¹Htsm

250 220 289 275 li
305 236 422 273 non
456 234 698 293 expertes
734 232 900 272 erant.
944 212 1024 268 Hi
1055 215 1281 270 trecenti
1311 212 1639 279 admodum,
1672 211 1870 271 inseffis

251 301 436 378 equiS‚
463 317 588 354 cum
620 296 753 355 duce
780 298 835 352 in
870 293 1050 352 hostes
1085 294 1493 352 invehebantur.
1536 316 1680 374 quos
1697 313 1758 353 ut
1775 317 1885 374 aps

202 378 210 381 “
252 382 680 459 propinquantes
700 378 880 438 videre
916 377 1132 444 Franci,
1169 397 1282 433 non
1319 396 1378 433 ut
1410 395 1530 434 ante
1548 376 1698 454 sparsi
1734 381 1870 456 pala-

255 463 450 519 b'antur
468 501 483 522 ‚
515 482 691 539 neque
711 461 776 519 de
795 459 967 538 praeda
993 458 1305 539 cogitabant
1323 499 1339 520 ‚
1373 456 1460 518 sed
1494 461 1695 537 pedites
1716 463 1873 539 equi-

252 543 435 623 tesque
455 548 768 623 congregati
785 544 841 599 in
859 545 1027 599 aciem
1048 539 1333 598 constitere
1354 562 1467 598 non
1488 544 1722 599 multum
1743 561 1884 619 por<

204 655 211 658 *
252 629 487 691 rectam,
533 628 668 704 (qui
703 628 848 683 enim
882 620 1089 704 possent
1123 626 1276 703 pauci
1307 644 1539 680 numero
1562 624 1626 680 ad
1658 627 1866 700 rapinas

251 708 522 788 egreffi?)
577 708 803 766 validam
837 726 1017 764 tamen
1056 705 1328 763 scutorum
1370 708 1780 763 continuatione
1813 711 1871 763 &

258 790 503 848 adduffis
525 793 580 846 in
601 807 768 847 artem
788 788 1060 846 cornibus·
1101 788 1342 845 Romani
1364 807 1424 844 ut
1454 787 1517 844 ad
1545 789 1634 844 teli
1659 788 1869 863 jaffitum

253 871 562 930 accefferant
581 912 598 938 ‚
633 892 947 928 concurrere
980 891 1106 928 cum
1126 869 1370 927 hostibus
1399 869 1538 926 bene
1557 867 1888 948 compositis

252 976 371 1013 non
394 977 456 1012 ex
478 974 528 1009 re
548 951 636 1009 sua
654 954 888 1010 arbitrati
909 996 923 1017 ‚
952 953 1140 1027 jaculis
1172 951 1555 1030 miffilibusque
1574 952 1686 1008 aliis
1705 971 1888 1024 cona-j

251 1035 452 1094 bantur
470 1032 758 1092 labefacere
777 1038 1039 1112 primores
1058 1075 1074 1100 ‚
1103 1031 1402 1113 frontisque
1423 1054 1743 1114 compagem
1763 1032 1872 1105 sol-

253 1140 396 1175 vere.
440 1117 609 1173 Atilli
643 1118 857 1195 egregie
877 1117 1107 1193 proteffi
1142 1114 1301 1173 scutis
1331 1114 1541 1172 stabant
1577 1115 1867 1195 intrepidi‘3

252 1195 547 1260 inconcussi
564 1238 581 1265 ,
613 1198 876 1275 nusquam
894 1200 1191 1275 interrupta
1209 1199 1465 1254 ordinum
1484 1196 1631 1255 serie.
1675 1204 1728 1255 &
1751 1196 1869 1254 for-

254 1300 308 1338 te
331 1279 511 1338 filvam
536 1285 688 1352 juxta
721 1276 934 1336 densam
967 1279 1109 1335 moti
1131 1279 1416 1337 arboribus
1454 1284 1568 1355 ejus
1598 1300 1696 1356 pro
1731 1280 1870 1338 Vallo

253 1362 567 1421 utebantur.
607 1357 978 1418 Defensabant
1011 1359 1061 1418 se
1092 1359 1430 1419 &hastarum
1464 1362 1719 1435 conje<9m
1736 1382 1870 1441 quas

255 1448 433 1527 patrio
451 1441 695 1501 sermone
715 1465 958 1525 angones
974 1462 1191 1501 vocant.
1238 1440 1386 1500 Cum
1406 1443 1589 1501 damni
1608 1446 1694 1501 vix
1713 1447 1870 1523 quic-

252 1549 419 1607 quam
438 1543 748 1605 paterentur
770 1567 787 1594 ,
820 1524 1010 1584 Narses
1028 1525 1092 1583 ad
1110 1543 1488 1583 commentum
1507 1523 1555 1584 se
1571 1529 1729 1586 vertit
1746 1525 1873 1584 bar-

252 1609 496 1668 baricum
534 1611 866 1687 Hunnisque
885 1606 1124 1665 usitatius
1144 1630 1157 1664 :
1179 1606 1328 1684 juffit
1359 1612 1504 1666 enim
1521 1606 1645 1677 suos
1665 1626 1869 1666 vertere

253 1710 403 1771 terga
425 1731 442 1758 ,
477 1698 532 1748 &
551 1688 704 1748 cursu
723 1694 994 1773 concitato
1013 1708 1160 1770 retro
1179 1691 1366 1748 cedere
1385 1731 1402 1757 ,
1428 1691 1575 1749 velut
1592 1686 1867 1771 fugientes

161 1828 167 1831 A
253 1793 403 1832 metu
422 1817 437 1839 ,
479 1790 538 1829 ut
556 1771 623 1828 fic
646 1774 877 1828 Francos
894 1771 922 1828 a
942 1793 1165 1830 nemore
1181 1790 1426 1829 remotos
1458 1775 1516 1829 in
1546 1792 1866 1850 camporum

256 1875 445 1934 aperta·
467 1857 821 1933 proficerent,
865 1851 957 1909 fibi
994 1873 1179 1912 caetera
1211 1875 1345 1911 curae
1378 1856 1704 1931 promittens
1725 1852 1866 1912 fore.

253 1939 330 1996 illi
352 1978 367 1999 ‚
387 1956 446 1995 ut
457 1935 652 2012 juffum
671 1977 687 2003 ‚
702 1938 763 1992 ‘in
780 1932 909 2015 fuga
926 1934 975 1992 se
993 1936 1138 1994 dant.
1181 1938 1413 2015 Decepti
1432 1957 1492 1993 ea
1514 1933 1682 2014 specie
1699 1938 1865 1993 Fran-

255 2024 302 2077 ci
335 2062 350 2087 ,
383 2022 475 2098 qui
512 2039 697 2075 verum
734 2037 990 2097 pavorem
1031 2015 1425 2097 suspicabantur
1458 2060 1475 2085 ‚
1522 2018 1865 2076 audentiores

255 2104 425 2161 aciem
457 2099 781 2160 diffoivunt:
814 2100 1099 2178 relictaque
1135 2097 1258 2157 filva
1294 2098 1532 2179 persequi
1563 2102 1885 2178 incipiunt‚'

254 2186 442 2264 primis
466 2180 742 2262 equitibus
766 2180 1209 2259 procurrentibus
1228 2223 1244 2249 ,
1274 2181 1465 2239 deinde
1493 2180 1736 2259 peditum
1766 2185 1862 2261 qui

255 2263 605 2328 robustiffimi
651 2262 1089 2343 velociffimique.
1134 2263 1418 2321 Ardebant
1471 2284 1661 2322 omnes
1712 2266 1861 2324 velut

253 2346 426 2426 ipsum
444 2345 721 2405 Narsetem
752 2349 937 2403 vivum
967 2350 1077 2420 jam
1107 2350 1327 2425 jamque
1362 2349 1600 2424 capturi,
1632 2352 1685 2403 &
1721 2344 1862 2404 facili

253 2431 485 2509 negotio
507 2428 821 2505 exoptatum
856 2427 1321 2507 belloimpofituri
1354 2434 1594 2484 exitum:
1629 2429 1879 2506 gaudio-⁴

255 2533 363 2591 que
382 2532 439 2568 ac
455 2508 542 2589 spe
560 2508 847 2590 gestientes
866 2550 883 2576 ,
914 2510 1118 2567 ordinis
1147 2508 1514 2588 cautionisque
1547 2512 1727 2566 omnis
1751 2512 1859 2566 im-

254 2614 527 2655 memores
543 2591 787 2650 ruebant,
828 2593 1066 2649 Romani
1101 2592 1275 2651 effusis
1292 2591 1587 2649 habenisin
1606 2592 1864 2662 ulteriora

175 2698 182 2706 ·
253 2673 599 2738 ferebantur:
646 2674 846 2731 diceres
895 2674 1060 2753 reipsa
1092 2672 1349 2753 impulsos
1390 2671 1701 2741 formidine.
1735 2690 1857 2730 ‘tam

253 2770 426 2836 prope
461 2757 524 2813 ad
558 2756 746 2814 verum
774 2756 1057 2813 accedebat
1089 2756 1373 2814 simulatio.
1417 2755 1706 2834 Postquam
1734 2755 1858 2812 bar-

254 2838 366 2897 bari
387 2842 550 2918 longe
583 2837 609 2894 a
643 2858 865 2894 nemore
884 2842 1082 2915 campis
1103 2836 1408 2918 patentibus·
1442 2835 1856 2916 spargebantur,

255 2926 378 2984 t'um
396 2941 524 2984 vero
544 2963 559 2987 ‚
587 2916 730 2998 juffu
750 2920 897 2979 ducis
915 2960 931 2988 ,
961 2924 1226 3002 gregatim
1262 2921 1502 2979 Romani
1534 2920 1870 2977 convertunt

258 3027 266 3030 ⁶
356 3033 357 3036 =
1667 3016 1861 3080 eqUOS,
