1888 3428
923 142 945 168 ἢ

227 216 348 280 '26‘
623 209 1471 275 PRoLE'soMENXS

229 306 360 362 tione
378 297 621 359 didicimus
638 340 655 367 ,
679 299 810 376 apud
820 300 1051 376 quasdam
1084 299 1372 381 Scytharum
1386 307 1556 373 gentes
1575 334 1592 362 ‚
1629 293 1840 355 maxime

231 385 509 443 Tomitanus
526 422 542 449 ‚
575 383 741 441 eadem
757 384 994 440 locutione
1011 382 1175 439 divina
1191 382 1409 437 haetenus
1426 376 1651 436 celebrari
1665 379 1852 454 officia..

231 470 297 526 lm
321 481 487 525 autem
499 468 848 541 permixtiones
864 466 925 527 ὠ·
944 466 1283 521 translationes
1303 463 1551 520 verborum
1571 465 1621 519 in
1636 461 1848 518 omnibus

233 550 414 627 linguis
445 564 553 605 tam
571 549 863 622 multiplices
873 546 990 621 fient
1012 561 1068 602 ut
1100 548 1291 621 propria
1299 543 1605 620 fingularum
1638 544 1737 608 iam
1746 541 1854 617 sint

224 649 377 710 prope
388 633 532 707 plura
551 673 565 695 ,
587 649 733 707 quam
757 646 866 686 cum
886 631 990 683 aliis
1007 629 1277 685 communia
1308 631 1384 685 vel
1409 627 1468 681 ab
1493 628 1601 682 aliis·
1633 626 1856 687 translat-.-

232 732 310 772 τα.
353 715 470 770 Pari
488 732 619 791 ergo
653 709 823 769 modo
855 713 947 787 qui
971 706 1089 787 post
1110 711 1343 785 primum
1366 707 1393 765 e
1413 709 1627 764 Scanzia
1649 709 1855 764 exitum

231 798 376 854 inter
394 793 582 851 Albim
605 834 621 861 ,
657 796 750 871 qui
775 789 839 847 ab
859 789 942 847 his
973 789 1201 846 Gotthis
1221 830 1235 849 ,
1273 807 1335 845 ut
1352 787 1650 846 Bremenfis
1666 787 1858 846 obser-

233 895 362 940 vat,
399 875 574 933 dietus
624 872 727 932 fuit
760 870 1096 939 Gotthelba‚
1140 877 1192 927 &
1227 870 1492 929 Vistulam
1533 869 1858 945 consedere,

235 956 516 1019 servarunt
553 954 649 1014 fibi
683 956 917 1037 patrium
960 953 1306 1010 Gotthorum
1354 952 1471 1025 five⁹
1497 951 1858 1030 Gotthonum

232 1061 467 1098 nomen.
513 1060 571 1096 ac
602 1056 889 1117 propterea
904 1034 1201 1098 Bremenfis
1224 1043 1277 1093 ὃς
1297 1040 1353 1093 in
1375 1038 1590 1093 Scanzia
1608 1034 1859 1092 Gotthos

233 1125 434 1201 ponit,
468 1127 523 1178 &
557 1139 810 1197 praeterea
855 1122 995 1176 inter
1030 1120 1217 1175 Albim
1249 1116 1636 1196 Vistulamque.
1686 1120 1768 1174 Sic
1803 1122 1859 1174 δε

236 1206 334 1282 qui
374 1202 612 1281 digreffis
652 1206 709 1259 in
743 1204 1082 1259 Pannoniam
1119 1198 1465 1256 Gottlnorum
1514 1197 1774 1278 plerisque
1802 1202 1860 1255 in

235 1283 422 1343 Maefia
440 1283 781 1347 resederunt,
824 1282 1027 1339 Gotthi
1060 1285 1297 1338 minores
1316 1282 1445 1339 dieti
1463 1279 1584 1338 sunt
1604 1323 1620 1348 ,
1654 1299 1714 1336 ut
1731 1300 1862 1336 mox

236 1366 435 1424 diffcuri
457 1364 654 1423 sumus.
701 1364 875 1442 Qod
894 1361 929 1418 si
950 1366 1070 1440 quis
1087 1363 1371 1441 diligenter
1400 1385 1457 1419 ea
1478 1383 1594 1440 quae
1629 1366 1864 1417 lornan-

237 1447 293 1505 di
319 1446 460 1504 dicsta
494 1444 791 1517 confideret
811 1485 828 1511 ‚
866 1447 1105 1502 inveniet
1139 1448 1374 1521 primurn
1405 1445 1555 1500 illum
1590 1441 1618 1499 ἐ
1649 1445 1865 1500 Scanzia

239 1526 505 1608 egreffum
528 1549 641 1585 non
660 1531 839 1584 Taciti
854 1545 1065 1583 tantum
1086 1524 1172 1583 sed
1210 1531 1264 1581 δε
1294 1523 1504 1604 Pytheae
1524 1525 1865 1603 temporibus

239 1612 421 1668 multo
445 1612 831 1687 antiquiorem.
861 1607 954 1664 Ab
976 1607 1161 1664 eadem
1182 1605 1431 1663 bonitate
1451 1607 1625 1683 dieto-s
1641 1613 1692 1665 &
1713 1607 1885 1664 Gor-⁷

241 1690 430 1749 thinos
449 1689 679 1747 arbitror
712 1688 800 1747 sed
837 1688 1043 1746 Gallica
1080 1691 1528 1766 pronuntiatione
1547 1708 1563 1754 3
1603 1685 1728 1745 'nam
1763 1687 1866 1746 hos

240 1794 360 1831 non
396 1771 424 1829 ἐ
458 1772 641 1829 nostro
694 1773 1071 1850 Septentrione
1108 1769 1193 1827 sed
1225 1769 1252 1826 ἐ
1282 1771 1460 1829 Gallia
1493 1767 1592 1826 effe
1640 1773 1875 1833 Tacitus

240 1874 348 1912 nos
367 1855 545 1913 docet.
589 1853 794 1912 Gallica
813 1871 992 1910 autem
1010 1854 1191 1931 lingua
1208 1894 1222 1919 ‚
1240 1850 1371 1909 sicut
1390 1849 1732 1911 vetustiffima
1753 1857 1867 1911 ori-

243 1939 375 2015 gine
405 1957 529 1993 cum
577 1937 903 1993 Germanica
939 1932 1268 1997 cohaerebat,
1308 1937 1380 1990 ita
1418 1937 1872 2014 pronuntiatione

244 2014 488 2076 distabat.
520 2019 790 2076 Caeterum
812 2018 875 2074 ad
900 2016 1148 2073 Gotthos
1168 2017 1394 2074 Scanziae
1415 2035 1475 2074 ut
1492 2017 1724 2085 redeam,
1742 2032 1886 2076 cumv

242 2101 285 2156 ii
303 2100 436 2157 olim
467 2099 531 2158 ad
551 2121 694 2156 mare
711 2101 975 2156 Balticum
1010 2097 1170 2178 usque
1207 2100 1256 2156 se
1284 2098 1651 2170 extenderint,
1697 2105 1873 2172 (nam.

243 2180 315 2240 ad
331 2201 427 2247 eos
447 2202 784 2262 regnumque
804 2181 1008 2238 Suediae
1029 2182 1323 2259 antiquitus
1342 2221 1359 2247 ,
1392 2181 1543 2260 quod
1564 2188 1615 2238 &
1642 2202 1765 2239 ante
1784 2201 1868 2238 ar·-

243 2266 502 2343 figimus,
533 2266 793 2342 pertinuit
825 2263 1123 2328 Halandia,
1165 2264 1361 2319 Sconia
1392 2262 1775 2342 Blekingiaque
1811 2270 1868 2323 δε

247 2364 370 2424 quae
389 2350 668 2424 praejacent
686 2349 733 2402 ei
754 2346 922 2401 littori
944 2343 1140 2411 insulae,
1161 2350 1182 2417 )
1214 2365 1420 2402 nomen
1440 2348 1719 2424 proprium
1736 2348 1871 2404 mari

213 2498 215 2502 Α
246 2426 317 2482 ab
339 2430 566 2505 antiquo
589 2425 837 2494 credibile
859 2425 932 2483 est
953 2447 1066 2482 non
1085 2426 1229 2484 aliud
1261 2423 1411 2483 fuisse
1442 2447 1607 2507 quarn
1632 2427 1868 2485 Godan-

166 2537 193 2550 ἡ·
244 2507 382 2567 belt.
424 2523 551 2566 nam
587 2513 691 2566 Belt
711 2528 1004 2565 commune
1021 2506 1119 2566 effe
1145 2508 1357 2565 sinuum
1387 2530 1589 2566 nomen
1603 2514 1713 2583 jam
1743 2527 1888 2587 ante3

248 2589 506 2648 diximus.
549 2611 648 2648 nec
665 2591 819 2647 aliam
842 2611 1032 2647 vocem
1066 2589 1286 2665 indicari
1312 2611 1441 2647 cum
1487 2592 1781 2649 Codanum
1801 2589 1888 2663 fiai}

247 2692 387 2730 num
417 2673 605 2730 dicunt
637 2690 757 2729 tum
784 2673 988 2728 Plinius
1016 2690 1132 2729 tum
1170 2671 1317 2728 Mela
1351 2674 1503 2749 plane
1540 2672 1829 2749 persuadeo
1850 2676 1888 2742 ἑξ

249 2774 449 2834 gnarus
468 2752 775 2811 Glitteram
795 2755 976 2810 multis
998 2754 1403 2832 Germanorum
1435 2774 1494 2813 ut
1528 2755 1583 2811 K
1621 2756 1887 2834 pronun-³}

255 2839 443 2914 tiaram
465 2857 479 2892 :
511 2836 653 2894 unde
665 2836 797 2894 Kod
817 2856 916 2914 pro
953 2838 1080 2892 Deo
1111 2857 1170 2892 ac
1189 2856 1287 2915 pro
1308 2834 1462 2895 bono
1500 2839 1557 2894 in
1578 2830 1884 2907 vocabula-f

248 2918 335 2974 rio
355 2920 732 2977 Allemannico
769 2912 1020 2976 Goldasti
1050 2916 1197 2996 saepe.
1242 2923 1297 2976 δε
1327 2937 1508 2977 manet
1543 2941 1690 2978 nunc
1707 2915 1882 2988 etiam

251 3019 375 3085 mos
399 3001 511 3065 illas
526 3002 727 3064 litteras
748 3000 993 3064 mutandi
1008 3001 1147 3066 inter
1163 3000 1213 3063 fe
1231 3040 1252 3075 ,
1290 3018 1349 3064 ut
1364 3006 1424 3062 ’ὃς
1458 3019 1498 3064 t.
1531 3022 1657 3079 cum
1670 3001 1721 3063 d.
1739 3022 1799 3060 ac
1819 3001 1882 3084 dag

856 3124 860 3127 >
1744 3101 1881 3144 cum?
