2013 3418
124 881 199 928 ok

310 222 385 261 10
705 204 1563 261 PROLEGOMENA;

301 280 571 363 scripserat
614 280 759 340 idem
793 302 1008 340 coaevus
1042 283 1366 342 W‘ilhelmo
1396 289 1577 362 primo
1613 286 1928 367 Anglorum

301 370 416 446 regi
459 363 809 441 W'ilhelmus
848 365 1301 430 Gemmaticenfis
1343 365 1654 425 Monachus
1689 368 1771 426 his
1808 392 1931 428 ver-

302 450 409 507 bis.
453 451 706 525 originem
741 446 773 505 d
809 450 1001 505 Gotthis
1024 449 1286 523 noscuntur
1307 452 1476 520 ducere
1499 454 1654 508 Dani.
1697 452 1769 507 Et
1805 451 1954 512 scri-¹

301 549 431 611 ptor
451 528 890 610 Chorographici
908 551 1022 586 non
1039 530 1198 588 editi:
1235 543 1398 608 Qarn
1419 534 1481 596 ὅς’
1500 534 1724 591 Iordanes
1724 535 1933 611 sapien-

300 613 499 687 tissimus
544 615 949 690 Chosmographiis
984 625 1214 673 Scanzan
1248 618 1458 691 appellat
1481 639 1496 670 .·
1528 636 1589 672 ex
1635 637 1736 692 qua
1771 617 1928 687 infida

293 698 573 773 pariterque
582 713 751 772 gentes
786 698 1099 753 occidentales
1135 697 1451 774 egrcffesunt.
1497 709 1630 755 Nam
1667 703 1848 757 Gothos
1868 704 1932 770 (y

301 792 462 836 Danos
485 819 501 844 ‚
536 781 633 834 imo
646 778 804 853 simul
836 781 1040 854 Gepidm
1056 801 1190 838 exea
1208 783 1484 855 antiquitus
1519 781 1674 853 exiiffie
1705 785 1923 860 legimus.

299 860 554 940 Iogglgnes
574 861 659 918 ille
676 860 822 917 idem
842 859 917 917 est
946 866 1039 939 qui
1059 864 1169 918 aliis
1188 862 1483 940 Iogn‘andes
1518 863 1746 930 dicitur,
1782 870 1836 922 δε
1870 869 1930 923 in
1983 897 1986 901 -
2012 885 2013 931 ξ

301 943 490 1000 multis
508 940 888 1022 Manuscriptis
905 944 1156 1001 Iordanes
1193 939 1459 1001 sc‘ribitur.
1501 942 1931 1025 Adscriptorum
2011 953 2013 1019 ἲ

303 1023 613 1082 testimonia
628 1046 804 1083 rerum
825 1025 1153 1084 documenta
1174 1027 1433 1084 accedunt
1456 1048 1470 1093 ;
1513 1047 1638 1084 nam
1659 1030 1752 1106 qui
1779 1049 1925 1086 nunc
2012 1067 2013 1070 =

298 1112 453 1165 Iuttae
473 1124 738 1166 vocantur
755 1147 772 1172 ,
796 1106 1093 1166 Giotisunt
1109 1110 1294 1168 mediae
1313 1112 1478 1166 aetatis
1494 1106 1845 1188 scriptoribus
1866 1130 1928 1168 ut
2011 1110 2013 1117 ⁴

301 1186 574 1246 Elvvardo
595 1190 784 1268 Angli,
803 1188 832 1246 εὶ
852 1190 1084 1248 Gotthis
1102 1192 1333 1250 deduffm
1356 1210 1415 1248 ut
1433 1195 1645 1271 origine
1667 1190 1732 1248 fic
1754 1198 1807 1249 &
1829 1214 1933 1250 von

296 1292 379 1328 ce.
422 1294 546 1328 nam
568 1270 958 1350 posterioribus
986 1276 1161 1329 Danis
1178 1274 1231 1330 id
1251 1273 1325 1330 est
1344 1271 1596 1330 ufitatum
1634 1274 1693 1330 G
1719 1276 1930 1330 literam
2010 1289 2013 1300 ¹

298 1356 354 1410 in
387 1358 410 1408 1
439 1354 735 1410 consonam
763 1351 1036 1409 inflestere
1057 1394 1073 1420 ‚
1105 1354 1249 1411 unde
1279 1361 1337 1411 &
1364 1355 1510 1411 illam
1531 1356 1759 1413 Scanziae
1779 1354 1933 1413 Got-

296 1435 496 1492 thicam
513 1436 710 1514 Iytlant
732 1432 827 1513 ipsi
845 1453 1041 1492 vocant
1055 1475 1072 1500 ‚
1094 1441 1150 1491 &
1171 1452 1346 1512 partes
1365 1439 1477 1505 ejus
1495 1434 1926 1514 Ooster-Iytlant
2010 1449 2013 1463 ¹

299 1516 764 1595 Westet-Iytlant
785 1538 799 1572 t
835 1522 888 1573 &
917 1520 1088 1574 amnis
1106 1521 1161 1574 in
1176 1520 1338 1575 Iuttia
1355 1518 1430 1574 est
1450 1518 1691 1576 Gudden
1710 1522 1831 1576 Aa:
1871 1520 1928 1578 id
2008 1522 2011 1576 ζ

305 1597 382 1656 est
402 1597 753 1655 Gotthorum
768 1595 1096 1680 flumen‚qui
1116 1622 1178 1656 ex
1200 1603 1358 1657 Iuttia
1379 1602 1433 1656 in
1448 1602 1707 1681 Angliam
1728 1621 1930 1659 venere
2007 1618 2010 1647 ἓ

164 1689 231 1767 ,Α
302 1683 360 1738 in
409 1679 716 1738 Annalibus
751 1676 1067 1761 Anglican'is
1108 1680 1637 1762 Petroburgensibus
1677 1683 1925 1741 Geatuni
1998 1679 2000 1681 ’

298 1763 552 1819 dicuntur
569 1802 586 1829 ‚
630 1768 685 1820 &
720 1763 848 1819 alibi
880 1768 1061 1823 Iottmi.
1104 1768 1165 1821 In
1213 1762 1426 1844 legibus
1456 1782 1641 1822 autem
1685 1765 1924 1824 Edvardi
2006 1784 2008 1835 ζ

300 1841 676 1902 Confefforis:
712 1848 834 1903 Guti
855 1845 1088 1919 similiter
1105 1867 1216 1905 cum
1246 1850 1452 1907 veniunt
1470 1847 1829 1924 fitscipidebent
1858 1851 1925 1912 ό»

296 1931 490 2004 protegi
507 1929 558 1984 in
577 1925 660 2003 isto
678 1947 820 2004 regno
841 1930 1236 2004 Britanniaeficut
1253 1931 1496 2009 conjurati
1514 1931 1723 2005 fratres.
1770 1929 1923 2009 quod

300 2008 503 2066 ibidem
533 2014 645 2085 jam
669 2012 801 2066 olim
823 2008 887 2065 ab
908 2015 997 2067 Ina
1018 2011 1375 2068 constitutum
1397 2012 1610 2068 dicitur.
1654 2016 1710 2068 in
1730 2013 1920 2070 eadem
2004 2022 2006 2071 ?

296 2094 459 2147 Iuttia
479 2111 593 2168 pars
616 2093 804 2147 ultima
828 2093 1069 2150 Vendela
1089 2096 1304 2158 Samni,
1324 2093 1589 2152 Windila
1604 2094 1736 2155 aliis,
1758 2114 1905 2152 nunc
2002 2133 2006 2154 ff

298 2171 657 2231 W⁷endsuffel
677 2215 693 2239 ‚
711 2174 964 2231 Vandalis
982 2173 1032 2230 se
1051 2175 1286 2233 inseffam
1306 2175 1532 2254 probat3
1565 2175 1710 2233 unde
1729 2182 1784 2232 δε
1809 2198 1920 2233 ma·

297 2276 355 2312 re
373 2254 587 2311 affitum
608 2254 861 2313 Vendelae
884 2276 1026 2313 mare
1045 2257 1179 2314 dixit
1195 2255 1592 2326 Bremenfis,fic
1612 2263 1667 2315 &
1686 2256 1714 2314 a
1733 2259 1921 2315 Pinnis

299 2336 468 2394 insula
483 2339 774 2395 Danorum
792 2340 980 2396 Finnia
1007 2379 1022 2400 ,
1051 2340 1218 2419 vulgo
1241 2341 1462 2417 paulum
1482 2359 1739 2419 corrupto
1758 2361 1923 2398 voca-

298 2418 432 2476 bulo
452 2417 640 2476 Pionia
656 2461 673 2487 ‚
725 2425 809 2496 cuj
818 2441 878 2477 us
896 2419 1222 2479 habitatores
1239 2424 1403 2479 Finos
1422 2441 1581 2480 vocat
1598 2420 1921 2480 Bremenfis.
2000 2414 2013 2480 ἷε

294 2503 398 2559 Hae
416 2519 608 2582 gentes
632 2519 736 2559 tres
758 2544 775 2570 ‚
809 2502 970 2559 Suedi
989 2543 1006 2571 ‚
1026 2504 1325 2583 Norvvagii
1343 2547 1356 2568 ,
1384 2505 1564 2571 Dani,
1588 2508 1804 2561 Scanzia
1833 2508 1919 2562 in·

296 2602 376 2641 ter
391 2582 441 2640 se
461 2625 478 2651 ,
505 2581 592 2642 sed
609 2586 963 2664 inaequaliter‚
998 2582 1159 2643 divisa
1178 2591 1328 2658 (nam
1350 2605 1550 2663 partem
1573 2592 1627 2643 &
1647 2590 1918 2666 optimam
1999 2587 2013 2642 5⁴³

304 2671 360 2723 δε
389 2669 677 2723 maximam
703 2666 862 2724 Suedi
892 2669 1121 2745 tenent)
1156 2666 1381 2724 suntillae
1398 2667 1519 2745 ‘quae
1539 2671 1594 2725 in
1621 2689 1918 2726 commune
1997 2666 2013 2739 ᾖ]

295 2748 628 2805 Nottmanni
655 2750 904 2828 appellati
922 2746 1041 2806 sunt
1060 2748 1086 2805 ὲ
1105 2753 1302 2808 caeteris
1339 2751 1568 2829 Europae
1585 2754 1804 2829 populis
1822 2753 1920 2829 qui
1996 2752 2000 2806 Ξ

242 2866 250 2869 «
297 2852 393 2887 eos
413 2835 650 2888 maximo
669 2832 764 2887 suo
786 2833 925 2889 malo
944 2830 1193 2889 didicere.
1234 2831 1561 2911 Eginhartus
1586 2834 1765 2890 Caroli
1787 2834 1917 2890 Ma-

297 2918 392 2992 gni
418 2931 475 2970 ut
505 2913 674 2970 modo
695 2914 802 2970 dixi
823 2935 988 2994 gener
1006 2954 1022 2975 ,
1057 2913 1122 2971 fic
1140 2918 1210 2971 ait
1234 2937 1247 2970 ε
1276 2919 1415 2971 sium
1446 2917 1641 2989 quidam
1673 2917 1735 2971 ab
1759 2927 1915 2979 Ocea-

295 3016 359 3053 rzo
391 2998 644 3055 Orientem
679 2996 830 3074 versus
845 2999 1116 3076 porrigitur
1133 3038 1151 3067 ,
1182 2997 1490 3074 longitudino
1521 3000 1711 3073 quidem
1730 3001 1915 3080 incerta-7

1773 3093 1918 3157 pertz
1994 3126 1996 3131 .
