1888 3428
180 164 620 225 GoTrnxcAE
659 166 1060 223 Hrs‘ronrffi
1113 169 1381 224 L1B.1V.
1505 188 1657 246 413]

28 268 136 327 que
170 270 238 305 eo
270 250 397 306 loco
433 246 628 306 Iasonis
660 269 717 305 ac
749 246 959 304 Medeae
1001 250 1052 302 vi
1087 247 1390 306 occubuisse
1423 249 1626 329 Apsyr-

30 348 147 387 tum
169 371 186 396 ‚
224 337 275 387 δι
293 347 357 392 ‘ex
379 337 496 404 ejus
514 331 656 388 clade
686 328 888 386 factum
908 322 1106 407 oppida
1126 329 1449 387 vocabulum
1471 373 1487 398 ‚
1518 352 1627 389 tra-

28 412 166 469 dunt
186 413 470 490 indigenae.
515 411 600 469 sed
618 414 846 491 longum
866 410 1018 489 quod
1050 409 1340 467 intercessit
1373 430 1623 488 tempus,

28 515 123 572 per
143 510 227 549 tot
247 495 429 550 saecula
446 493 758 556 hominibus
774 495 883 550 aliis
901 490 1020 569 post
1040 493 1170 547 alios
1190 490 1597 550 succedentibus
1614 538 1628 558 ‚

28 573 193 651 ipsam
222 596 335 632 rem
369 574 604 655 gestam,
644 575 785 633 unde
819 594 1021 631 nomen
1042 593 1230 630 natum
1258 573 1332 630 est
1353 615 1369 634 ,
1401 577 1628 632 involvit

26 659 236 735 caligini
259 699 275 724 ,
307 678 511 715 nomen
532 677 710 714 autem
737 661 792 712 in
811 677 936 713 eum
956 677 1120 735 quem
1153 656 1261 713 dixi
1291 653 1482 712 sonum
1506 677 1630 712 cor—

25 742 188 817 rupit.
233 740 425 797 Manet
443 739 655 818 Apsyrti
674 737 862 817 sepulti
887 756 1309 795 monumentum
1340 738 1404 794 ad
1425 739 1632 796 Orien-

25 837 139 877 tem
170 821 236 878 ab
271 822 492 900 oppido,
538 823 770 900 Fuitque
791 821 843 877 id
863 820 1123 899 oppidum
1147 864 1159 884 ,
1200 821 1331 876 olim
1353 819 1630 877 abundans

24 900 316 959 hominum
337 903 681 961 multitudine
696 944 713 970 ,
733 905 918 980 amplis
935 900 1212 959 defensum
1233 901 1516 967 maenibu3‚
1535 923 1631 958 or-

24 1003 211 1043 natum
231 985 438 1041 theatro
457 988 708 1064 circoque
729 991 782 1042 δι’
815 1006 932 1063 quae
956 986 1052 1041 alia
1070 1005 1386 1064 magnarum
1409 983 1626 1041 urbium

23 1064 415 1123 ostentamenta
446 1066 602 1123 sunt:
645 1088 790 1124 nunc
824 1085 1101 1124 tantorum
1137 1089 1362 1144 operum
1399 1070 1483 1123 vix
1518 1071 1628 1123 ima

23 1145 240 1226 vestigia
272 1147 480 1206 restant.
531 1149 718 1205 Mirari
749 1147 835 1204 hic
869 1149 1049 1205 obiter
1068 1170 1162 1205 eos
1180 1149 1341 1214 libe-t,
1374 1151 1468 1226 qui
1489 1149 1630 1205 Col-

21 1229 152 1286 chos
171 1232 551 1308 Trapezuntiis
572 1229 815 1287 confines
846 1229 1105 1309 scripsere.
1151 1231 1300 1309 quod
1320 1229 1356 1286 si
1378 1229 1438 1286 fit
1455 1271 1471 1296 ,
1502 1228 1627 1288 cum

22 1311 277 1367 Medeam
297 1308 564 1391 vellusque
579 1333 797 1369 aureum
815 1316 990 1369 avexit
1004 1312 1177 1378 Iason,
1197 1333 1309 1368 non
1329 1315 1384 1367 in
1404 1316 1628 1390 patriam

26 1389 347 1472 Graecasque
365 1393 523 1450 urbes
543 1434 558 1455 2
597 1391 682 1452 sed
703 1411 888 1450 contra
906 1393 969 1450 ad
990 1391 1179 1451 Phasin
1204 1397 1629 1473 interioremque

21 1472 322 1533 barbariem
353 1472 643 1554 profugiffe
672 1475 813 1534 credi
833 1475 1043 1533 debeat.
1086 1476 1403 1533 Traduntur
1416 1477 1630 1533 Roma-

20 1560 76 1613 ni
96 1561 229 1615 olim
261 1559 490 1618 milites,
529 1560 767 1633 Traiano
792 1560 1058 1636 principe,
1092 1555 1185 1614 has
1217 1576 1422 1636 partes»,
1453 1562 1628 1615 Lazos

24 1637 190 1717 usque
221 1646 274 1697 ὃ(
314 1640 562 1717 Sagida8‚
605 1636 895 1717 pervafisse.
950 1642 1117 1696 Nunc
1141 1639 1392 1696 homines
1413 1639 1628 1697 inhabi-

7 1736 135 1779 xant
157 1742 329 1800 neque
349 1723 603 1778 Romana
640 1741 817 1799 neque
842 1724 1113 1777 Lazorum
1141 1725 1282 1801 regis
1298 1723 1519 1800 imperia
1538 1744 1629 1800 pa-

18 1804 234 1859 tientes.
280 1817 567 1869 caeterum,
607 1801 897 1859 Christiani
916 1822 1040 1859 cum
1062 1800 1161 1858 sint
1181 1842 1198 1867 ,
1218 1802 1512 1862 sacerdotes
1530 1803 1628 1862 ha-

14 1882 200 1940 benta
228 1887 497 1942 Lazorum
520 1881 782 1962 episcopis
811 1887 1160 1963 inauguratos
1183 1907 1195 1940 :
1235 1907 1334 1942 nec
1351 1907 1419 1942 eo
1448 1888 1629 1944 minus

8 1982 130 2041 „tam
166 1967 432 2023 Romanis
466 1988 629 2045 quam
664 1969 817 2023 Lazis
851 1972 1054 2024 amicos
1088 1966 1137 2023 se
1167 1965 1509 2025 &federatos
1542 1967 1628 2026 fe·-

8 2065 145 2103 runt
164 2087 181 2112 ,
207 2050 426 2126 polliciti
446 2052 606 2105 etiam
626 2052 680 2105 iu
699 2067 1016 2126 perpetuum
1040 2049 1182 2104 ultro
1204 2052 1449 2129 citroque
1468 2071 1627 2107 com—

21 2130 326 2187 meantibus
359 2148 475 2188 tuta
506 2129 592 2187 sua
613 2151 718 2210 ope
749 2135 958 2188 itinera.
999 2130 1152 2210 quod
1180 2131 1242 2188 ad
1262 2131 1439 2189 nostra
1460 2131 1627 2211 usque

18 2230 263 2290 tempora
301 2213 572 2290 praestant,
611 2211 712 2271 suis
746 2213 987 2270 actuariis
1025 2215 1248 2270 nuntios
1278 2214 1628 2283 deducenteS‚

19 2313 160 2371 quos
197 2296 483 2353 Romanus
525 2301 822 2374 Imperator
856 2298 1127 2352 Lazorum
1162 2300 1310 2374 regi,
1354 2300 1628 2354 Lazorum

22 2395 112 2431 rex
145 2379 460 2453 Imperatori
499 2379 700 2433 mittit.
765 2377 1003 2435 Tributa
1048 2380 1254 2434 nemini
1289 2378 1533 2457 pendunt
1567 2383 1626 2436 in

20 2453 164 2514 hunc
198 2458 364 2515 diem.
404 2461 508 2516 His
533 2459 597 2516 ad
620 2459 858 2517 dextram
896 2462 1173 2516 montium
1200 2458 1426 2539 abrupta
1445 2465 1629 2518 immi-

20 2557 152 2596 nent
170 2581 188 2607 ‚
224 2540 469 2619 vastaque
489 2546 641 2619 regio
661 2545 714 2598 in
736 2543 966 2621 longum
986 2542 1347 2619 protenditur.
1383 2563 1522 2622 quos
1539 2544 1629 2600 ul-

4 2623 99 2678 .³tra
117 2623 305 2680 colunt
323 2628 416 2703 qui
451 2624 795 2681 Persarmenii
832 2625 1115 2691 dicuntur,
1149 2629 1203 2681 &
1233 2627 1627 2682 Armeniorum

18 2707 115 2781 qui
148 2705 411 2764 Romana:
442 2706 667 2762 ditionis
691 2707 756 2763 ad
782 2705 971 2764 *Iberiae
994 2703 1126 2763 fines
1157 2711 1488 2785 pertingunt.
1531 2707 1626 2764 Ab

17 2785 222 2863 oppido
241 2786 540 2866 Apsarunte
560 2788 624 2846 ad
656 2793 868 2845 Petram
901 2787 1163 2866 oppidum
1185 2794 1236 2845 &
1267 2793 1535 2847 Lazorum
1560 2787 1628 2844 fi-

20 2885 116 2922 nes
132 2906 151 2934 ,
182 2889 288 2946 qua
306 2872 467 2926 Ponti
483 2870 682 2926 Euxini
701 2867 820 2926 sunt
842 2873 1036 2927 extima
1057 2911 1074 2937 ,
1106 2871 1206 2928 diei
1227 2874 1327 2927 iter
1348 2870 1434 2928 est.
1480 2876 1625 2926 Pona

18 2963 144 3015 tus,
178 2950 269 3009 ubi
289 2949 513 3026 definit,
556 2953 792 3012 lunatam
812 2949 938 3012 facit
957 2955 1150 3011 littoris
1172 2950 1412 3029 speciem.
1447 2953 1488 3008 is
1509 2972 1624 3007 ma·-

1556 3051 1629 3089 ria-
