1888 3428
179 179 615 238 GoT‘rmcAE
651 165 1056 226 ihs-roam,
1093 159 1239 215 [ιιι.
1266 159 1375 217 IV.
1507 149 1627 233 ,μί’

22 281 172 325 terrae
193 278 368 342 partes
387 299 404 326 ‚
437 272 668 337 quaeque
688 267 804 306 eam
822 244 1068 302 incolunt
1084 256 1274 319 gentes
1290 279 1306 306 ‚
1321 259 1389 295 ne
1406 234 1549 315 ipfis,
1567 255 1631 295 ut

23 348 90 406 iis
109 347 202 425 qui
238 347 294 400 in
329 338 522 399 umbra
551 333 808 393 dimicant
826 368 844 395 ‚
875 326 1054 383 inania
1079 321 1355 379 simulacra
1377 319 1600 377 illudant
1612 361 1632 389 ,

25 449 143 487 non
161 427 397 482 alienum
415 420 442 478 a
459 413 738 499 propofito
755 409 966 468 videtur
978 401 1183 484 praefari
1201 444 1218 470 ‚
1236 422 1403 481 quem
1424 401 1487 458 ad
1506 423 1635 458 mo-

29 511 164 570 dum
181 508 399 568 Euxino
419 519 597 582 ponto
628 489 927 554 circumsita
949 487 1261 551 habitentur
1291 508 1303 542 2
1348 503 1461 541 non
1481 482 1633 561 quod

27 590 253 650 nesciam
281 591 534 665 antiquos
575 581 737 638 etiam
777 572 1060 652 scriptores
1096 572 1152 627 in
1185 588 1246 628 ea
1279 562 1635 642 descriptione

30 673 268 733 versatos
285 712 302 736 ‚
321 668 409 726 sed
428 663 578 747 quod
595 681 711 719 non
735 656 931 716 cunfia
971 650 1080 711 fine
1106 669 1284 709 errore
1309 646 1502 705 tradita
1522 648 1637 702 exi-

27 755 261 814 stimem.
303 755 470 809 Fuere
495 749 694 827 quippe
727 742 821 820 qui
840 736 1109 795 finitimos
1135 734 1291 791 Lazis
1309 732 1534 787 Tzanos
1552 726 1636 784 di-

29 856 244 896 cerent:
268 855 362 892 eos
386 851 536 896 vem,
553 829 650 907 qui
669 844 815 882 nunc
831 823 1008 885 Tzani
1029 834 1327 879 vocentur,
1345 813 1480 869 olim
1503 811 1639 866 Col-

32 920 165 980 chos
183 914 330 977 fuifl'e
347 957 365 985 ,
391 914 558 976 *Lazis
578 922 832 966 manente
855 907 911 960 in
927 902 1071 961 hunc
1091 900 1234 960 diem
1256 914 1432 954 vetere
1453 896 1638 953 nomi-

31 1025 120 1062 ne.
160 1019 399 1081 quorum
418 1011 675 1054 neutrum
689 1008 876 1047 verum
897 984 990 1042 est.
1030 986 1174 1042 Nam
1202 981 1378 1038 Tzani
1398 978 1585 1055 procul
1611 972 1640 1033 εὶ

9 1086 215 1148 ‘littore
234 1080 468 1140 mediam
482 1075 802 1142 Armeniam
832 1084 1055 1127 tenent:
1099 1066 1488 1138 montiumque.
1506 1064 1643 1136 juga

30 1168 263 1247 plurima
282 1178 545 1244 praerupta
563 1175 723 1236 atque
743 1154 889 1211 invia
913 1192 930 1219 ‚
967 1156 1018 1208 &
1040 1152 1289 1207 locorum
1310 1141 1375 1200 ab
1395 1141 1642 1198 humano

32 1252 181 1308 cultu
213 1245 546 1307 desertorum
566 1240 806 1318 ingentia
824 1234 987 1312 spatia
1001 1274 1017 1298 ‚
1051 1237 1104 1286 &
1136 1228 1461 1286 torrentium
1483 1242 1643 1280 vora·
1665 1217 1668 1220 ’

34 1337 189 1413 gines
207 1373 223 1398 ‚
255 1322 637 1402 nemorofique
655 1320 819 1377 colles
846 1324 899 1373 &
931 1312 1059 1372 vasti
1078 1330 1335 1372 terrarum
1352 1307 1526 1363 hiatus
1545 1317 1644 1361 eos

35 1415 66 1472 a
85 1417 216 1472 mari
230 1410 575 1471 submovent.
618 1408 695 1461 At
713 1418 774 1459 ut
788 1400 917 1457 Lazi
936 1399 1020 1455 alii
1041 1393 1141 1452 fint
1159 1434 1175 1459 ‚
1212 1411 1376 1471 quam
1396 1390 1489 1467 qui
1508 1389 1643 1444 olim

39 1496 273 1563 Colchi,
294 1492 410 1550 fieri
429 1490 617 1568 nequit
633 1527 649 1554 ‚
679 1481 898 1564 quando
917 1475 1123 1537 Phafim
1143 1494 1359 1533 amnem
1376 1471 1647 1537 accolunt,

35 1583 191 1641 itaut
209 1575 357 1658 quod
380 1573 563 1631 multis
592 1567 808 1648 populis
825 1562 1045 1630 accidit,
1077 1578 1284 1617 nomen
1301 1570 1515 1613 tantum
1535 1572 1662 1611 ηο-Δ

36 1665 173 1721 mini
201 1657 509 1717 succefferit.
553 1648 647 1708 Ad
678 1648 782 1704 hoc
817 1648 984 1723 longa
1016 1660 1141 1701 aetas
1155 1682 1172 1708 ‚
1222 1658 1341 1718 quae
1368 1634 1489 1715 post
1521 1633 1647 1690 illos

33 1736 336 1823 scriptoresv
355 1733 524 1816 elapsa
544 1731 619 1790 est
642 1771 660 1799 ,
704 1728 865 1786 rebus
893 1725 1049 1783 simul
1079 1743 1203 1781 cum
1237 1742 1299 1778 ea
1326 1716 1647 1783 fluentibuS,

39 1827 209 1885 multa
226 1842 345 1903 'quae
361 1839 429 1877 ex
447 1836 576 1875 vero
597 1812 785 1872 tradita
800 1806 1016 1868 fuerant
1031 1806 1316 1863 innovavit
1334 1842 1352 1869 ‚
1383 1796 1647 1856 transsatis

36 1910 286 1992 gentium
305 1900 632 1962 sedibus-aut
655 1889 989 1975 principibus
1016 1880 1647 1960 earuminominibusque

39 1989 408 2050 commutatis.
450 2001 566 2062 quae
602 1975 818 2055 exsequi
850 1970 1192 2031 neceffarium
1227 1968 1390 2033 duxi,
1435 1985 1549 2020 non
1584 1980 1647 2018 ut

36 2069 280 2139 fabulosa
297 2111 314 2138 ,
351 2067 563 2144 fituque
582 2059 853 2118 vetustatis
882 2054 1086 2136 sepulta
1103 2072 1286 2111 eruam
1307 2091 1323 2116 ‚
1352 2044 1646 2128 quaerendo

42 2177 203 2239 quam
223 2153 288 2217 ad
306 2150 471 2209 Ponti
489 2145 686 2201 Euxini
707 2160 912 2221 partem
933 2137 1146 2196 vinetus
1161 2128 1522 2192 Prometheus
1541 2147 1650 2184 car-

41 2239 283 2298 minibus
301 2232 599 2291 celebretur
616 2230 656 2294 ,’
678 2225 951 2297 (multum
968 2222 1116 2278 enim
1139 2217 1166 2275 a
1197 2213 1474 2297 figmentis
1495 2208 1650 2277 distat

41 2321 284 2392 historia)
303 2315 390 2374 sed
407 2330 467 2370 ut
484 2332 548 2368 ex
566 2307 672 2365 fide
693 2305 899 2363 tradam
919 2311 971 2361 δε
998 2322 1080 2359 res
1099 2306 1152 2359 δε
1169 2318 1348 2364 rerum
1367 2293 1653 2364 vorcabula22

44 2399 161 2485 quae
176 2407 231 2461 in
249 2402 347 2459 illis
364 2391 682 2477 regionibus
699 2402 848 2446 nunc
860 2386 1137 2450 obtinent.
1173 2387 1386 2444 Pontus
1401 2377 1487 2433 hic
1501 2374 1529 2432 a
1547 2377 1653 2453 By-

44 2489 226 2555 zantio
263 2503 321 2548 ac
355 2474 704 2537 Chalcedone
738 2473 997 2548 incipiens
1028 2472 1083 2524 in
1116 2462 1458 2523 Colchorum
1486 2475 1657 2519 terras.

47 2570 252 2630 desinit.
297 2562 519 2621 intranti
537 2556 602 2621 ad
622 2556 862 2612 dextram
893 2551 1014 2609 sunt
1031 2547 1321 2626 Bithyni&
1335 2543 1416 2601 his
1434 2556 1652 2598 conter-

50 2655 180 2710 mini
201 2692 218 2718 ,
241 2666 358 2708 tum
381 2642 664 2707 montani,
697 2654 816 2693 tum
837 2632 1210 2713 paphlagones
1228 2669 1244 2695 ,
1274 2643 1514 2706 quorum
1533 2623 1654 2679 loca

49 2733 169 2793 sunt
199 2738 253 2796 &
282 2732 378 2787 alia
395 2733 450 2785 &
468 2722 640 2783 adfitae
668 2722 797 2776 mari
818 2716 978 2774 urbes
1005 2713 1266 2772 Heraclea
1284 2717 1338 2767 &
1356 2703 1620 2766 Amastris
1638 2725 1659 2758 t

49 2812 347 2896 sequuntur
377 2809 479 2867 hos
495 2802 711 2865 Pontici
745 2801 809 2858 ad
842 2801 1250 2877 Trapezuntem
1271 2788 1438 2870 usque
1459 2785 1652 2845 urbem

9 2969 13 2972 ,
51 2904 107 2957 &
125 2900 170 2955 ei
190 2909 461 2976 parentem
481 2906 690 2970 agrum.
731 2885 837 2940 His
856 2883 1123 2938 maritima
1141 2877 1263 2934 sunt
1279 2869 1479 2951 oppida
1499 2869 1651 2925 Sino-

49 3001 119 3062 pe
136 2985 189 3047 δε
207 2972 445 3045 Amisum
468 2972 717 3037 Proxime
734 2961 982 3032 Amisum
999 2961 1072 3021 est
1090 2953 1439 3032 Themiscyra
1457 2943 1651 3019 amnii}

1542 3046 1656 3108 que
