1888 3428
220 161 317 218 H1
339 172 628 219 sTORIAE
668 162 1144 218 VANDA‘LICAE
1185 163 1332 218 LIB.
1354 167 1431 219 ΙΙ.
1523 174 1629 223 111

7 243 122 304 bus
157 265 219 300 ex
260 244 543 300 intervallo
581 262 677 298 eos
695 238 1063 319 sequerentur.
1111 243 1326 300 Stotzas
1341 265 1470 301 vero
1491 264 1552 302 ut
1571 245 1638 305 ad

17 325 197 383 hostes
217 328 464 403 proxime
485 328 650 391 venit,
670 322 911 401 viditque
933 321 1201 399 Germani
1224 320 1435 405 (ignum
1459 368 1474 392 ‚
1506 327 1641 384 hor-

17 411 272 466 tamentis
291 409 353 464 ad
374 404 495 464 suos
517 428 613 486 pro
634 425 883 485 tempore
903 404 1022 463 usus
1041 410 1095 462 in
1116 404 1327 463 hostem
1348 406 1636 468 ferebatur.

16 488 102 547 sed
120 493 354 568 quicum
376 512 443 546 eo
462 510 609 547 erant
644 486 983 544 Herulorum
1007 509 1121 545 non
1141 488 1287 566 sequi
1309 490 1482 546 modo
1502 510 1641 547 cim-

15 570 300 628 &abantur
321 613 336 634 ‚
370 570 457 630 sed
486 574 643 629 omni
679 570 850 627 modo
887 569 1172 627 consilium
1215 572 1345 630 illud
1372 570 1643 631 diffuade-

16 653 147 712 bant
167 696 180 716 ‚
215 655 367 734 quod
386 655 621 711 dicerent
640 697 654 717 ‚
690 651 785 708 fibi
822 653 1046 733 quidem
1082 652 1346 712 Germani
1367 657 1503 713 vires
1523 671 1640 713 non

13 736 114 793 effe
135 741 473 815 percognitas
496 756 508 792 τ
528 754 778 792 caeterum
798 757 896 814 pro
913 755 1199 815 comperto
1219 737 1267 794 se
1288 736 1485 795 habere
1504 779 1520 803 ‚
1539 742 1640 818 qui

11 823 67 876 in
88 819 275 875 dextro
297 817 464 874 efl'ent
483 816 718 875 hostium
739 839 909 875 cornu
925 823 1213 898 impetum,
1230 819 1266 876 fi
1285 824 1340 878 in
1364 819 1505 901 ipsos
1522 819 1639 890 fiat,

13 922 126 959 non
148 906 494 967 toleraturos,
512 904 644 980 quin
662 907 714 957 δι
735 922 797 958 ex
818 922 1010 959 eorum
1028 899 1158 984 fuga
1172 902 1474 982 perturbari
1491 902 1639 982 poffe

12 985 279 1061 reliquum
321 988 634 1041 exercitum.
676 1000 865 1040 contra
885 983 919 1041 fi
941 984 1007 1041 ab
1028 1006 1088 1041 ea
1107 992 1255 1064 parte
1274 989 1332 1043 in
1364 1008 1471 1066 qua
1492 987 1642 1044 Ger-

14 1087 204 1123 manus
239 1064 343 1142 ipse
378 1066 596 1122 curabat
630 1064 853 1124 insultus
890 1069 1231 1146 repelleretur
1249 1113 1262 1133 ‚
1297 1072 1358 1125 iis
1395 1071 1489 1148 qui
1510 1088 1636 1126 cum

15 1152 200 1206 Stotza
232 1166 429 1205 certam
461 1153 744 1205 imminere
776 1152 1082 1228 pernitiem.
1128 1171 1315 1209 motus
1351 1151 1432 1208 his
1452 1154 1638 1208 Stotza

11 1234 68 1287 in
90 1230 434 1287 Germanum
454 1232 674 1308 quidem
697 1234 828 1288 alios
845 1235 1096 1311 immittit
1119 1255 1132 1288 ε
1160 1233 1264 1311 ipse
1285 1253 1464 1291 autem
1484 1234 1639 1314 quod

15 1333 125 1369 erat
160 1314 371 1368 roboris
406 1317 460 1369 in
493 1313 791 1369 Iohannem
829 1316 990 1393 eique
1029 1316 1320 1373 attributos
1344 1317 1541 1373 milit-es
1559 1338 1638 1374 ra-

14 1399 94 1475 pit
131 1418 144 1451 t
179 1400 271 1474 qui
295 1399 402 1450 vim
427 1415 538 1451 non
560 1392 875 1452 sustinentes
894 1437 909 1460 ,
945 1417 1122 1476 neque
1144 1397 1430 1478 disciplinae
1459 1417 1640 1477 neque

14 1478 241 1556 pudoris
270 1498 577 1545 memores»,
607 1480 660 1534 in
683 1474 868 1557 fugam
889 1478 937 1535 se
958 1480 1086 1537 dant
1129 1502 1142 1535 ε
1176 1478 1328 1537 fusos
1354 1521 1370 1547 ,
1398 1485 1564 1558 captis
1584 1484 1641 1539 δὲ
1669 1482 1671 1484 ’
1709 1534 1711 1536 ,

15 1558 571 1639 fignis‚insequuntur
589 1557 889 1616 defectores
920 1583 934 1617 ε
972 1582 1089 1639 pars
1111 1584 1303 1619 eorum
1324 1566 1377 1618 in
1396 1565 1641 1641 legiones

13 1642 277 1699 invadunt
314 1663 326 1696 :
360 1642 430 1697 Et
447 1641 500 1696 hi
521 1660 783 1720 caeperant
805 1642 1020 1698 ordines
1038 1641 1339 1710 dissolvere,
1359 1665 1483 1700 cum
1503 1646 1642 1702 edu-

15 1725 107 1780 ἃο
127 1722 246 1780 ense
264 1724 597 1790 Germanus,
619 1722 926 1803 caeterisque
948 1729 1152 1782 circum
1172 1724 1222 1783 se
1239 1726 1385 1784 idem
1406 1723 1642 1786 faciendi

16 1809 224 1874 auctor,
244 1827 445 1886 magno
465 1803 646 1861 labore
666 1803 762 1862 fibi
782 1805 1064 1886 oppositos
1084 1810 1310 1887 pepulit.
1342 1809 1468 1866 inde
1487 1809 1641 1869 cursu

19 1887 191 1969 ipsum
227 1892 280 1945 in
317 1893 557 1946 Stotzam
590 1885 777 1945 fertur.
822 1910 1059 1968 cumque
1093 1894 1141 1948 ei
1173 1889 1221 1948 se
1243 1888 1643 1967 conjunxissent

24 1974 114 2050 qui
136 1991 258 2027 curn
279 1971 521 2051 Ildigere‘
540 1990 598 2029 ac
616 1968 922 2029 Theodoro
947 1989 1097 2038 erant
1117 2014 1134 2039 ,
1154 1976 1227 2030 ita
1248 1977 1498 2053 permixti
1518 1972 1643 2034 sunt

19 2050 198 2110 hostes
215 2051 478 2115 hostibus,
498 2073 558 2111 ut
578 2050 920 2111 defeciorum
945 2055 1101 2112 multi
1116 2055 1247 2113 dum
1269 2054 1297 2112 ἐι
1314 2054 1362 2113 se
1384 2053 1532 2113 fusos
1554 2061 1642 2115 in-

16 2127 309 2215 sequuntur
340 2127 375 2193 εἴ
401 2133 556 2193 sociis
592 2135 697 2193 suis
728 2140 928 2216 ignaris
960 2140 1245 2216 intercepti
1267 2145 1641 2220 peremptique'

17 2215 137 2275 sint.
180 2239 412 2296 cumque
440 2221 610 2299 magis
646 2225 700 2275 δε
739 2223 909 2299 magis
941 2222 1082 2276 inter
1101 2218 1150 2277 se
1171 2218 1378 2278 confufi
1397 2224 1643 2301 implica-

18 2319 240 2368 rentur,
275 2300 588 2359 Germanus
622 2301 873 2358 nonnihil
908 2302 1090 2359 ceffim
1122 2307 1184 2360 iit
1204 2345 1220 2371 ‚
1246 2304 1371 2361 inde
1391 2304 1643 2364 incubuit

20 2385 205 2439 acrius,
252 2389 327 2440 At
351 2382 652 2443 defectores
672 2403 823 2442 metu
842 2385 1175 2466 augescente,
1199 2408 1313 2443 non
1339 2388 1476 2448 ultra
1494 2391 1643 2467 spem

17 2467 74 2522 in
95 2466 341 2523 manibus
358 2466 572 2524 habere.
619 2467 723 2524 Sed
740 2468 1031 2526 manebant
1047 2468 1316 2526 indiscreti
1336 2512 1354 2538 ‚
1378 2491 1493 2527 non
1515 2470 1642 2538 suiS,

19 2566 133 2603 non
168 2546 412 2618 hostibus
444 2552 566 2607 noti
604 2569 617 2606 ε·
654 2555 854 2629 quippe
873 2548 1037 2610 sonus
1066 2555 1265 2633 linguae
1285 2574 1424 2611 unus
1445 2593 1463 2618 ,
1498 2557 1645 2632 paria

16 2648 166 2686 arma
183 2673 196 2693 ,
229 2652 340 2689 non
362 2635 542 2691 vultus
559 2676 575 2697 ,
609 2654 726 2690 non
746 2631 942 2711 species
960 2635 1071 2692 ulla
1090 2636 1187 2692 alia
1207 2658 1325 2714 quae
1345 2634 1645 2717 distingue-

19 2729 119 2768 ret.
165 2711 239 2768 ob
260 2716 312 2772 id
334 2717 597 2777 Germani
610 2712 751 2791 juffu
770 2720 864 2796 qui
880 2722 1202 2796 Imperatori
1222 2717 1527 2776 militabant
1546 2740 1644 2777 eos

20 2795 79 2851 in
110 2815 252 2872 quos
285 2800 578 2857 inciderant
608 2799 1016 2880 interrogabant
1038 2799 1274 2859 essentne
1292 2801 1357 2860 de
1379 2803 1645 2860 Germani

24 2881 277 2935 exercitu.
318 2887 370 2938 δε
391 2880 424 2938 fi
441 2880 763 2939 affirmarent
784 2923 800 2950 ‚
827 2881 1038 2963 iignum
1062 2887 1264 2943 militiae
1285 2906 1351 2943 ex
1373 2889 1535 2941 more
1557 2883 1644 2940 di-

24 2958 483 3048 „eerejubebantur
502 2988 518 3027 ε
548 2968 645 3048 qui
664 2964 838 3028 dicere
853 2971 1105 3049 nequiret
1123 3008 1157 3054 ³.
1173 2966 1281 3055 sine
1300 2989 1457 3053 mora
1475 2971 1642 3105 igttfr-

1536 3066 1643 3107 Ge*
