1888 3428
246 235 322 290 70
600 217 1445 281 PRoLEGoMENA.

244 313 349 371 ego
368 331 384 358 ‚
416 307 476 350 ut
496 294 578 351 alii
599 335 618 362 ‚
651 294 892 374 linguam
912 294 1042 352 mihi
1061 317 1181 374 quae
1200 314 1480 374 nunquam
1501 290 1607 352 fuit
1643 300 1672 371 (
1685 295 1847 354 Cim-

244 375 446 431 bricam
478 372 634 433 faceti
664 394 956 457 nugatores
989 382 1225 448 vocant)
1274 375 1515 435 confinxi
1545 399 1672 435 meo
1702 378 1847 436 arbi-

242 474 382 513 tratu
403 497 420 524 ‚
450 457 609 536 lapidi
630 462 886 517 nimirum
919 461 1155 539 regulam
1174 476 1463 536 aptaturus.
1507 462 1727 518 Vocum
1754 482 1848 518 ex-

243 537 587 615 plicationem
608 559 698 598 aut
719 559 916 598 certam
937 559 1028 598 aut
1044 540 1381 621 probabilem
1396 581 1412 608 ‚
1432 544 1625 619 partim
1644 563 1707 598 ex
1723 541 1848 621 ipfis

242 618 457 699 legibus
489 620 821 703 historiisque
838 622 1012 680 habeo
1033 665 1048 691 ‚
1094 627 1289 702 partim
1320 644 1384 680 ex
1414 626 1524 680 aliis
1543 623 1848 703 antiquissi-

242 706 347 759 mis
360 701 508 761 libris
524 703 813 762 hominum
831 707 1236 763 Germanorum
1256 748 1274 776 ,
1303 703 1502 784 quibus
1534 708 1850 764 communis

243 804 368 840 cum
404 785 634 845 Gotthis
668 786 876 855 serm0‚
914 792 958 845 is
975 787 1167 846 scilicet
1186 791 1279 867 qui
1311 791 1633 847 nuncetiam
1654 788 1845 847 ‹illisad

240 867 893 940 Maeotim-habitantibrls
930 888 1109 928 manet
1138 892 1152 926 τ
1200 876 1350 947 cujus
1384 871 1659 928 nonnulla.
1680 869 1848 928 nobis

240 948 508 1007 vocabula
534 950 880 1032 Busbequius
908 952 1076 1010 dedit.
1121 952 1271 1011 Cum
1292 973 1358 1009 eo
1393 951 1638 1010 sermone
1670 956 1714 1009 is
1749 957 1848 1033 qui
1881 1001 1884 1004 ι

239 1050 388 1089 nunc
430 1035 486 1089 in
536 1033 726 1091 Suedia
775 1033 1051 1113 usurpatur
1087 1032 1419 1106 manifestam
1455 1038 1846 1115 cognationem

237 1110 428 1170 servat.
470 1115 738 1195 Praeposui
769 1115 895 1174 huic
929 1120 1079 1195 operi
1102 1135 1343 1175 veterum
1377 1117 1444 1174 de
1473 1116 1553 1173 his
1585 1118 1847 1198 gentibus

238 1199 591 1273 pronuntiata
608 1220 720 1255 non
754 1202 939 1259 omnia
958 1239 973 1259 ‚
1009 1198 1334 1257 immensum
1353 1202 1497 1256 enim
1515 1197 1688 1257 fuerat
1707 1240 1721 1262 ‚
1754 1199 1845 1258 sed

238 1282 532 1358 praecipua,
567 1279 596 1336 ὲ
616 1280 813 1359 quibus
830 1301 1014 1348 earum
1035 1283 1321 1359 antiquitas
1340 1322 1357 1350 ‚
1391 1285 1526 1339 vires
1543 1322 1560 1348 ‚
1596 1281 1846 1338 virtutes-

239 1379 348 1436 que
366 1360 630 1438 patescant
651 1384 665 1417 ε
695 1380 847 1419 tanto
865 1358 1106 1419 facienda
1120 1365 1284 1440 pluris
1302 1407 1316 1427 ,
1346 1363 1499 1441 quod
1519 1382 1711 1420 eorum
1728 1384 1843 1420 non

238 1440 448 1517 paucaa
480 1447 603 1501 viris
638 1441 1047 1521 proficiscuntur
1063 1446 1267 1504 eximiae
1291 1442 1617 1512 san&itati3‚
1664 1466 1843 1530 eoque.

239 1522 566 1605 incorruptae
579 1525 726 1584 fidei.
1828 1524 1830 1526 V

1615 2921 1829 2983 EL04
1885 2946 1888 3020 ρ
