1888 3428
196 172 640 233 GoT'rfflcAE
682 174 1081 232 HISTORIAE
1122 176 1268 232 LIB.
1292 179 1399 236 IV.
1532 196 1654 259 457
1714 166 1767 221 Ὗ

27 255 192 316 bazes
210 256 431 337 quidem
466 259 736 315 Lazorum
756 278 844 314 rex
865 257 1135 313 Romanis
1167 262 1375 335 optime
1395 258 1615 318 volebat
1630 299 1650 326 2

31 339 186 420 quod
204 358 442 411 mortern
461 337 590 398 strui
621 338 755 397 fibi
734 362 762 397 a
783 336 1070 405 Chosroe‚
1102 355 1164 395 ut
1197 342 1299 397 alio
1319 343 1444 397 loco
1470 363 1653 400 narra-

30 426 249 489 vimuS,
278 419 516 478 senserat.
562 427 642 479 At
679 424 917 500 plerique
945 423 1216 478 Lazorum
1250 423 1366 489 alii,
1397 427 1590 500 partim
1624 448 1652 482 a

28 505 290 561 Romano
310 505 480 561 milite
501 505 782 563 crudeliter
798 502 1006 571 habiti,
1036 505 1228 581 partim
1268 508 1422 561 variis
1440 525 1467 560 e
1488 505 1624 563 caus
1609 528 1653 563 s

29 586 260 644 ducibus
293 584 558 645 discordes
576 629 593 656 ,
623 583 959 652 fremebant,
979 596 1112 642 'non
1148 585 1325 643 studio
1365 590 1420 643 in
1444 587 1622 644 Persas
1641 632 1656 653 ‚

29 667 120 727 sed
157 672 325 748 parati
358 686 541 726 tamen
584 671 904 726 Romanum
939 662 1227 746 imperium
1265 667 1491 730 Medico
1529 691 1656 726 mu-

30 769 173 816 tare,
209 755 535 830 experientia
568 748 908 831 praesentium
940 756 995 807 δε
1024 749 1111 829 spe
1144 748 1474 808 futurorum.
1521 752 1652 809 Erat:

30 855 149 891 non
200 831 459 892 obscurus
509 836 565 890 in
611 836 764 896 Lazis
811 837 890 892 vir
937 831 1343 911 Theophobius
1389 837 1652 903 nomine,

31 919 127 994 qui
147 919 279 973 clam
298 918 516 973 Sociato
536 913 783 973 sermone
804 937 930 973 cum
965 917 1278 973 Mermeroe
1311 914 1584 973 castellum
1606 914 1657 976 se

31 998 380 1056 Vthimereos
399 1001 447 1055 ei
467 997 788 1056 traditurum
807 997 1104 1057 affirmavit.
1144 999 1265 1054 Nec
1299 998 1476 1056 omifit
1498 999 1656 1056 Mer-

18 1101 246 1138 ‚meroes
278 1080 563 1139 accendere
595 1080 916 1143 hominem,
967 1102 1161 1161 magna
1202 1082 1509 1159 pollicituS,
1544 1081 1652 1142 hoc

31 1159 176 1220 facio
193 1165 425 1220 amicum
446 1184 573 1220 eum
588 1166 729 1222 inter
746 1167 950 1242 primos
972 1162 1204 1224 Chosroi
1225 1160 1384 1226 fore,
1417 1186 1656 1222 nornen-

30 1266 138 1324 que
159 1251 270 1321 ejus
291 1249 431 1303 inter
451 1245 591 1302 bene
609 1245 675 1305 de
711 1245 961 1304 Persico
949 1250 1180 1324 1mperio
1204 1250 1426 1305 meritos
1466 1250 1522 1303 in
1554 1268 1654 1303 an-

30 1328 177 1384 nales
209 1332 410 1385 iturum
430 1368 446 1395 ,
484 1330 718 1385 multum
752 1331 936 1407 gloriae
957 1369 974 1394 ‚
1018 1348 1115 1385 nec
1146 1330 1325 1389 minus
1343 1329 1651 1390 divitiarum

28 1408 401 1467 affluxururn.
426 1412 603 1476 Queis
623 1411 831 1467 eree-qus
868 1409 1273 1488 Theophobius
1294 1414 1469 1468 multo
1490 1414 1656 1468 etiam

13 1495 203 1572 'magis
219 1490 479 1572 flagrabat
498 1492 756 1550 destinata
790 1492 1023 1572 exsequi.
1063 1493 1198 1549 Non
1217 1491 1566 1550 consulebant
1584 1514 1655 1550 eo

27 1581 352 1654 temporein
382 1575 624 1634 medium
642 1578 882 1634 Romani
917 1579 1185 1653 Lazique:
1220 1572 1306 1632 sed
1323 1570 1486 1634 Persae
1508 1597 1655 1654 quo-

29 1677 247 1735 cunque
269 1658 494 1714 vellent
481 1678 709 1735 1mpune
732 1657 1100 1736 vagabantur.
1127 1659 1513 1714 Romanorum
1544 1662 1653 1714 La-

27 1759 335 1818 zorumque
357 1742 441 1796 alii
461 1738 923 1796 latebantPhafim
944 1739 1008 1795 ad
1029 1759 1268 1805 amnem,
1286 1739 1373 1795 alii
1390 1738 1654 1797 Archaeo-

29 1824 142 1900 poli
176 1824 345 1878 aliove
381 1842 495 1916 quo
534 1825 882 1881 munimento
911 1819 959 1878 se
980 1818 1387 1878 absconderant.
1422 1843 1510 1883 rex
1543 1826 1557 1879 i
1567 1820 1651 1901 pse

31 1903 288 1965 Gubazes
310 1907 583 1960 montium
610 1908 758 1983 jugis
793 1907 1039 1983 quietum
1070 1900 1118 1960 se
1151 1903 1389 1961 tenebat.
1433 1904 1506 1962 ob
1540 1904 1653 1962 haec

3 2028 12 2037 .-
29 1988 180 2044 nullo
202 1988 430 2068 negotio
451 1987 600 2044 licuit
631 1986 1007 2065 Theophobio
1043 1984 1293 2063 promiffa
1323 1987 1653 2046 Mermeroae

13 2066 275 2148 implere.
317 2069 462 2126 Nam
497 2073 552 2125 in
574 2067 841 2126 castellum
869 2089 928 2126 ut
964 2073 1150 2136 venit,
1188 2069 1500 2128 custodibus
1535 2076 1651 2144 ejus

2 2171 154 2213 ,tum
187 2152 492 2219 RomaniS,
532 2170 650 2208 tum
683 2155 834 2209 Lazis
857 2192 872 2213 ‚
923 2152 1054 2207 dixit
1091 2173 1317 2208 omnem
1359 2155 1653 2210 Romano-

29 2255 149 2291 rum
170 2232 371 2312 periiffe
392 2237 720 2294 exercitum:
760 2232 958 2291 eversas
997 2233 1217 2290 Gubazi
1253 2233 1515 2316 Lazisque
1534 2257 1649 2293 res:

9 2317 301 2374 -Colchida
324 2338 550 2374 omnem
569 2315 843 2374 Persarum
860 2321 1028 2373 teneri
1045 2320 1236 2374 armis:
1255 2339 1353 2375 nec
1372 2317 1478 2395 spei
1496 2321 1653 2397 quic-

32 2420 196 2476 quam
217 2403 520 2478 reliquum,
546 2418 637 2456 aut
654 2398 871 2457 Gubazl
893 2418 985 2455 aut
1006 2401 1306 2466 Romanis
1329 2421 1651 2478 recuperan-

11 2480 339 2541 ,diamissam
362 2479 760 2560 poffeffionem.
801 2483 1086 2540 Hafienus
1121 2504 1239 2561 quae
1273 2480 1413 2539 Γειέὶει
1448 2481 1549 2539 sint
1581 2482 1648 2539 ab

35 2585 148 2630 uno
173 2582 372 2642 patrata
404 2567 680 2645 regiorum
698 2565 897 2622 ducum
920 2566 1259 2622 Mermeroe.
1301 2569 1490 2622 Secuta
1507 2563 1652 2622 hunc

33 2642 370 2726 septuaginta
405 2647 680 2704 Persarum
712 2666 907 2727 pugnae
942 2649 1158 2705 utilium
1188 2647 1386 2714 millia,
1423 2645 1652 2705 Saberos

36 2727 101 2789 ad
119 2691 250 2784 boet>
242 2729 523 2808 plurimos,
566 2735 645 2786 At
664 2727 994 2809 nuncipsum
1035 2751 1219 2811 regem
1254 2732 1436 2788 venire
1470 2729 1651 2787 Chos-

35 2829 188 2867 roem
208 2832 497 2868 mnumero
521 2833 643 2869 cum
665 2816 941 2880 exercim,
975 2811 1268 2891 subitoque
1307 2807 1511 2869 adfore.
1556 2833 1654 2868 an-

34 2890 244 2969 gustam
278 2889 396 2950 fore
432 2898 599 2973 copiis
636 2899 748 2967 ejus
782 2915 1008 2952 ornnem
1055 2892 1382 2952 Colchidem
1435 2910 1652 2948 terram.

35 2974 170 3038 Haec
185 2975 543 3079 depraedicans
562 2974 997 3064 Theophobius
985 2995 1269 3057 mgentem
1289 2984 1548 3039 terrorem
1567 2976 1655 3038 in-

847 3056 934 3130 ΕΓ
972 3080 1004 3140 5
1486 3056 1643 3125 cuffit
