1931 3428
274 159 390 235 4838
634 157 739 219 DE
782 157 1065 224 GEST1s
1105 159 1593 216 LANGossARD„
1802 239 1805 243 .
1884 0 1922 268 ἒ

814 311 866 367 C
910 333 946 368 A
987 329 1041 366 P.
1122 311 1360 366 xxm.
1595 303 1598 305 *

626 466 637 474 κ
713 449 788 495 De
800 439 990 516 palatio
1011 437 1139 512 quod
1161 432 1448 511 construxit.
1899 292 1923 539 1

276 579 351 719 Ι
379 574 445 629 Bi
484 577 646 633 etiarn
686 575 899 655 praefata
933 578 1114 654 regina
1144 572 1297 631 suum
1332 576 1586 652 palatium
1622 571 1886 641 condidit,
1910 571 1923 650 ξ

377 658 435 712 in
453 678 566 738 quo
585 658 786 738 aliquid
820 665 874 716 &
908 657 973 715 de
1005 652 1492 736 Langobardorum
1515 652 1675 737 gestis
1694 656 1887 732 depin-

277 743 337 822 gi
365 734 510 797 fecit.
549 746 610 797 In
629 761 734 820 qua
751 741 958 819 pictura
977 738 1254 796 manifeste
1274 734 1608 805 ostenditur,
1642 757 1889 817 quomo·
1914 739 1923 781 ἴ

278 824 353 881 do
373 823 722 904 Langobardi
741 844 808 894 eo
828 840 1073 900 tempore
1109 843 1326 885 comam
1357 824 1544 900 capitis
1563 819 1890 887 tondebant,
1904 785 1924 869 ‘l

279 905 367 965 vel
398 907 569 984 qualis
590 905 693 961 illis
722 903 940 963 vestitus
960 946 977 973 ,
1012 903 1243 983 qualisve
1270 902 1485 961 habitus
1515 913 1645 959 erat.
1708 904 1892 981 Siqui-
1921 899 1923 928 ³

280 986 407 1045 dem
451 991 712 1044 cervicem
751 986 916 1064 usque
964 987 1028 1042 ad
1063 987 1375 1065 occipitium
1426 985 1672 1042 radentes
1718 981 1923 1042 nuda-{3

282 1068 452 1138 bant,
487 1069 709 1145 capillos
739 1067 767 1123 ὲ
797 1065 928 1124 facie
962 1066 1207 1146 usquead
1238 1088 1302 1123 os
1337 1064 1576 1124 dimissos
1605 1066 1918 1134 habentess

281 1172 426 1230 quos
460 1155 515 1207 in
551 1170 837 1229 utramque
871 1167 1076 1228 partem
1114 1146 1402 1225 infrontis
1431 1147 1731 1206 discrimine
1750 1148 1905 1207 divi-‘

205 1256 213 1259 ’
283 1232 512 1290 debant.
572 1230 910 1289 Vestimenta
947 1253 1076 1288 vero
1112 1233 1188 1287 eis
1226 1249 1377 1287 erant
1412 1233 1524 1288 laxa
1563 1237 1618 1287 δε
1656 1234 1923 1288 maxime.

282 1316 426 1372 linea
457 1356 473 1382 ‚
517 1316 695 1394 qualia
728 1316 1165 1395 Angli-Saxones
1200 1312 1397 1371 habere
1427 1312 1600 1370 solent
1633 1355 1650 1381 ,
1706 1331 1915 1370 ornata·

280 1396 475 1465 institis
503 1395 819 1462 latioribu8‚
853 1399 1000 1455 vario
1037 1397 1220 1454 colore
1237 1394 1541 1462 ‘contextis
1590 1397 1771 1453 Calcei
1799 1417 1923 1454 ve-=

281 1500 348 1537 ro
386 1482 462 1537 eis
501 1498 651 1537 erant
686 1478 850 1559 usque
883 1479 947 1537 ad
981 1477 1254 1537 summum
1275 1480 1530 1557 pollicem
1548 1499 1685 1558 pene
1705 1481 1893 1557 aperti,

286 1568 343 1620 &
375 1564 676 1619 alternatim
715 1565 914 1641 laqueis
946 1563 1299 1642 corrigiarum
1333 1566 1563 1619 retenti.¹
1589 1559 1778 1619 Postea
1799 1581 1910 1634 ve-·

284 1664 352 1700 ro
373 1664 655 1724 coeperunt
674 1644 814 1701 hofis
834 1650 911 1702 uti
934 1686 950 1712 ‚
984 1643 1138 1723 super
1156 1665 1288 1723 quas
1303 1647 1605 1724 equitantes
1624 1641 1897 1723 tubrugos

287 1725 497 1784 birreos
517 1725 826 1785 mittebant.
870 1726 957 1807 sed
975 1725 1079 1784 hoc
1109 1726 1174 1784 de
1194 1728 1582 1785 Romanorum
1603 1722 1896 1783 consuetu-

287 1808 414 1867 dine
433 1826 732 1868 traxerunt.

701 1991 709 2000 ι
790 1961 841 2015 C
903 1983 940 2016 A
997 1981 1049 2017 P.
1147 1963 1402 2019 XXIV.

661 2099 735 2145 De
760 2086 1062 2163 fitbverfione
1098 2090 1337 2147 Patavina
1367 2089 1514 2146 urbis.

297 2227 422 2351 V
456 2228 597 2302 Sque
614 2224 679 2284 ad
696 2223 806 2284 haec
827 2242 1076 2305 tempora
1095 2228 1379 2284 Patavium
1398 2228 1582 2284 civitas
1613 2222 1913 2288 fortiffime

451 2307 715 2366 militibus
748 2308 1173 2388 repugnantibus
1202 2308 1573 2390 Langobardis
1604 2304 1897 2373 rebellavit.

297 2389 401 2449 Sed
419 2390 637 2448 tandem
658 2392 859 2466 injecito
879 2395 1006 2471 igne
1037 2410 1150 2449 tota
1178 2390 1411 2449 flammis
1429 2390 1746 2449 vorantibus
1763 2412 1869 2450 con
1882 2426 1921 2456 -,

297 2491 531 2530 cremata
547 2471 621 2530 est
638 2513 653 2534 ‚
688 2478 743 2529 δε
765 2470 908 2549 juffu
929 2478 1066 2554 regis
1086 2472 1312 2555 Agilulfi
1333 2474 1396 2532 ad
1427 2472 1598 2533 solum
1620 2472 1784 2554 usque
1802 2475 1899 2533 de-

295 2553 495 2613 struffita
510 2554 584 2612 est
607 2577 620 2612 z
643 2556 838 2612 milites
857 2572 1039 2614 tamen
1059 2563 1149 2637 qui
1168 2562 1225 2616 in
1243 2579 1300 2616 ea
1319 2555 1554 2628 fuerant,
1576 2558 1895 2632 Ravennam

298 2657 533 2696 remeare
556 2636 793 2718 permiffi
813 2636 953 2696 sunt0

1668 2968 1894 3030 CAP.
