1888 3428
235 132 358 212 ‘2480
432 206 435 212 A
588 127 975 190 PRocoPu
1033 126 1562 189 CAEsAREENsrs
1624 134 1626 136 ’
1883 179 1888 200 -.

241 221 405 278 duces
432 213 543 273 haec
568 213 855 272 adhibuere
884 215 1249 280 incitamenta.
1296 211 1767 291 Quandoquidem
1784 208 1856 271 03
1883 232 1888 288 ς

239 302 359 358 mni
378 299 518 355 Italia
537 294 981 376 pulfi‚multoque
999 313 1248 371 tempore
1266 291 1444 351 nescio
1465 294 1598 373 quib
1608 316 1666 351 us
1684 311 1853 352 terra⁴
1885 329 1888 349 l

247 402 373 440 rum
407 397 504 442 aut,
531 380 707 457 pelagi
735 378 947 435 latebris
981 378 1240 433 occultati
1263 375 1518 432 homines
1542 373 1729 450 nefarii
1758 399 1856 434 au—

245 465 376 522 dent
394 460 443 519 se
468 460 687 525 tandem
709 458 870 516 uobis
886 458 1162 515 ostendere
1174 494 1192 524 2
1207 458 1357 515 velut
1372 462 1691 516 retentaturi
1710 460 1857 516 Mar-

243 552 316 603 tis
335 547 501 602 aleam
522 576 539 609 <,
569 541 813 599 nostrum
830 539 904 598 est
925 543 1065 598 illam
1084 563 1146 598 ex
1163 543 1468 619 ignorantia
1485 538 1560 597 sui
1579 540 1856 620 nostrique

243 625 504 685 ferociam
528 628 579 683 vi
603 628 757 681 omui
792 626 1115 702 reprimere,
1153 644 1254 690 ne,
1287 619 1460 702 fiquid
1491 621 1858 702 pigrescimuS,

245 710 520 767 temeritas
536 705 775 786 ipsorum
796 708 850 762 in
871 711 1040 781 majus
1071 704 1341 782 procedat.
1385 704 1529 761 Nam
1551 703 1742 761 stolida
1761 726 1857 761 au-

249 792 427 857 dacia,
460 793 515 846 ni
550 787 663 867 ipso
686 786 762 845 sui
793 791 951 844 initio
990 785 1410 854 sufflaminetur,
1441 789 1498 843 in
1530 785 1856 857 immensum

249 878 359 931 ruit
396 913 413 937 ,
459 869 731 928 insanabili
763 869 894 947 saepe
929 890 1121 926 eorum
1155 871 1210 926 in
1247 891 1388 948 quos
1416 869 1675 945 inciderit,
1697 872 1856 927 malm

252 957 685 1032 Quamprimum
720 955 884 1030 igitur
912 973 1006 1009 eos
1024 951 1213 1009 docete
1231 993 1249 1019 ,
1284 951 1570 1008 Graeculos
1598 949 1695 1008 effe
1714 950 1858 1029 ipsos

253 1045 309 1095 δε
330 1041 553 1117 ingenio
574 1028 853 1101 imbelles,
884 1031 1141 1113 superbos
1158 1052 1341 1091 tamen
1361 1037 1523 1097 etiam
1544 1032 1722 1094 fractis
1745 1039 1857 1107 jam

249 1119 492 1184 viribus,
521 1136 700 1195 neque
735 1114 884 1172 finite
920 1117 1254 1172 tentamenta
1286 1114 1525 1194 ipsorum
1560 1119 1692 1173 ultra
1727 1136 1888 1194 pro-2-¹

250 1201 419 1281 gredi.
464 1205 698 1279 Ignavus
717 1200 966 1276 quamvis
993 1200 1202 1253 animus
1236 1219 1300 1254 ex
1330 1197 1505 1254 hostili
1533 1200 1860 1277 negligentia

250 1283 559 1340 libertatem
579 1279 674 1337 fibi
691 1280 853 1336 sumit
869 1320 885 1346 ,
921 1279 1114 1337 deiude
1134 1301 1197 1336 ex
1217 1276 1536 1337 succeffibus
1555 1284 1724 1359 magis
1745 1301 1860 1336 ma-

249 1368 446 1446 gisque
477 1359 874 1443 expergiscitur.
915 1364 1031 1418 Diu
1050 1362 1171 1418 illos
1196 1361 1291 1419 ubi
1321 1359 1605 1418 nobiscum
1628 1381 1862 1418 concur-

251 1450 455 1515 rerint,
486 1445 698 1503 fortiter
730 1440 969 1502 facturos
1003 1465 1070 1500 ne
1093 1442 1303 1502 credite.
1346 1445 1492 1501 Nam
1529 1448 1758 1519 majores
1786 1445 1862 1502 illi

251 1551 419 1611 quam
454 1550 553 1608 pro
591 1525 793 1586 viribus
824 1524 1035 1605 spiritus
1069 1546 1192 1583 ante
1224 1525 1506 1584 discrimen
1541 1526 1863 1584 exsultantes

253 1616 474 1692 vigent:
510 1609 601 1668 ubi
632 1609 698 1665 ad
729 1631 843 1669 rem
865 1628 1089 1666 ventum
1126 1608 1198 1666 est
1221 1649 1236 1669 ‚
1286 1608 1680 1681 detumescunt.
1721 1607 1781 1666 Id
1803 1627 1862 1666 ut

253 1694 445 1760 sciatiS‚
467 1689 886 1756 reminiscimini,
905 1712 1018 1769 quo
1039 1689 1260 1747 antehac
1281 1708 1480 1748 eventu
1500 1689 1678 1748 hostes
1698 1695 1873 1750 virtu··

252 1781 324 1849 tis
353 1775 533 1834 vestrae
567 1775 862 1852 periculum
897 1770 1159 1829 fecerint:
1205 1773 1399 1830 deinde
1435 1775 1705 1852 cogitate,
1745 1783 1861 1831 nou

255 1858 435 1917 subito
453 1854 626 1929 factos
643 1853 898 1911 fortiores
933 1855 1055 1927 illos
1092 1852 1369 1911 adversum
1401 1875 1503 1911 nos
1532 1857 1744 1923 venire,
1774 1854 1862 1913 sed

255 1941 390 1998 ficut
423 1942 565 2018 paria
599 1936 870 2015 prioribus
902 1934 1100 2012 atu-dent
1119 1975 1135 1999 ‚
1169 1940 1241 1993 ita
1271 1944 1324 1995 δε
1344 1939 1510 2013 priori
1540 1958 1721 2015 parem
1740 1936 1862 2015 ipfis

253 2023 539 2080 imminere
576 2016 876 2075 fortunama
917 2018 1052 2073 Haec
1082 2021 1279 2075 elocuti
1315 2018 1662 2078 Gotthorum
1701 2019 1863 2076 duces

255 2100 535 2162 occursant
553 2099 830 2167 hostibus,
870 2098 1153 2177 statimque
1186 2121 1424 2180 pugnam
1465 2103 1672 2158 ineunt.
1719 2106 1863 2176 Aere

253 2186 360 2244 fuit
393 2185 575 2242 navale
606 2183 711 2238 hoc
732 2224 747 2248 ,
785 2180 1119 2261 pedestrique
1154 2187 1377 2261 propius
1408 2186 1666 2261 praelium.
1711 2185 1863 2240 Cum·

196 2293 200 2298 ·
257 2273 403 2328 enim
440 2264 717 2322 frontibus
750 2262 973 2321 adversis
1009 2285 1169 2321 naves
1201 2264 1382 2322 rostris
1413 2268 1550 2322 inter
1580 2265 1628 2322 se
1660 2264 1862 2340 infestis

258 2346 637 2414 constitissent,
658 2367 771 2403 non
788 2349 890 2404 tela
909 2348 1272 2423 tantumjafia
1310 2350 1595 2425 utrinque,
1632 2340 1718 2404 sed
1735 2351 1864 2426 qui-

257 2430 364 2490 bus
383 2432 612 2488 erectior
644 2432 833 2501 virtUS,
867 2431 1115 2508 contigui
1145 2426 1482 2508 consertique
1516 2430 1580 2502 de
1607 2429 1862 2504 ‘tabulatis

258 2512 572 2596 pugnabant
591 2507 734 2567 hasta
754 2552 769 2576 ‚
801 2510 977 2589 gladio
995 2552 1012 2577 ‚
1036 2529 1094 2567 ut
1113 2515 1168 2567 in
1187 2532 1378 2589 campo
1404 2509 1520 2566 fieri
1537 2509 1688 2568 solet.
1728 2513 1862 2567 Haec

255 2595 549 2677 primordia
573 2614 763 2673 pugnae
783 2590 1020 2649 fuerunt.
1064 2593 1168 2664 Sed
1186 2609 1314 2649 mox
1332 2590 1547 2649 Barbari
1570 2601 1745 2650 rerum
1764 2614 1862 2649 na-

254 2682 456 2738 valium
493 2678 760 2754 imperitia
791 2673 1174 2732 tumultuosius
1208 2696 1361 2754 agere
1397 2693 1699 2752 caeperunt:
1744 2695 1863 2753 pars

255 2762 421 2819 tantis
439 2755 644 2825 interse
664 2757 916 2828 disjunffi
937 2759 1225 2815 intervallis
1244 2786 1260 2824 ,
1299 2775 1360 2813 ut
1381 2755 1524 2813 solos
1544 2756 1589 2814 se
1611 2754 1862 2813 assultan-

257 2843 360 2901 dos
377 2836 932 2918 hostibuspraeber'ent
950 2879 966 2905 ,
1004 2860 1119 2917 pars
1148 2843 1219 2896 ita
1239 2836 1468 2910 conferti
1500 2838 1781 2918 stipatique
1802 2858 1862 2896 ut

257 2919 557 3005 compressu
580 2924 797 2982 navium
828 2923 912 2979 alii
943 2924 1171 2980 aliorum
1200 2918 1375 2979 officia
1404 2921 1743 3001 impedirent.
1778 2920 1887 2976 di--'

1721 3018 1867 3059 ceree
