1888 3428
177 153 629 215 GOTTHICAE
668 156 1087 215 Hrs‘ronrffi
1126 161 1274 215 [ΛΒ.
1313 161 1428 217 IV.
1522 175 1634 238 435

10 237 138 320 ipfis
167 236 521 308 incumbente
547 242 781 296 exercitu
800 278 817 303 ‚
853 258 1020 317 opem
1057 236 1194 296 ferre
1230 240 1445 320 Apfiliis
1479 260 1644 318 pote·
1690 238 1703 295 J

11 341 134 379 rant
158 346 172 380 ε
216 323 370 400 isqui
385 318 664 400 praefectus
686 320 889 377 Tzibili
916 319 1155 401 praesidio
1176 342 1286 379 erat
1304 363 1322 389 ‚
1352 321 1526 379 fratris
1546 321 1642 378 ha-

10 403 178 461 bebat
192 400 356 460 filiam
378 442 396 471 ,
428 402 620 482 insigni
655 400 822 480 specie
844 405 1142 461 mulierem.
1187 406 1371 479 Hujus
1389 405 1641 481 cupidine

9 483 165 566 supra
182 485 409 542 modum
428 481 670 542 incensus
686 483 874 541 Persici
894 486 983 542 ille
998 490 1229 566 agminis
1247 487 1466 551 durior,
1482 485 1636 544 adhi-

8 567 135 647 bitis
151 569 391 646 primum
411 568 915 634 tentamentiS‚cum
935 590 994 625 ea
1009 590 1131 629 non
1144 569 1502 648 procederent
1523 608 1539 634 ‚
1584 571 1638 624 vi

9 654 66 708 in
86 670 203 708 eam
226 652 416 706 utitur.
446 649 678 706 Maritus
697 654 1040 709 contumeliae
1062 655 1347 731 impatiens
1366 656 1420 707 &
1440 650 1639 708 ducem

9 738 65 791 ὃς
84 735 317 812 quicum
336 753 403 787 eo
437 749 590 788 erant
623 734 819 789 milites
835 773 851 799 ,
882 731 1234 791 acceffionem
1270 731 1445 791 ῐεᾶοε
1478 733 1638 789 alieni

8 816 245 873 criminis
262 853 277 880 ,
299 813 612 876 obtruncat,
645 812 851 894 sibique
869 815 1138 874 castellum
1160 814 1349 874 servat.
1392 815 1524 872 Haec
1543 814 1640 872 de-

8 895 252 956 sciscendi
269 894 298 952 ὲ
337 896 564 953 Colchis
593 895 742 954 causa
775 894 878 954 fuit
917 897 1127 978 Apfiliis
1148 939 1165 964 ,
1205 897 1511 956 dicentibus
1546 894 1596 955 se
1615 935 1635 963 ‚

8 1001 132 1037 cum
151 979 177 1036 Ξι
199 976 363 1036 Persis
383 976 602 1057 pessime
620 978 946 1038 haberentur
971 1023 988 1050 ‚
1006 983 1151 1039 nulla
1171 980 1512 1039 Colchorum
1529 1000 1638 1056 ope

8 1058 269 1120 defensos.
312 1064 393 1118 At
417 1061 673 1118 Gubazes
694 1060 857 1119 efficit
880 1083 939 1121 ut
977 1066 1173 1120 milites
1208 1065 1454 1121 Romani
1486 1061 1634 1118 mille

7 1142 103 1202 sub
120 1143 355 1201 Thomae
376 1142 613 1202 Iohanne
630 1182 646 1210 ‚
673 1150 786 1220 jam
808 1163 931 1202 ante
952 1144 1083 1203 mihi
1100 1147 1247 1203 dicito
1270 1188 1286 1215 ,
1311 1150 1367 1203 in
1386 1142 1636 1203 defecto-

0 1215 89 1284 lres
138 1243 280 1283 eant.
326 1231 517 1304 Pugna
549 1247 687 1304 opus
724 1247 839 1282 non
887 1225 1007 1285 fuir.
1054 1229 1337 1287 Comitate
1377 1228 1634 1285 delinitos

9 1304 240 1387 Apfilios
258 1306 528 1364 Iohannes
543 1312 816 1365 Lazorum
834 1309 930 1366 sub
951 1313 1180 1388 imperia
1199 1308 1457 1388 reposuit.
1498 1308 1637 1364 Haec

9 1390 131 1448 sunt
149 1410 268 1470 quae
285 1389 353 1447 de
387 1388 635 1468 Apfiliis,
666 1390 842 1470 deque
873 1391 1081 1450 castello
1115 1394 1338 1451 Tzibilo
1375 1390 1635 1450 narranda

8 1469 298 1530 habebam.
341 1471 455 1529 Sub
474 1471 581 1530 hoc
598 1490 813 1552 tempus
839 1474 1026 1532 accidit
1048 1474 1308 1534 Chosroae
1344 1494 1404 1533 ut
1417 1473 1628 1534 saevitiae

9 1552 110 1611 suae
127 1556 405 1612 materiam
424 1552 521 1612 suo
545 1558 602 1612 in
641 1554 899 1635 sanguine
920 1561 1193 1634 reperirer.
1236 1560 1499 1615 Filiorum
1515 1561 1635 1632 ejus

9 1635 383 1697 vetustiffimus
399 1635 747 1695 Anasozadus
768 1642 996 1696 nomine
1034 1639 1061 1715 (
1080 1638 1288 1697 Persico
1307 1640 1361 1697 id
1378 1641 1628 1696 sermone

9 1719 424 1776 immortalitatis
457 1722 737 1777 amfrorem
772 1719 1051 1800 designat)
1095 1723 1281 1779 multis
1314 1739 1520 1802 patrem
1537 1716 1634 1776 of-

9 1797 176 1859 fendit
196 1841 213 1867 ,
246 1819 367 1857 tum
401 1820 597 1859 caeterae
633 1806 753 1860 vitae
788 1799 1003 1883 flagitiis
1020 1844 1036 1871 ‚
1074 1823 1191 1861 tum
1225 1822 1291 1861 ne
1313 1802 1631 1862 mulieribus

9 1882 225 1962 quidem
245 1887 449 1962 paterni
469 1882 660 1941 cubilis
676 1882 1018 1942 consortibus
1046 1884 1336 1942 abstinens,
1378 1887 1630 1942 Primum

10 1962 187 2021 exsilio
209 1968 398 2042 punire
415 1963 587 2023 filium
603 1986 749 2045 pater
766 1966 882 2024 satis
899 1967 1086 2025 habuit
1109 1987 1124 2025 τ
1157 1967 1251 2025 Est
1289 1972 1426 2027 intra
1443 1966 1630 2024 Persa-³

11 2065 126 2103 rum
145 2045 278 2103 fines
297 2048 536 2104 Vaza'ine
555 2054 707 2128 regio
727 2054 933 2127 optima
952 2091 968 2118 ‚
1000 2054 1056 2106 in
1091 2073 1197 2130 qua
1229 2051 1355 2107 urbs
1386 2052 1629 2129 Bellapa-

11 2145 108 2185 ton
127 2126 322 2206 septem
339 2130 549 2186 dierum
579 2136 768 2188 itinere
794 2131 1151 2211 Ctesiphonte
1182 2131 1343 2191 abest.
1390 2131 1518 2189 Huc
1538 2154 1628 2211 pa·

11 2213 98 2266 tris
111 2208 247 2284 jussu
265 2211 545 2290 ablegatus
563 2213 777 2271 vivebat
794 2213 1162 2283 AnasozaduS‚
1178 2239 1304 2274 curn
1320 2213 1628 2274 Chosroem

12 2293 226 2350 morbus
242 2293 430 2352 invasit
451 2335 465 2354 ‚
507 2298 686 2374 gravis
708 2296 840 2354 adeo
880 2302 1063 2371 utjam
1088 2306 1141 2355 &
1164 2298 1458 2356 exstinrsstus
1476 2300 1630 2356 dice-

12 2391 163 2430 retur.
207 2376 334 2433 Erat
353 2396 533 2435 autem
553 2379 673 2434 alias
704 2399 929 2458 quoque
948 2399 1133 2437 natura
1151 2381 1403 2440 imbecilli
1424 2402 1627 2460 corpo-

12 2475 61 2512 re
84 2454 351 2515 Chosroes
370 2500 388 2526 ‚
405 2459 727 2538 turbamque
752 2462 1093 2520 medicorum
1114 2466 1355 2544 undique
1376 2465 1439 2522 ad
1457 2461 1506 2520 se
1527 2464 1624 2520 ad-

13 2557 194 2597 vocare
220 2537 408 2599 solitus
427 2582 444 2610 ,
473 2545 528 2598 in
564 2541 763 2622 quibus
796 2548 851 2599 &
892 2544 1179 2622 Tribunus
1215 2566 1324 2604 erat
1352 2546 1582 2604 nomine
1601 2581 1622 2612 ,

13 2637 131 2676 ortu
146 2621 448 2680 Palaestinus
467 2661 484 2692 ,
505 2627 584 2683 vir
603 2625 842 2682 eruditus
860 2633 914 2684 &
934 2628 1183 2686 medendi
1208 2632 1393 2707 peritia
1414 2631 1621 2687 nemini

14 2701 230 2770 cedens,
262 2705 496 2782 prudens
516 2706 722 2772 adhoc,
758 2708 866 2765 Dei
881 2729 1066 2768 amans
1088 2755 1102 2777 ,
1143 2709 1619 2791 probitatisipsum

15 2783 222 2843 culmen
252 2787 528 2846 obtinens,
571 2795 621 2846 Is
652 2796 706 2846 &
742 2790 877 2847 olim
909 2811 1033 2850 cum
1071 2797 1349 2874 aegrotanti
1383 2791 1617 2851 Chosroi

15 2865 261 2925 auxilium
279 2868 525 2937 tuliffet,e
541 2869 813 2930 Persarum
832 2890 968 2931 terra
983 2875 1215 2934 domum
1233 2877 1534 2944 redierat‚m
1546 2874 1623 2931 ul*

16 2952 131 3032 ta&
153 2969 344 3031 magna
362 2952 429 3012 ab
451 2952 567 3034 ipso
586 2953 851 3015 donatus:
883 2962 937 3013 &
956 2978 1081 3015 cum
1100 2959 1379 3038 postremae
1395 2960 1624 3016 induciae

205 3068 210 3071 ·
858 3039 951 3098 Ee
998 3061 1026 3097 a
1503 3058 1638 3096 cou-

422 3206 445 3229 G·
