1888 3428
178 210 568 270 HrsT0R1AE
604 209 1082 266 VANDALICAE
1122 205 1274 264 [τε.
1313 207 1362 264 Ι.’
1514 222 1585 263 21

9 288 233 373 ‘Jt'repens
249 334 266 358 ,
296 293 427 350 dum
447 299 500 350 &
519 292 712 349 milites
731 297 784 346 &
805 305 979 347 nautae
999 294 1052 345 &
1073 291 1212 358 inter
1231 288 1281 345 se
1301 296 1356 346 &
1378 288 1459 346 alii
1481 289 1594 345 aliis

9 393 200 433 :ertant
229 365 544 453 imperando
577 414 595 440 ,
637 370 913 450 contisque
947 369 1199 428 laborant
1229 373 1441 427 amoliri
1470 387 1595 429 tum

9 478 158 514 naves
186 456 457 538 igniferas.
497 475 614 513 tum
646 453 791 518 suaS,
833 455 1050 511 aliarum
1089 455 1346 510 contacftu
1382 453 1598 530 pericli-

8 556 205 607 :antcS,
250 538 355 597 fine
391 525 556 597 modo
592 534 980 614 modestiaque.
1022 540 1246 615 Iamque
1276 541 1332 593 δε
1363 532 1600 591 Vandali

9 620 210 677 iderant
230 661 248 688 ,
284 620 545 679 instabant
562 620 714 686 teliS,
750 618 1070 698 mergebant
1102 619 1233 674 alios
1252 624 1307 675 δε
1335 613 1373 672 fi
1393 612 1598 695 quifua

9 722 183 781 gerant
201 705 432 761 militum
458 744 475 769 ,
519 699 659 782 ipsos
686 722 938 780 armaque
957 700 1185 779 praedam
1204 697 1492 757 faciebant.
1533 701 1597 752 In

8 788 155 840 :antis
187 787 336 842 malis
371 805 483 842 non
515 781 732 841 defuere
762 786 1150 841 Romanorum
1188 786 1342 841 avitae
1378 781 1598 837 virtutis

9 887 296 924 memores:
336 870 633 946 'quosinter
649 865 917 923 Iohannes
935 867 1183 931 emicuit,
1215 861 1439 923 Basilisci
1455 865 1598 941 lega-

9 968 80 1003 :us
100 989 117 1015 ,
154 946 383 1026 perfidiae
415 949 575 1028 ipfius
606 951 998 1027 impermixtus.
1044 947 1227 1005 Multa
1257 949 1404 1004 enirn
1434 942 1597 1002 turba

9 1028 225 1086 tostium
245 1048 436 1088 navem
454 1030 615 1111 ipfius
631 1028 985 1101 circumfusa,
1021 1051 1168 1088 nunc
1184 1029 1325 1097 huc,
1361 1026 1597 1085 nuncil-

17 1131 81 1168 uc
113 1108 164 1168 se
199 1112 406 1170 versans
426 1154 441 1179 ,
475 1114 541 1172 de
573 1112 706 1172 foris
735 1117 954 1173 vulnera
981 1112 1295 1193 spargebat:
1321 1129 1593 1188 cumque,

10 1196 71 1249 iis
88 1189 274 1252 frustra
293 1200 506 1253 tentatis
524 1237 541 1264 ,
576 1200 691 1275 capi
711 1216 904 1254 navem
921 1213 1162 1254 cerneret
1180 1237 1197 1263 ,
1230 1194 1338 1277 ipse
1355 1192 1420 1251 de
1445 1191 1597 1249 sum-

9 1296 81 1332 na
101 1297 278 1354 puppe
297 1297 531 1336 armatus
559 1276 609 1336 se
639 1283 696 1335 in
715 1294 858 1335 mare
889 1276 1099 1353 dejicit:
1140 1281 1489 1355 multumque
1523 1295 1597 1330 o·-

9 1374 140 1413 ·ante
157 1357 207 1414 se
229 1358 498 1417 Genzone
520 1359 793 1417 Gizerichi
810 1358 924 1417 filio
942 1401 958 1427 ‚
975 1363 1093 1418 vitae
1113 1376 1174 1415 ut
1198 1376 1462 1438 parceret,
1485 1353 1596 1414 fide

10 1435 169 1496 “alutis
187 1440 306 1498 data
324 1483 340 1509 ,
390 1440 522 1497 nihil
542 1458 728 1499 motus
746 1483 763 1509 ,
797 1443 949 1520 aquis
981 1441 1032 1499 se
1059 1439 1351 1508 immersit,
1388 1437 1494 1495 hoc
1525 1457 1598 1494 u-

10 1541 125 1576 mm
146 1519 334 1579 effatus
353 1563 369 1589 ,
401 1544 514 1578 non
532 1520 648 1580 fore
680 1523 976 1580 Iohannem
1007 1526 1063 1579 in
1093 1544 1287 1580 canum
1306 1518 1593 1599 potestate.

9 1604 100 1658 ss-Iic
117 1601 240 1658 belli
266 1605 406 1659 illius
436 1608 608 1660 exitus
639 1601 741 1659 fuit
768 1644 786 1670 ,
844 1604 1185 1680 domumque
1218 1603 1376 1660 rediit
1410 1603 1592 1657 Hera-

9 1684 141 1740 flius·
181 1686 457 1740 Interierat
472 1686 692 1757 alicujus
716 1685 1023 1764 legatorum
1041 1683 1262 1741 suorum
1281 1683 1415 1741 dolo
1435 1682 1593 1739 Mar-

9 1766 251 1823 cellianus.
293 1764 562 1822 Basiliscus
581 1787 710 1822 vero
728 1805 745 1826 ‚
771 1783 832 1822 ut
847 1769 1170 1844 Byzantium
1191 1782 1410 1824 venerat
1427 1806 1444 1833 ,
1462 1763 1592 1845 sup-

9 1847 107 1904 ›lex
125 1848 252 1906 sedit
267 1850 322 1903 in
340 1847 449 1905 aede
467 1851 649 1927 magni
666 1850 774 1905 Dei
790 1847 985 1905 Christi
1006 1889 1022 1910 ,
1052 1851 1330 1927 Sapientiae
1345 1869 1463 1905 eam
1480 1850 1593 1926 By-

11 1933 184 1987 ·antini
215 1948 441 1995 vocant,
473 1928 527 1986 id
562 1951 768 1987 nomen
786 1932 915 1987 Deo
936 1930 1307 2011 dignissimum
1332 1929 1588 2006 judican-

16 2032 100 2068 es:
132 2020 186 2070 ὃ(
205 2012 500 2092 periculum
521 2012 740 2092 quidem
757 2010 951 2093 effugit
968 2058 982 2079 ,
1013 2012 1262 2094 Augusta
1278 2016 1479 2070 Verina
1497 2012 1589 2070 de-

11 2090 265 2152 ›recante:
297 2115 485 2152 verum
508 2093 720 2173 adipisci
736 2099 1030 2175 Imperium
1049 2137 1066 2163 ,
1088 2117 1194 2175 qua
1210 2094 1298 2176 spe
1316 2094 1450 2152 nihil
1469 2115 1588 2151 non

12 2174 214 2244 ecerat,
248 2194 379 2234 tunc
395 2197 510 2233 non
531 2181 722 2255 potuit.
763 2179 908 2236 Nam
928 2185 982 2237 δε
1013 2176 1272 2258 Asparem
1303 2183 1359 2235 δε
1391 2177 1587 2235 Anda-

12 2263 204 2317 >urium
239 2280 354 2317 non
383 2263 454 2316 ita
486 2261 662 2317 multo
694 2259 815 2338 post
844 2264 1121 2319 interemit
1152 2263 1290 2317 intra
1323 2262 1587 2338 palatium

13 2361 104 2398 Aeo
131 2347 427 2420 Imperator
457 2382 473 2409 ,
514 2341 612 2400 fibi
644 2364 832 2400 necem
861 2344 928 2405 <ab
964 2342 1086 2423 ipfis
1115 2342 1245 2400 strui
1277 2340 1581 2420 suspicatus,

13 2423 120 2481 ·Iaec
136 2424 351 2503 quidem
378 2425 476 2480 illis
495 2428 548 2480 in
569 2424 808 2503 partibus
826 2426 1169 2507 gerebantur.
1214 2429 1292 2482 At
1311 2424 1587 2482 Occiden*

14 2508 357 2584 isImperator
371 2505 702 2564 Anthemius
718 2512 919 2567 interiit
936 2509 963 2566 ὲ
978 2511 1165 2566 socero
1185 2526 1456 2586 peremtus
1469 2505 1588 2565 Re-

14 2589 182 2644 :imere
203 2610 216 2644 :
234 2594 316 2644 cui
335 2588 617 2646 succedens
636 2590 894 2670 Olybrius
912 2598 968 2649 &
988 2592 1093 2672 ipse
1114 2591 1276 2648 breve
1293 2594 1432 2648 intra
1450 2608 1591 2646 tem-

15 2689 93 2724 ³us
108 2665 272 2725 fatum
290 2673 550 2749 implevit.
590 2674 710 2730 Nec
725 2671 1012 2752 supervixit
1046 2674 1138 2732 diu
1172 2677 1410 2751 Byzantii
1445 2676 1587 2738 Le0,

15 2756 146 2823 :ujus
177 2771 239 2806 ex
270 2748 377 2809 filia
408 2754 643 2821 Ariadna
670 2776 876 2833 nepos,
914 2774 1064 2836 patre
1095 2761 1358 2823 Zenone,
1391 2755 1584 2813 itidem

16 2831 166 2890 ὶίἃιιε
191 2835 302 2889 Leo
323 2856 611 2913 paucorum
634 2837 842 2897 dierum
860 2858 1068 2897 aetatem
1095 2837 1331 2906 habens,
1370 2835 1593 2915 suscepit

16 2916 297 3000 mperium.
336 2914 558 2975 Adscito
581 2918 772 2976 deinde
791 2924 847 2977 in
864 2924 1080 3000 Imperii
1096 2919 1405 2980 societatem
1421 2936 1592 2997 patre,

22 2993 169 3054 ubito
203 3015 332 3074 puer
365 2997 501 3060 filius
531 2998 821 3065 exstinGtus
851 3007 1117 3082 apparuit.
1172 3004 1309 3064 Non
1335 3001 1600 3137 indignhiis

859 3087 905 3144 B
950 3106 978 3164 3
1553 3083 1598 3139 'c
