1888 3428
124 150 214 214 ἈΒ
239 150 619 212 Gom-Tuos
659 152 1188 207 Pnnvrmmzns
1227 145 1436 204 LIB.I.
1521 140 1637 224 537‘

26 258 147 297 rum
168 236 544 318 prudentiores
564 230 774 290 emollit
794 226 1063 305 trahitque
1090 229 1149 282 in
1170 229 1396 285 reffiora
1414 268 1431 296 ,
1461 231 1515 285 &
1536 247 1643 306 pu·-

27 338 90 378 to
112 321 364 400 paulatim
399 313 674 375 universos
696 314 929 370 evincet.
970 305 1221 366 Insanum
1252 312 1398 365 enim
1430 309 1561 366 illud
1585 315 1643 367 δε

21 401 55 468 ,ὲ
75 406 282 460 ratione
301 392 595 457 abhorrens
617 395 891 475 opinionis
907 431 925 458 ‚
957 394 1119 448 etiam
1155 389 1276 467 ipfis
1293 384 1644 458 sectantibu&

27 488 85 543 ni
103 483 245 541 stulti
265 483 420 561 plane
441 479 541 538 sint
561 521 578 548 ,
596 481 652 537 in
671 479 856 557 aperto
876 472 950 531 est
968 517 981 538 ‚
1006 491 1064 530 ut
1084 472 1316 529 arbitror
1333 510 1348 533 ,
1370 489 1539 549 utque
1555 471 1647 528 de-

27 562 287 646 prehensu
321 568 393 622 ita
430 561 692 620 exstinfiffl
727 555 902 614 facile.
958 551 1325 612 Misericordia
1367 555 1539 632 magis
1585 571 1647 609 ac

27 651 184 708 venia
204 667 366 727 quam
403 649 478 704 ira
495 662 589 703 eos
607 638 858 721 prosequi
877 658 970 716 par
989 636 1063 696 est
1084 639 1177 716 qui
1198 634 1225 692 a
1259 656 1387 693 vero
1408 634 1531 692 sunt
1548 631 1648 691 de-

25 733 120 791 vii.
160 730 298 788 Non
327 730 472 786 enim
503 726 748 787 volentes
778 738 952 779 errant
969 719 1335 796 labunturque
1355 759 1373 786 ‚
1410 716 1498 774 sed
1520 736 1645 774 cum

23 815 83 871 id
112 808 266 892 quod
299 810 511 868 bonum
536 806 608 864 est
643 821 900 884 expetant
933 843 949 869 ‚
991 802 1199 879 judicio
1221 801 1429 878 decepti
1447 798 1647 856 instant

22 893 184 954 semel
219 893 431 951 creditis
465 934 483 956 ‚
525 888 922 968 qualiacunque
969 907 1029 942 ea
1069 883 1190 941 sunt
1227 923 1245 963 ,²
1291 885 1651 962 pertinaciter.

25 980 106 1037 At
126 979 517 1034 immanitatem
536 968 915 1029 sacrificiorum
938 1011 952 1032 ,
995 965 1093 1024 nifi
1116 966 1321 1023 miseria
1356 967 1540 1043 potius
1558 962 1645 1020 di-

27 1060 194 1118 cenda
218 1055 293 1115 est
308 1097 324 1122 ,
350 1053 527 1113 nescio
560 1075 626 1111 an
643 1054 748 1110 ulla
768 1055 906 1109 ratio
927 1048 1245 1107 excusaverit
1267 1089 1284 1116 ,
1319 1047 1423 1104 sive
1443 1067 1536 1126 per
1557 1046 1646 1101 illa

24 1144 130 1200 luci
148 1141 405 1198 coluntur
432 1155 492 1195 ut
510 1136 655 1217 apud
672 1133 937 1192 Barbaros
959 1173 973 1194 ,
998 1130 1101 1190 five
1125 1132 1209 1188 alii
1229 1133 1321 1209 qui
1338 1131 1432 1186 Dii
1451 1145 1647 1207 putan-

25 1241 114 1281 tur
144 1266 160 1291 ,
213 1240 274 1280 ut
310 1221 632 1280 Graecorum
660 1215 863 1275 habent
894 1216 1234 1273 ceremoniae.
1278 1214 1400 1290 Ego
1440 1211 1644 1267 nullam

24 1324 274 1365 naturam
290 1302 408 1371 ,effe
431 1300 680 1361 existimo
709 1340 727 1368 ,
758 1302 843 1356 cui
881 1299 1147 1375 voluptati
1180 1293 1281 1351 sint
1304 1292 1494 1351 faedata
1523 1290 1645 1349 san-

24 1393 191 1470 guine
223 1388 401 1445 altaria
438 1390 493 1444 &
522 1386 882 1442 animantium
917 1381 1151 1436 lanienae.
1199 1376 1352 1455 quod
1382 1373 1528 1454 {iqua
1560 1391 1645 1431 εει-4

25 1492 154 1529 men
173 1468 246 1528 est
263 1511 279 1536 ,
316 1471 403 1526 cui
422 1466 515 1524 ista
536 1465 641 1524 smt
658 1464 808 1522 cordi
831 1504 847 1531 ‚
865 1483 978 1518 non
999 1483 1059 1533 ea
1079 1460 1223 1535 mitis
1239 1479 1296 1515 ac
1314 1459 1550 1537 benigna
1566 1455 1643 1515 est

23 1554 205 1633 aliqua
234 1549 321 1609 sed
342 1549 451 1608 fera
468 1568 527 1606 ac
552 1546 765 1612 rabida,
799 1546 1015 1623 qualern
1045 1548 1311 1601 Pavorem
1343 1544 1514 1619 poetae
1533 1538 1645 1596 fin-

24 1653 165 1716 gunt
184 1641 237 1693 &
270 1634 489 1690 Metum
511 1673 528 1700 ‚
565 1637 619 1689 &
649 1629 933 1686 Bellonam
970 1632 1023 1683 &
1042 1626 1251 1681 Malam>
1264 1624 1563 1679 Fortunam
1585 1628 1642 1679 δε

22 1714 362 1774 Discordiam
401 1735 565 1792 quam
600 1711 926 1768 indomitam
959 1708 1247 1786 appellant.
1304 1704 1462 1762 Adde
1491 1702 1574 1760 his
1604 1702 1642 1760 fi

25 1802 197 1880 placet
211 1819 373 1877 quem
391 1795 559 1855 Persae
577 1795 922 1851 Arimanium
945 1790 1213 1853 dicunt‚&
1237 1784 1264 1842 ὲ
1284 1789 1506 1843 terrenis
1523 1785 1644 1865 spe-

24 1884 151 1941 Ctris
169 1880 314 1959 siqua
326 1877 449 1936 sunt
469 1874 707 1935 malefica
726 1893 885 1953 atque
904 1872 1256 1950 sanguinaria.
1288 1869 1439 1947 quod
1460 1867 1495 1925 fi
1521 1871 1642 1947 quis

22 1965 132 2023 haec
153 1981 303 2042 putet
325 1982 440 2018 non
459 1962 749 2018 convenire
767 1953 1024 2034 promisso
1046 1998 1059 2017 ,
1099 1951 1184 2010 sed
1207 1952 1525 2031 supervacua
1541 1948 1640 2008 effe

25 2054 81 2105 &
99 2047 128 2103 ἒι
146 2043 409 2104 destinato
431 2046 630 2109 aliena,
662 2059 713 2097 at
733 2039 862 2095 mihi
883 2039 1036 2095 dulce
1073 2034 1147 2092 est
1184 2055 1519 2112 quaecunque
1554 2032 1642 2090 di·-

23 2129 127 2188 dici
149 2125 386 2206 proferre
422 2129 477 2183 in
499 2125 739 2182 medium
761 2164 777 2188 ,
815 2127 868 2178 δε
905 2138 1022 2200 quae
1054 2114 1276 2174 honesta
1307 2116 1429 2173 sunt
1446 2135 1639 2172 ornare

23 2210 272 2286 laudibus
290 2254 304 2275 ,
342 2229 461 2288 quae
482 2228 596 2264 non
616 2207 738 2262 talia
757 2206 926 2281 palam
959 2201 1236 2258 traducere
1272 2205 1325 2255 &
1356 2219 1518 2277 quam
1541 2197 1642 2254 fint

24 2291 278 2353 damnosa
296 2288 680 2349 demonstrare.
725 2289 885 2342 Hanc
904 2288 1046 2340 enim
1068 2300 1275 2360 partem
1296 2322 1312 2348 ‚
1329 2301 1447 2360 quae
1468 2283 1642 2337 maxi-

0 2397 113 2435 .me
136 2379 254 2434 vitae
291 2372 365 2430 est
385 2373 567 2439 utiliS‚
612 2373 666 2426 ni
686 2367 877 2426 habeat
895 2365 1112 2422 historia
1135 2406 1151 2432 ‚
1191 2362 1280 2420 sed
1315 2361 1461 2419 nuda
1492 2361 1554 2419 fit
1585 2368 1640 2418 ἃς,

23 2458 370 2533 judicationis
397 2474 583 2531 expers
604 2472 780 2509 rerum
807 2451 1039 2506 narratio
1061 2488 1076 2508 ‚
1107 2446 1250 2525 apud
1269 2446 1474 2502 multos
1496 2460 1640 2501 certe

25 2562 140 2598 non
163 2541 326 2620 pluris
346 2536 615 2595 videbitur
633 2577 649 2602 ‚
687 2532 781 2590 nisi
798 2533 993 2589 durum
1014 2529 1120 2587 hoc
1139 2529 1310 2585 dicere
1333 2526 1407 2583 est
1424 2568 1440 2594 ,
1475 2548 1638 2604 quam

16 2620 220 2679 fabulae
237 2619 436 2700 quibus
457 2619 710 2676 mulieres
743 2614 983 2673 laborem
1012 2610 1228 2668 lanificii
1266 2607 1520 2666 solantur.
1553 2605 1644 2664 sed

26 2705 91 2763 d'e
109 2703 188 2762 his
209 2705 401 2781 cuique
424 2718 484 2759 ut
504 2702 649 2759 volet
670 2697 860 2756 sentire
879 2695 1217 2752 arbitrarium
1235 2690 1350 2748 esto
1372 2714 1385 2747 ε
1411 2713 1517 2771 ego
1540 2711 1643 2746 un-

25 2786 93 2845 de
128 2808 215 2844 me
252 2805 551 2863 receperam
589 2798 850 2840 revertor.
895 2776 1176 2838 Leutharis
1203 2781 1257 2831 &
1291 2775 1562 2830 Butilinus
1582 2788 1640 2827 ut

26 2871 261 2946 primum
299 2870 563 2945 impetum
595 2880 844 2943 ceperant
877 2859 1109 2918 bellandi
1141 2861 1192 2914 in
1213 2857 1538 2913 Romanos,
1584 2858 1642 2908 in

27 2971 248 3030 mag-nas
281 2946 395 3029 spes
430 2949 590 3006 erecfii
618 2945 781 3003 ambo
803 2962 952 3002 erant
971 2983 987 3004 ,
1040 2942 1377 3018 minimeque
1399 2937 1642 2994 contenti

892 3025 970 3082 Ll
1018 3041 1044 3098 5
1507 3034 1641 3094 pra:-
