1888 3428
163 144 175 150 ‘
236 146 349 203 Go
373 161 523 203 ‘r‘rH
546 161 690 201 ICAE
731 142 1144 199 H1sToR1AE
1184 146 1395 202 LIBJ.
1486 165 1613 226 ⁷143

9 225 304 289 Boethium
321 226 472 306 quod
493 242 796 305 peccaverat
814 220 1031 283 deflevit
1054 244 1068 278 z
1099 227 1546 306 poenitentiaeque
1564 250 1624 286 ac

9 304 225 375 doloris*
242 304 614 388 magnitudine
648 328 762 364 non
799 308 974 364 multo
1011 304 1130 384 post
1167 305 1328 362 obiit.
1370 309 1429 365 Id
1448 312 1517 366 illi
1535 313 1625 367 in·-

2 395 155 468 juriae
171 396 227 449 in
243 388 490 448 subditos
511 393 744 469 primum
763 409 822 446 ac
840 387 1174 467 postremum
1193 384 1322 455 fuit,
1341 390 1495 469 quod
1508 412 1626 449 non

8 472 243 531 adhibita
266 515 282 538 ,
320 490 381 529 ut
399 470 602 530 solebat
620 514 637 540 ,
655 468 1004 550 inquisitione
1024 470 1089 528 de
1110 473 1232 528 viris
1249 476 1410 529 tantis
1427 469 1627 537 statue-

5 572 101 612 rat.
146 555 378 612 Mortuo
401 558 457 612 in
477 576 706 636 regnum
727 550 960 612 successit
974 551 1311 612 Atalarichus
1328 595 1346 622 ,
1384 552 1493 611 filia
1513 559 1628 629 ejus

6 639 222 717 genitus
239 658 512 695 annorum
532 638 662 693 οᾶο
686 678 704 707 ,
738 646 915 715 quam'
935 635 1196 694 educebat
1217 654 1386 693 mater
1406 640 1626 694 Amala-

4 718 191 778 suntha
223 760 242 788 ,
283 739 431 797 patre
464 719 668 798 pridem
705 718 923 777 ademto
958 718 1120 778 rebus
1153 718 1403 776 humanis
1421 761 1435 776 .
1488 721 1626 778 Non

6 804 242 860 multum
273 800 565 861 interceffit
596 803 859 882 temporis
879 842 893 862 ,
925 822 1049 858 cum
1080 804 1321 880 Byzantii
1352 801 1417 860 ad
1451 805 1627 881 impe-

3 888 143 942 rium
162 881 405 964 pervenit
435 882 772 941 Iustinianus..
817 882 1203 942 Amalasuntha
1226 886 1442 941 interim
1480 902 1627 942 tute-

4 968 108 1025 lam
124 969 275 1045 pueri
293 969 557 1047 regnique
576 965 733 1047 gestit
755 1008 770 1034 ‚
799 969 1024 1047 ingenio
1047 988 1104 1023 ac
1123 965 1323 1040 justitia
1344 969 1625 1028 excellens,

4 1050 188 1106 animo
210 1054 362 1127 plane
386 1052 538 1106 virili.
585 1051 729 1116 Quae
752 1048 883 1107 dum
904 1053 1146 1130 regimen
1168 1053 1343 1123 tenuit
1363 1089 1381 1113 2
1411 1051 1627 1107 Roma-

3 1150 79 1188 no
110 1132 243 1188 nulli
274 1149 366 1188 aut
398 1136 645 1211 corporis
676 1150 768 1189 aut
801 1131 1079 1189 bonorum
1102 1152 1319 1210 poenam
1341 1133 1625 1212 irrogavit,

3 1218 59 1270 &
80 1212 331 1270 Gotthos
353 1235 539 1272 vexare
559 1235 653 1271 eos
674 1214 1017 1291 cupientibus
1037 1235 1151 1269 non
1172 1213 1463 1271 conceffit:
1490 1218 1626 1293 quin

3 1302 60 1353 &
91 1294 272 1353 liberis
306 1295 612 1373 Symmachi
646 1301 704 1352 δε
731 1295 947 1352 Boethii
971 1314 1187 1373 paterna
1211 1295 1440 1352 reddidit
1457 1295 1624 1353 bona.

4 1376 226 1436 volebat
255 1396 440 1435 autem
475 1375 856 1434 Amalasuntha
914 1375 1120 1434 institui
1157 1376 1528 1435 Atalarichum
1566 1383 1626 1435 in

5 1459 239 1518 modum
274 1481 389 1539 quo
418 1460 803 1520 Romanorum
827 1462 1093 1540 primores
1110 1457 1284 1518 solent
1320 1482 1334 1516 ε
1365 1461 1549 1540 ittaque
1568 1467 1626 1519 δε

3 1541 118 1600 ludi
154 1541 465 1623 magistrum
500 1545 547 1599 ei
577 1542 794 1600 dederat
811 1583 828 1609 ‚
856 1549 908 1599 &
928 1542 994 1599 de
1018 1541 1251 1598 Gotthis
1270 1561 1376 1598 tres
1392 1544 1649 1621 elegerat,

3 1623 152 1681 senes
176 1666 194 1692 ,
224 1629 366 1704 quos
388 1622 619 1681 sollertia
639 1630 693 1680 δε
714 1627 854 1703 aequi
876 1626 1022 1680 cultu
1045 1621 1348 1701 praestantes
1370 1643 1623 1690 noverat,

3 1703 325 1786 quibuscum
345 1704 668 1763 assuesceret.
699 1707 834 1763 Non
852 1703 1220 1783 probabantur
1239 1703 1349 1762 'naec
1370 1704 1623 1775 Gotthi5‚

2 1791 99 1868 qui
117 1830 135 1857 ,
167 1787 460 1867 cupiditate
478 1790 704 1846 licentiae
724 1791 780 1843 in
799 1785 1041 1844 subditos
1062 1829 1077 1854 ‚
1115 1784 1456 1845 barbaricum
1479 1791 1627 1869 regi-

3 1891 131 1928 men
152 1869 539 1950 praeoptabant.
559 1868 700 1928 forte
719 1888 988 1936 evenerat,
1012 1887 1069 1926 ut
1088 1887 1398 1948 peccantem
1420 1870 1625 1950 aliquid

4 1955 61 2010 in
76 1954 328 2031 cubiculo
347 1974 575 2032 puerum
596 1971 765 2010 mater
784 1953 930 2031 alapa
948 1951 1287 2020 admoneret,
1304 1955 1400 2030 qui
1419 1952 1625 2033 lachry-

5 2056 156 2093 mans
173 2038 227 2094 in
247 2053 455 2116 partem
475 2036 670 2095 aedium
691 2039 815 2092 viris
832 2033 1111 2113 sepositam
1133 2033 1182 2092 se
1202 2038 1488 2113 proripuit.
1526 2040 1623 2116 qui

4 2119 63 2174 in
98 2138 224 2175 eum
255 2118 565 2182 ‚inciderunt
598 2117 803 2175 Gotthi
824 2158 841 2185 ,
880 2121 1115 2197 graviter
1131 2116 1186 2175 id
1205 2119 1394 2175 tulere.
1439 2119 1622 2194 Etiam

2 2199 427 2258 criminabantur
459 2198 901 2258 Amalasuntham
920 2241 938 2268 ‚
975 2217 1034 2256 ut
1062 2220 1178 2278 quae
1198 2197 1374 2258 filium
1408 2218 1623 2278 optaret

3 2301 166 2360 quam
203 2285 438 2362 primum
475 2286 595 2344 vitae
633 2285 830 2360 eximi,
861 2304 974 2362 quo
995 2279 1103 2360 ipsa
1120 2283 1206 2339 alii
1227 2284 1345 2340 viro
1364 2282 1621 2358 nuberet,

4 2383 183 2443 eoque
200 2364 345 2422 socio
366 2373 420 2423 &
441 2364 671 2424 Gotthis
692 2366 908 2422 &Italis
929 2365 1322 2422 dominaretur.
1363 2365 1624 2447 Congre-
1675 2391 1680 2393 ⁴

1 2453 110 2525 gari
127 2449 221 2527 qui
239 2469 429 2506 eorum
450 2451 633 2506 eximii
650 2465 800 2506 erant
816 2487 832 2510 ,
869 2447 933 2505 ad
953 2443 1395 2506 Amalasuntham
1415 2446 1509 2506 ubi
1529 2469 1625 2506 ve-

3 2547 209 2596 nerant,
224 2529 777 2610 expostulabant,non
795 2530 936 2588 recte
952 2550 1203 2609 puerum,
1224 2551 1404 2609 neque
1427 2548 1488 2588 ut
1505 2532 1625 2590 Re-

3 2630 129 2689 gem
150 2611 356 2670 deceret
379 2653 397 2681 ,
421 2614 649 2672 educari.
695 2613 931 2671 multum
952 2609 1122 2671 abeffe
1140 2611 1169 2671 ὲ
1193 2615 1392 2672 virtute
1408 2613 1619 2672 literas:

3 2689 218 2749 &senili
237 2695 573 2754 institutione
606 2695 764 2774 dejici
796 2696 1114 2776 plerumque
1150 2700 1204 2753 δε
1224 2695 1288 2754 ad
1307 2713 1518 2755 metum
1538 2699 1626 2754 in·-

3 2779 207 2832 curvari
225 2778 483 2836 indolem.
529 2782 645 2846 Qui
667 2800 862 2859 magna
880 2776 1098 2837 ausurus
1114 2819 1131 2845 ‚
1151 2781 1246 2858 qui
1266 2777 1408 2837 bello
1427 2778 1624 2837 decora

4 2852 65 2911 fit
83 2857 412 2936 quaesitum&
433 2860 626 2920 debere
646 2860 875 2919 liberum
896 2859 922 2919 ἃ
942 2859 1319 2942 magistrorum
1340 2878 1512 2929 metu,
1540 2882 1631 2932 ar<

4 2940 104 2998 mis
142 2941 422 3005 tractandis
459 2944 672 3006 erudiri.
718 2945 808 3008 *Ne
845 2941 1230 3008 Theudericho
1263 2944 1484 3026 quidem
1506 2944 1632 3080 pgaf

558 3057 562 3061 >
1436 3042 1519 3083 cui
1564 3042 1614 3089 e,
