1888 3428
223 158 346 219 '210
492 159 927 216 »pnoeopu
979 158 1537 223 CAEsAREstxs

133 247 136 248 ’
224 259 348 303 rum
365 238 413 297 ei
433 234 638 298 suffecit
654 240 925 320 Vigilium
945 246 1192 298 nomine.
1237 237 1504 320 quosdam
1538 241 1592 294 &
1615 236 1847 299 Senat02

224 343 347 380 rum
363 322 581 401 paribus
605 321 769 379 caufis
788 339 1007 381 amotos
1021 364 1039 391 ‚
1082 320 1262 401 postea
1283 343 1409 379 cum
1430 319 1600 379 soluta
1615 318 1722 377 fuit
1740 319 1848 377 ob-

225 403 362 462 fidio
383 430 421 472 ,”
432 403 664 463 domum
684 407 960 462 revocavit
983 430 996 463 :
1033 408 1090 462 in
1121 402 1306 462 iis-fuit
1324 410 1379 462 &
1395 404 1673 461 Maximus
1691 443 1710 470 ,
1746 424 1849 482 po-

223 484 426 544 sterum
446 509 586 545 unus
603 492 720 562 ejus
737 488 971 544 Maximi
988 491 1083 566 qui
1114 488 1504 545 Valentiniano
1525 488 1849 563 Imperatori

224 589 417 627 necem
439 568 717 628 struxerat.
760 572 914 627 Tum
937 589 1187 627 metuens
1219 591 1286 627 ne
1320 590 1428 649 qua
1450 572 1507 625 in
1536 585 1685 646 parte
1706 570 1850 652 uigi-

224 653 341 709 lum
360 648 492 709 fides
517 651 799 710 labasceret
822 693 837 714 ,
873 655 1106 710 externis
1127 650 1164 708 fi
1182 649 1324 709 forte
1346 654 1586 731 pecuniis
1608 653 1810 707 tentata
1828 693 1845 714 ‚

228 732 313 790 bis
330 731 511 792 mense
529 735 702 793 claves
724 756 918 793 omnes
939 738 994 792 in
1016 737 1168 793 aliam
1191 733 1423 815 figuram
1444 731 1688 790 mutabat
1705 773 1723 799 ‚
1752 754 1844 789 ex·-

148 830 150 833 ’
232 814 618 897 cubitoresque
640 821 695 874 in
714 819 880 897 longe
901 818 998 874 alia
1015 838 1180 897 quam
1212 816 1564 874 obtinuerant
1597 815 1850 872 mittebat

228 899 381 957 loca:
421 902 583 957 etiam
604 897 1199 976 praefetftOsmoenibus
1234 902 1291 957 in
1321 919 1596 979 quamque
1625 901 1877 954 noctem·

225 1001 436 1059 novans
458 1023 476 1050 ‚
509 980 707 1061 quibus
724 983 1032 1057 injunfflm
1054 984 1320 1040 moenium
1353 981 1506 1038 obire
1525 994 1731 1059 partem
1753 978 1851 1038 fibi

227 1060 538 1143 assignatam
564 1105 589 1133 2
611 1064 947 1143 vigilumque
971 1068 1197 1122 nomina
1216 1082 1472 1122 annotare
1493 1086 1506 1120 :
1553 1061 1587 1119 fi
1609 1065 1729 1142 quis
1751 1061 1850 1118 ab-'-

226 1141 353 1201 effet
374 1185 389 1207 ‚
426 1146 569 1202 illico
596 1141 832 1202 sufficere
864 1148 1063 1203 alium:
1101 1146 1355 1224 postridie
1376 1164 1559 1204 autem
1583 1148 1641 1201 in
1661 1165 1852 1201 eman-

228 1223 406 1283 sorem
443 1228 655 1284 militari
691 1248 853 1305 poena
879 1228 1322 1285 animadvertere.
1363 1226 1871 1305 Posuit&gnaros

226 1309 418 1366 talium
456 1311 551 1388 qui
588 1308 865 1365 vocalibus
896 1307 1268 1367 instrumentis
1306 1331 1400 1390 per
1437 1310 1644 1366 moenia
1677 1310 1851 1366 nofiu

226 1409 495 1448 canerent.
545 1393 782 1448 militum
804 1391 1030 1449 dileetos
1049 1393 1278 1450 Mauros
1294 1393 1526 1450 maxime
1543 1436 1559 1458 ‚
1594 1389 1735 1454 mifit
1753 1386 1852 1470 qui

228 1489 380 1531 extra
401 1476 606 1531 moenia
625 1474 768 1552 apud
786 1471 976 1532 foffam
996 1475 1327 1534 excubarent
1362 1497 1376 1533 :
1420 1472 1679 1553 canesque
1697 1474 1851 1533 addi-

229 1554 311 1612 dit
333 1598 347 1619 ,
384 1558 480 1635 qui
498 1559 713 1614 eminus
729 1555 766 1613 fi
784 1561 907 1636 quis
928 1558 992 1616 ad
1012 1560 1203 1616 maenia
1222 1558 1438 1618 vaderet
1458 1599 1472 1620 ‚
1506 1553 1853 1638 persentisce-

229 1654 372 1694 rent.
415 1639 586 1695 Fuere
618 1645 673 1694 &
704 1640 1089 1698 Romanorum
1109 1681 1126 1707 ‚
1156 1645 1251 1720 qui
1273 1644 1405 1699 clam
1427 1644 1479 1699 vi
1510 1640 1733 1697 admota
1762 1660 1874 1696 reo·

232 1719 448 1777 cludere.
477 1721 590 1776 Iani
625 1737 807 1799 portas
835 1742 1182 1780 conarentur.
1226 1729 1383 1780 Ianus
1413 1721 1498 1780 hic
1528 1726 1672 1780 inter
1699 1739 1852 1780 vete-

202 1868 205 1869 ⁷
232 1822 355 1858 rum
375 1803 627 1858 Deorum
646 1800 722 1859 est
757 1806 995 1881 primm,
1029 1825 1171 1882 quos
1201 1802 1296 1862 suo
1330 1803 1576 1862 sermone
1608 1805 1850 1863 Romani

232 1889 462 1942 Penates
477 1901 696 1942 vocant.
736 1886 1035 1966 Templum
1051 1886 1213 1945 habet
1233 1891 1288 1946 in
1311 1885 1434 1944 foro
1455 1906 1578 1946 ante
1602 1887 1849 1954 Curiam,

233 1965 330 2023 ubi
350 1983 456 2023 tres
476 1971 663 2024 Parcas
680 1984 772 2024 aut
797 1986 858 2026 ut
891 1971 974 2027 alii
995 1988 1190 2028 vocant
1208 1974 1308 2027 tria
1326 1967 1433 2027 fata
1466 1969 1747 2029 transieris·
1787 1968 1875 2027 Id·

233 2068 446 2106 aeneum
466 2047 538 2105 est
558 2049 878 2128 quadratum
902 2092 917 2112 ‚
954 2073 1068 2110 non
1089 2058 1260 2128 majus
1278 2071 1458 2111 tamen
1477 2075 1640 2133 quam
1661 2069 1720 2108 ut
1735 2052 1849 2108 Iani

233 2127 575 2187 simulacrum
613 2150 779 2212 tegat.
822 2131 993 2212 ipsum
1017 2156 1240 2215 quoque
1276 2134 1616 2193 simulacrum
1650 2154 1716 2191 ex
1746 2154 1850 2192 aere

233 2215 292 2268 in
312 2212 527 2269 cubitos
561 2216 803 2294 quinque
824 2214 1036 2296 assurgit
1051 2260 1066 2284 ‚
1106 2236 1289 2275 caetera
1308 2216 1599 2275 humanam
1619 2219 1682 2277 ad
1702 2214 1850 2296 figu-

233 2313 347 2350 ram
372 2334 389 2356 ‚
423 2293 520 2351 nifi
554 2296 704 2374 quod
736 2297 854 2356 duae
889 2301 1048 2377 capiti
1081 2298 1290 2358 frontes
1312 2341 1327 2362 ‚
1363 2302 1875 2364 alteraorientemg

235 2378 419 2433 Solem
438 2375 700 2456 speftan5‚
732 2381 892 2437 altera
910 2380 1307 2440 Occidentemf
1331 2381 1682 2463 Respondent
1712 2383 1851 2443 utri-

233 2479 340 2537 que
363 2455 533 2516 fronti
554 2479 720 2537 portae
738 2484 869 2540 quas
895 2463 1054 2521 rebus
1072 2467 1204 2522 laetis
1224 2467 1434 2544 altaque
1461 2487 1588 2545 pace
1606 2465 1849 2523 Romani
1883 2475 1885 2477 ’

234 2540 477 2598 claudere
495 2544 627 2599 olim
649 2542 826 2611 soliti,
864 2545 988 2603 belli
1011 2548 1352 2627 temporibus
1371 2552 1589 2626 aperire.
1630 2548 1710 2605 Ex
1731 2566 1847 2625 quo

235 2621 602 2681 Christianum
648 2626 849 2706 dogma
890 2629 1130 2686 Romani
1171 2636 1373 2708 majore
1412 2651 1578 2710 quam
1611 2629 1849 2709 populus

233 2702 518 2785 quisquam
552 2703 731 2764 studio
763 2707 1195 2790 sectari-caepere,
1235 2711 1502 2771 desierunt
1531 2712 1624 2771 has
1640 2728 1847 2791 portaS,

233 2791 480 2863 quamvis
497 2792 553 2846 in
576 2791 1099 2872 tumultufflandere.
1145 2798 1223 2853 At
1239 2797 1295 2852 in
1312 2793 1408 2852 hac
1424 2793 1708 2854 obsidione
1725 2794 1847 2873 qui·
1887 2826 1888 2838 κ

232 2868 358 2925 dam
380 2908 397 2935 ,
431 2884 676 2929 veterum
710 2890 770 2929 ut
789 2874 948 2932 credo
980 2874 1364 2936 sententiarum
1395 2897 1637 2940 tenaces,
1669 2893 1846 2936 tenta-

226 2969 358 3028 sunt
378 2973 461 3033 eas
481 2956 611 3012 clam
630 2956 899 3018 recludere
921 2954 1038 3045 :sed
1057 2959 1309 3041 perficere
1323 2959 1377 3022 id
1392 2982 1506 3024 non
1523 2974 1843 3045 potuerunt:
1866 2966 1888 2978 ·’

1654 3056 1860 3121 manet*

1887 2842 1888 2874 l

1885 2878 1888 2963 Ξ
