1888 3428
203 190 605 250 HISTORIA&
645 191 1133 258 VANDALICAE
1174 186 1400 246 L13311.
1553 207 1626 269 45

39 292 158 336 tum
179 275 320 333 adest
337 275 637 351 periculum
657 313 675 341 ‚
695 287 774 334 ut,
789 265 828 325 fi
845 266 1018 325 dicere
1036 261 1116 322 fas
1134 266 1209 324 est
1228 309 1245 335 ‚
1264 270 1444 328 multo
1463 271 1640 351 poste..

36 363 149 416 rior
183 357 243 416 fit
268 358 394 433 justi
420 353 697 434 inspeefftiO.
743 353 866 432 Ego
886 349 993 407 hoc
1015 351 1246 407 maxime
1266 347 1437 408 fretus
1458 358 1515 411 in
1532 373 1642 413 ter-

41 462 156 499 ram
188 461 284 496 vos
316 438 567 519 exposui,
588 434 758 516 ·quod
789 429 962 489 Afros
980 431 1165 489 scirem
1184 472 1200 494 ,
1236 434 1370 489 olim
1400 435 1643 494 Romani

11 526 248 600 »imperii
267 541 468 599 partem
491 562 506 588 ‚
537 523 709 577 alieno
729 514 829 574 effe
862 515 890 573 ῖι
920 514 1176 574 Vandalis
1205 518 1411 573 animo.
1456 520 1646 597 Spera-

35 605 162 662 bam
184 607 330 661 enim
355 603 479 660 inde
499 599 743 659 futurum
766 641 782 668 ‚
818 616 879 655 ut
901 597 1062 654 nobis
1093 595 1385 658 neceffariae
1421 620 1502 656 res
1521 599 1646 680 sup-

36 704 282 767 peterent
298 727 314 753 ,
358 706 533 765 neque
555 704 747 742 nocere
768 679 929 738 nobis
947 678 1127 737 hostes
1146 678 1356 759 poffent
1378 684 1647 762 improvi-

2 807 7 812 -
37 768 100 825 fis
119 767 431 826 iucursibus.
476 767 616 840 Qae
642 785 786 822 nunc
807 762 974 822 vestra
989 762 1406 821 immodestiain
1429 784 1647 824 contra—

36 855 176 907 rium
196 853 370 910 vertit.
419 849 749 906 Conciliavit
767 850 967 927 quippe
987 868 1048 904 ea
1062 845 1318 906 Vandalis
1338 845 1508 906 Afros
1524 890 1544 918 ,
1589 855 1647 906 δε

39 954 139 989 nos
161 928 432 1011 utriusque
449 934 625 1011 gentis
656 929 858 1007 objecit
888 929 1040 987 odio.
1086 931 1296 1000 Natura
1317 934 1466 988 euim
1486 943 1646 990 com..

37 1033 278 1094 paratum
298 1015 402 1081 est,
449 1014 477 1070 a
495 1012 692 1092 quibus
711 1015 1012 1091 accepimus
1034 1014 1286 1088 injuriam
1305 1052 1320 1092 3
1357 1017 1432 1070 eis
1447 1031 1509 1070 ut
1529 1035 1648 1071 ma-

36 1101 85 1155 le
104 1100 346 1155 velimus.
390 1102 470 1153 Ita
499 1096 679 1155 evehit
709 1113 770 1153 ut
798 1099 1002 1175 exiguae
1035 1096 1444 1174 pecuniaelucro
1464 1095 1647 1155 vestrae

36 1178 215 1237 salutis
233 1178 528 1237 custodiam
545 1219 562 1245 ‚
588 1177 852 1258 simulque
872 1198 1051 1235 rerum
1068 1180 1283 1256 copiam
1304 1175 1330 1234 ἆ
1348 1179 1502 1236 vobis
1518 1180 1648 1236 alie-

39 1265 291 1320 naveritis
308 1302 325 1328 ‚
371 1282 494 1317 cum
515 1282 632 1339 quae
653 1282 793 1340 opus
812 1276 964 1316 erant
981 1262 1070 1318 vili
1088 1258 1118 1315 a
1137 1257 1444 1319 volentibus
1462 1261 1649 1320 domi·
1675 1260 1679 1263 ’

41 1347 126 1401 nis
143 1342 341 1422 poffint
369 1347 476 1400 emi
498 1386 511 1404 ,
545 1348 598 1398 &
621 1342 689 1399 fic
705 1382 724 1408 ‚
755 1362 932 1421 neque
951 1340 1215 1416 injustitiae
1234 1338 1372 1398 sumi
1393 1344 1647 1411 dedecus,

41 1433 96 1484 &
121 1428 339 1483 illorum
374 1425 605 1481 amicitia
634 1423 981 1502 summopere
1006 1421 1222 1493 servari.
1278 1423 1446 1482 Nunc
1482 1428 1649 1505 igitur

39 1506 244 1566 bellum
262 1507 425 1565 nobis
457 1506 530 1564 est
548 1527 674 1564 cum
700 1506 957 1564 Vandalis
987 1510 1041 1561 &
1063 1527 1189 1563 cum
1206 1501 1386 1564 Afris:
1428 1507 1652 1566 addide-

43 1593 147 1648 rim
164 1598 217 1649 &
237 1611 359 1647 cum
373 1593 500 1646 Deo
519 1587 633 1668 ipso
656 1629 671 1650 ‚
703 1610 868 1666 quem
885 1608 1053 1645 nemo
1072 1590 1256 1665 iniqua
1270 1608 1435 1665 agens
1455 1595 1649 1669 opitu-

41 1673 268 1729 latorem
291 1675 525 1728 invocat.
569 1668 791 1727 definite
808 1671 976 1749 igitur
989 1669 1159 1724 aliena
1175 1669 1425 1727 invadere
1448 1696 1461 1728 ε
1504 1670 1651 1752 sper-

43 1757 151 1811 nite
178 1755 387 1811 lucrum
418 1752 668 1832 periculis
681 1748 952 1808 constans·
992 1751 1123 1808 Hoc
1141 1754 1308 1818 enirn,
1326 1748 1364 1806 fi
1384 1774 1651 1833 unquam,

48 1852 261 1916 tempus
281 1834 354 1894 est
374 1877 391 1903 ‚
427 1856 542 1913 quo
563 1831 826 1891 modestia
842 1831 995 1891 saluti
1013 1830 1075 1889 fit
1094 1874 1112 1901 ‚
1131 1833 1346 1890 licentia
1363 1839 1554 1894 exitio,
1594 1837 1652 1896 id

47 1918 85 1976 fi
101 1938 345 1976 curemus
367 1958 382 1979 ‚
417 1920 603 1975 Deum
621 1915 944 1973 habebimus
967 1914 1129 1973 nobis
1145 1912 1441 1986 faventem,
1460 1914 1653 1980 faven-

47 2020 128 2058 tes
145 2008 199 2059 &
225 1999 391 2059 Afros
409 2040 426 2067 ,
457 1999 729 2060 Vandalos
760 2016 944 2056 autem
976 2002 1167 2078 impeti
1189 1995 1383 2058 faciles,
1427 2002 1534 2058 His
1566 2002 1653 2060 di-

48 2085 146 2140 &is
165 2124 183 2150 ,
216 2082 412 2142 dimisit
448 2086 777 2140 concionem
804 2078 1104 2138 Belisarius.
1145 2084 1339 2160 Atque
1372 2084 1653 2142 intelle6³m

49 2167 357 2224 diei-itinere
373 2205 387 2226 ‚
422 2186 527 2244 qua
549 2165 939 2245 Carthaginem
957 2167 1062 2222 itur
1080 2163 1108 2219 ἃ
1126 2162 1301 2222 castris
1316 2169 1653 2226 maritimum

50 2245 149 2305 effe
167 2251 430 2328 oppidum
450 2287 468 2312 ‚
499 2249 791 2326 Syllerstum
817 2249 1071 2316 nomine,
1087 2251 1240 2323 cujus
1261 2251 1400 2305 muri
1419 2252 1549 2307 olim
1569 2248 1655 2307 di-

50 2332 157 2388 ruti
195 2371 213 2398 ,
258 2330 346 2388 sed
385 2333 713 2388 continuatis
753 2329 1051 2387 domorum
1091 2328 1383 2407 parietibus
1424 2330 1654 2410 speciem

51 2413 315 2491 quandam
346 2416 602 2470 maenium
638 2429 825 2470 contra
845 2412 1172 2470 Maurorum
1203 2409 1428 2470 insultus
1447 2413 1541 2471 sibi
1571 2412 1656 2472 fe·-

51 2512 228 2558 cerant
245 2495 530 2575 oppidania
546 2495 816 2552 Bora'i'den
831 2515 897 2553 eo
915 2493 1201 2552 satellitum
1216 2494 1437 2553 suorum
1461 2517 1655 2565 unum,

52 2597 176 2635 cum
195 2578 567 2656 proteffcorum
586 2580 614 2634 e
637 2598 866 2635 numero
879 2577 995 2634 aliis
1013 2619 1032 2647 ‚
1065 2580 1234 2635 mittit
1253 2618 1268 2644 ,
1289 2575 1656 2656 speculaturos

51 2659 234 2717 locum
257 2665 341 2726 ,ἃ
357 2658 522 2734 juffos
539 2701 558 2728 ,
575 2659 613 2718 fi
631 2658 1044 2719 admitterentur
1060 2701 1077 2723 ‚
1113 2658 1245 2717 nihil
1267 2661 1394 2718 mali
1410 2660 1658 2719 homini-

51 2738 156 2797 bus
177 2738 370 2800 inferre
391 2783 409 2810 ,
439 2741 585 2800 bona
599 2761 780 2803 autem
802 2743 1042 2822 polliceri
1058 2742 1317 2822 plurima,
1349 2760 1610 2824 tanquam
1628 2741 1657 2800 a

53 2820 311 2880 libertatis
333 2821 574 2904 ipsorum
592 2826 900 2886 vindicibus
915 2866 934 2894 ‚
974 2843 1037 2882 ut
1057 2824 1127 2883 fic
1145 2828 1408 2884 exercitus
1424 2828 1560 2884 inire
1587 2845 1657 2882 eo

6 2955 14 2960 ,
55 2899 244 2984 poffet.
285 2907 376 2965 Ad
393 2909 620 2986 primam
638 2905 809 2967 facem
828 2951 847 2980 ‚
868 2929 1001 2967 cum
1020 2911 1076 2965 in
1094 2907 1445 2987 conspeecum
1465 2905 1658 2988 oppidi

56 2985 344 3060 venissent,
372 2991 431 3055 in
443 2991 576 3059 valle
593 2992 818 3074 nchem
834 2991 1225 3082 transegeruntg
1267 2992 1438 3078 Mane
1454 2993 1654 3072 primo,

1527 3088 1652 3129 CUm
