1888 3428
260 170 412 230 282<
564 174 951 235 PRocoPn
1003 172 1553 230 CAESAREENsrs
1646 176 1669 201 ²

255 252 451 308 attulit.
475 250 547 306 ita
563 273 655 332 per
672 255 918 311 tenebras
935 254 1149 312 diremti
1171 275 1287 312 eam
1305 255 1526 310 noctem
1551 252 1846 332 quiescunt.

251 333 421 413 pridie
441 337 554 407 ejus
574 358 768 417 pugnae
802 336 1004 395 Gotthi
1022 335 1239 415 quidam
1269 336 1508 394 diluculo
1529 334 1715 414 egressi
1744 357 1849 414 op-
1871 390 1873 393 ,

251 415 443 495 pidum
462 421 517 473 in
549 439 633 474 eas
651 422 901 499 regiones
920 436 1173 478 venerant
1195 436 1256 475 ut
1290 436 1626 476 commeatus
1661 438 1850 496 repor-

252 516 460 555 tarent:
491 500 691 558 rediere
714 505 882 557 noctu
903 543 919 568 ‚
934 505 1188 580 ignorato
1207 499 1445 557 hostium
1465 500 1698 557 adventu
1718 523 1734 556 t
1770 499 1850 557 his

251 578 347 638 visi
366 582 750 640 Romanorum
768 587 921 663 ignes
936 583 1276 641 admirationi
1297 605 1353 639 ac
1372 581 1650 640 formidini
1677 581 1849 639 fuere.

249 661 463 720 Eorum
494 667 651 721 multi
683 667 921 745 periculo
957 686 1072 723 non
1101 664 1361 723 absterriti
1381 666 1514 722 clam
1534 664 1709 720 hostes
1731 669 1850 720 Au-

250 748 461 802 ximum
481 767 688 804 venere.
718 768 856 826 quos
875 770 1041 827 pavor
1058 745 1281 828 refugos
1298 747 1435 805 silvis
1453 748 1743 814 abdiderat,
1764 746 1851 826 spe

250 827 569 885 Ravennam
605 827 653 886 se
684 829 1001 908 recipiendi,
1046 834 1083 888 ii
1103 833 1284 910 postea
1302 852 1424 888 cum
1458 831 1512 892 in
1533 833 1860 908 potestatemv

250 908 511 973 veniffelnt
540 910 808 981 hostium,
839 916 1054 993 periere.
1089 911 1364 971 Belisarius
1391 916 1694 970 Auximum
1719 913 1853 970 vali—

251 990 385 1048 dum
404 992 587 1050 videns
607 993 703 1051 litu
723 1034 739 1060 ,
757 997 1030 1073 operibuS,
1048 997 1217 1053 milite
1236 1037 1251 1058 ‚
1271 1016 1368 1052 nec
1386 999 1442 1052 in
1458 998 1656 1052 moenia
1676 998 1852 1074 impe-

252 1091 374 1129 tum
411 1072 556 1151 posse
585 1074 732 1143 fieri,
759 1083 810 1136 vi
831 1077 972 1135 nihil-
993 1076 1042 1136 se
1066 1076 1384 1137 effeeturum
1403 1076 1557 1134 facile
1590 1077 1842 1143 credidit,

248 1175 366 1210 non
388 1154 664 1236 desperans
681 1162 895 1216 interim
912 1159 1158 1241 diligenti
1189 1160 1473 1218 oblidione
1492 1181 1572 1216 res
1591 1162 1664 1215 ita
1683 1160 1849 1215 arctas
1884 1167 1888 1170 “

248 1236 497 1294 hostibus
527 1240 674 1296 reddi
707 1239 849 1318 poffe
867 1281 885 1308 ,
914 1259 973 1298 ut
991 1242 1208 1301 tandem
1235 1243 1299 1298 ad
1323 1242 1653 1299 deditionem
1684 1260 1850 1321 coge-

247 1336 449 1381 rentur.
495 1321 768 1379 moenibus
784 1343 896 1379 non
917 1327 1103 1401 procul
1121 1324 1320 1382 humus
1337 1323 1512 1382 herbis
1528 1326 1642 1382 laeta
1657 1363 1674 1391 ‚
1706 1344 1851 1402 quo-

248 1399 461 1459 tidian‘fic,
481 1402 727 1461 Gotthos
746 1409 880 1462 inter
895 1405 1283 1486 Romanosque
1298 1408 1480 1486 praeliis
1497 1404 1699 1463 causam
1721 1424 1849 1482 prae-

248 1480 434 1539 bebat.
465 1485 588 1544 inde
609 1484 786 1544 hostes
812 1492 962 1568 equis
982 1490 1171 1568 pabula
1201 1488 1497 1547 desecantes
1528 1509 1650 1545 cum
1672 1488 1850 1547 videre

247 1565 492 1625 Romani
513 1609 530 1635 ‚
563 1571 672 1625 cito
692 1569 843 1628 cursu
863 1574 1057 1629 collem
1078 1571 1384 1630 scandentes
1405 1613 1419 1637 ,
1435 1572 1692 1633 ,manibus
1711 1590 1847 1626 con-

248 1643 426 1715 sertiS,
463 1650 596 1707 dum
628 1652 747 1709 illos
773 1651 975 1711 auferre
1008 1658 1249 1734 gramina
1277 1652 1568 1733 prohibent
1587 1694 1604 1721 ‚
1634 1655 1849 1733 egregia
1876 1719 1883 1727 ἱ

249 1732 464 1786 virtutis
480 1729 717 1789 facinora
737 1734 946 1792 edidere
971 1776 987 1801 ,
1024 1738 1192 1793 multa
1226 1735 1571 1794 Gotthorum
1598 1738 1845 1812 pernitie.

248 1811 468 1869 Barbari
504 1816 699 1889 virtute
734 1820 977 1874 'minores
1014 1818 1076 1875 ad
1103 1817 1270 1875 astum
1302 1816 1540 1874 conversi
1569 1858 1584 1884 ‚
1631 1817 1876 1885 demtos?

248 1894 492 1970 plaustris
508 1893 627 1993 axe}
645 1919 766 1955 cum
786 1902 915 1955 rotis
930 1918 1138 1978 paratos
1155 1921 1276 1958 cum
1296 1899 1550 1956 haberent
1567 1939 1584 1965 ,
1615 1896 1764 1955 solita
1782 1897 1847 1955 ad

248 1976 368 2037 loca
403 1977 627 2038 redeunt
660 1979 970 2059 pabulatum
1006 2005 1019 2039 ε
1064 2004 1122 2039 ac
1152 1983 1436 2061 postquam
1462 1982 1700 2037 Romani
1733 2002 1848 2037 me-

251 2057 402 2114 dium
425 2052 492 2116 ad
506 2063 651 2119 collis
669 2064 867 2120 clivum
886 2062 1152 2122 subierant
1171 2106 1187 2133 ,
1222 2084 1366 2121 rotas
1391 2068 1446 2120 in
1466 2085 1560 2121 eos
1589 2063 1847 2120 devolve-

249 2138 394 2198 bant.
438 2141 525 2199 sed
542 2141 683 2202 forte
707 2147 886 2201 evenit
906 2188 921 2213 ,
957 2166 1014 2204 ut
1046 2145 1302 2203 &summo
1323 2148 1386 2205 ad
1407 2145 1578 2203 imum
1597 2164 1728 2201 rotae
1749 2166 1850 2200 ne-

249 2226 398 2287 mine
430 2224 719 2284 hominum
765 2228 911 2284 tacto
970 2229 1305 2286 decurrerent
1326 2271 1341 2286 .
1399 2231 1580 2304 Hujus
1617 2245 1847 2285 conatus

248 2306 382 2362 irriti
406 2305 612 2366 barbari
638 2328 766 2367 tunc
787 2310 1007 2388 quidem
1025 2309 1152 2391 fuga
1172 2310 1219 2368 se
1247 2310 1522 2369 moenibus
1539 2311 1812 2368 reddidere
1828 2349 1846 2376 ,
1879 2373 1888 2376 ,

250 2404 303 2444 at
336 2410 466 2444 mox
501 2392 564 2449 ad
598 2395 694 2449 alia
729 2413 1040 2450 commenta
1073 2394 1120 2450 se
1152 2413 1387 2451 vertunt·
1431 2391 1720 2450 Profundis
1748 2390 1843 2449 sub
1884 2431 1886 2433 »

249 2490 470 2528 murum
500 2473 832 2531 convallibus
865 2475 1071 2532 infidias
1108 2476 1312 2534 abdunt
1347 2474 1742 2533 &Gotthorum
1765 2474 1844 2534 le-
1879 2495 1888 2533 l

248 2551 486 2610 &iffimis
504 2595 520 2621 ‚
555 2561 706 2635 pauci
726 2555 774 2614 se
795 2555 1036 2614 hostibus
1054 2560 1186 2614 circa
1206 2557 1394 2638 pabula
1414 2559 1704 2615 ostentant.
1750 2555 1844 2612 ubi

248 2654 414 2713 caepta
447 2657 627 2718 pugna
661 2637 770 2706 est,
802 2639 1129 2716 prosilientes
1162 2640 1419 2698 &latebris
1439 2640 1640 2697 Gotthi
1661 2647 1713 2698 δέ
1737 2659 1842 2694 nu-
1877 2647 1879 2649 ’

245 2738 401 2774 mero
421 2723 655 2778 multum
677 2723 971 2800 praestantes
990 2729 1042 2780 ἃ
1063 2741 1321 2781 terrorem
1352 2722 1528 2780 secum
1549 2719 1881 2795 adferentes&

247 2801 399 2878 quod
435 2803 704 2881 improvisi
740 2805 987 2872 aderant,
1034 2807 1215 2863 multis
1250 2809 1631 2864 Rornanorum
1661 2801 1849 2860 occisis
1874 2821 1883 2856 .’

182 2882 187 2885 ’
245 2884 483 2962 reliquos
508 2889 560 2941 in
594 2884 776 2965 fugam
798 2889 1076 2965 impulere.
1120 2892 1201 2945 At
1232 2892 1395 2967 quiin
1433 2886 1610 2945 castris
1638 2882 1881 2952 manse-iq·

245 2984 366 3024 rant
396 2968 633 3028 Romani
654 3008 671 3036 ,
704 2990 826 3031 cum
862 2971 1179 3032 viderentex
1200 2970 1396 3031 insidiis
1425 2969 1638 3052 surgere
1665 2966 1881 3049 hostess'

179 3054 182 3055 ⁷
1530 3048 1551 3058 ⁸
1652 3051 1845 3111 clam&
