1888 3428
267 150 384 230 ‚124
437 218 442 224 ,
607 153 998 211 Pnocopu
1041 149 1579 211 CAESAREENSIS

263 239 361 316 qui
378 232 520 293 solus
539 234 924 295 comitantibus
939 232 1158 292 suorum
1178 238 1571 314 quinquaginta
1587 273 1603 298 ,
1626 254 1748 291 cum
1761 232 1871 292 ho-

263 317 433 375 stibus
459 340 680 375 manum
710 314 983 374 conserere
1003 338 1116 374 non
1136 313 1469 374 formidavit.
1512 314 1870 375 sustentarunt

262 397 630 480 aliquamdiu:
669 399 755 456 sed
780 398 1016 456 hostium
1039 397 1420 477 supervadente
1439 396 1697 459 immensa
1725 399 1888 468 mul-;

263 483 496 541 titudine
515 486 571 539 in
589 482 783 538 collem
800 485 1168 561 propinquum
1185 478 1235 537 se
1255 497 1572 558 receperunt
1590 521 1608 547 ‚
1629 480 1722 537 ubi
1739 494 1888 547 cum}

265 564 535 622 castellum
556 560 679 621 effet
693 560 907 620 defendi
925 585 1037 619 non
1058 563 1322 621 idoneum
1341 603 1358 630 ,
1386 560 1552 619 semet
1569 562 1758 619 dedere
1774 581 1871 618 co-

264 648 370 703 affl
388 644 530 704 sunt.
563 646 876 704 occiderunt
897 645 1103 703 barbari
1122 648 1398 702 neminem
1418 684 1435 710 ,
1477 641 1564 702 sed
1587 661 1871 722 captorum

262 729 580 801 Himerium
610 733 666 785 in
698 726 936 787 custodia
973 727 1206 785 habuere
1241 749 1255 783 ε
1308 727 1506 783 milites
1538 725 1873 786 tradiderunt

253 814 467 869 Stotzae
488 850 506 876 ‚
550 813 642 889 qui
676 831 869 866 omnes
905 828 1177 888 promtam
1209 812 1267 865 in
1298 810 1583 866 Romanos
1622 809 1870 864 militiam

265 891 641 971 pollicitisunt.
686 893 975 958 Himeri0‚
1009 896 1063 947 ni
1083 888 1341 969 promissas
1361 891 1644 969 impleret,
1682 891 1877 960 mortis

267 978 427 1031 minse
459 973 883 1031 intentabantur.
929 973 1245 1030 promiserat
1279 989 1461 1030 autem
1492 968 1546 1039 se
1577 971 1876 1050 Adramyt-

265 1073 387 1116 tum
408 1097 425 1124 ,
459 1061 783 1113 maritimam
808 1056 994 1113 urbem
1016 1098 1032 1124 ‚
1073 1054 1279 1113 sollerte
1297 1051 1617 1112 commento
1637 1052 1877 1131 ipsorum

268 1138 491 1196 ditionis
523 1136 806 1196 fatsturum.
854 1160 1087 1218 cumque
1126 1137 1378 1216 perstaret
1410 1154 1690 1214 promtum
1727 1131 1777 1192 se
1807 1155 1879 1191 o-

268 1218 512 1278 stendere
533 1261 548 1282 ,
580 1242 703 1276 cum
723 1218 835 1296 ipso
865 1221 1253 1298 Adramyttum
1288 1216 1464 1277 versus
1495 1222 1653 1275 ivere.
1693 1219 1880 1294 proxi-

269 1323 359 1359 me
381 1302 570 1358 urbem
591 1321 651 1358 ut
667 1320 890 1358 ventum
914 1344 928 1367 ‚
949 1303 1263 1357 Himerium
1283 1297 1578 1378 praemisere
1597 1319 1720 1356 cum
1739 1319 1880 1355 non-

269 1385 431 1440 nullis
475 1384 862 1439 Romanorum
913 1385 1193 1462 quondam
1248 1384 1484 1440 militum
1523 1424 1539 1451 ‚
1604 1383 1698 1460 qui
1735 1400 1879 1437 nunc

271 1467 518 1523 Stotzam
536 1463 873 1523 sectabantur
890 1507 905 1531 ‚
943 1468 1169 1524 Mauros
1189 1468 1335 1524 velut
1352 1483 1536 1544 captos
1554 1463 1879 1524 trahenterrh

268 1546 633 1626 sequebantur
667 1546 779 1626 ipfi.
827 1545 1082 1623 jufferant
1129 1565 1308 1605 autem
1347 1549 1660 1604 Himerium
1706 1545 1879 1602 dicere

271 1647 552 1709 portarum
575 1627 881 1706 Adrymetti
900 1630 1212 1687 custodibus
1233 1671 1249 1696 ‚
1270 1631 1530 1686 vietorem
1552 1629 1733 1707 praelio
1755 1623 1884 1685 fuis-

271 1710 322 1769 se
343 1715 685 1790 Imperatoris
704 1715 1033 1767 exercitum:
1067 1715 1353 1787 acjamjam
1389 1709 1688 1766 Iohannem
1723 1705 1882 1766 adfo-

272 1813 329 1851 re
348 1814 473 1850 cum
495 1790 761 1849 immenso
793 1797 1126 1870 captivorum
1145 1814 1327 1873 grege.
1373 1795 1589 1870 Apertis
1607 1791 1732 1848 inde
1751 1811 1881 1869 por-

274 1878 343 1933 tis
361 1878 558 1933 intrare
577 1895 701 1933 cum
721 1876 782 1930 iis
804 1896 942 1952 quos
961 1873 1138 1932 secum
1155 1874 1409 1931 habebat.
1450 1875 1628 1930 Fecit:
1649 1873 1882 1951 decepti-

273 1977 382 2036 que
400 1956 506 2019 hoc,
529 1955 640 2025 astu
660 1951 1026 2035 Adrymettini
1067 1963 1090 2030 (
1110 1979 1284 2036 neque
1318 1959 1463 2013 enim
1492 1953 1655 2013 fidem
1688 1975 1884 2034 negare

273 2037 581 2105 audebant,
624 2039 885 2097 omnibus
918 2044 974 2096 in
1007 2042 1236 2117 Byzacio
1273 2038 1536 2095 militibus
1569 2039 1878 2115 imperanti)

273 2119 586 2198 patentibus
619 2122 791 2197 portis
821 2120 1032 2179 hostem
1073 2119 1343 2179 admisere.
1405 2121 1516 2179 Vbi
1550 2124 1881 2176 intraverant

273 2204 513 2260 Himerii
527 2206 751 2259 comites
766 2243 782 2269 ‚
808 2205 994 2281 gladiis
1015 2203 1220 2262 eduffis
1241 2244 1256 2270 ‚
1276 2224 1388 2260 non
1413 2200 1539 2282 passi
1560 2200 1681 2274 sunt
1698 2218 1884 2279 portas,

276 2283 306 2341 ὲ
333 2283 644 2342 custodibus
673 2285 882 2353 claudi,
911 2284 997 2344 sed
1029 2289 1168 2343 intra
1204 2284 1395 2343 urbem
1426 2280 1675 2362 accepere
1711 2303 1880 2339 omne

276 2366 603 2425 Maurorum
623 2387 837 2446 agmen·
879 2370 1105 2447 Direpta
1125 2367 1258 2425 urbe
1285 2408 1301 2435 ‚
1335 2388 1434 2424 nec
1454 2369 1637 2423 multis
1655 2368 1750 2445 qui
1774 2362 1880 2422 ser-

275 2465 464 2509 varent
481 2469 598 2505 eam
613 2449 807 2505 relictis
823 2489 838 2510 2
863 2449 1074 2531 digressi
1091 2448 1212 2507 sunt
1235 2449 1465 2506 barbari.
1494 2446 1879 2506 Romanorum

276 2533 618 2610 captivorum
638 2527 767 2611 fuga
785 2552 991 2610 reperta
1011 2574 1027 2600 ‚
1065 2532 1285 2612 quidam
1308 2529 1691 2610 Carthaginem
1713 2549 1882 2606 vene<

274 2629 423 2671 runt.
464 2615 519 2668 in
537 2610 618 2669 his
649 2615 962 2672 Severianus
982 2633 1129 2672 erant
1161 2620 1213 2671 &
1246 2614 1543 2670 Himerius.
1585 2612 1712 2669 Erat
1731 2612 1878 2667 enim

274 2711 422 2752 tanta
441 2695 765 2763 Maurorum
784 2700 1109 2777 negligentia
1131 2737 1148 2763 ,
1187 2713 1246 2752 ut
1265 2694 1314 2753 se
1344 2693 1655 2751 volentibus
1674 2696 1878 2771 eripere

275 2779 393 2845 non
411 2775 534 2834 esset
553 2774 779 2838 difficile.
826 2783 976 2836 multi
997 2800 1120 2836 cum
1141 2780 1324 2836 Stotza
1343 2774 1576 2834 mansere
1596 2797 1710 2834 non
1735 2777 1876 2833 invi-

263 2860 338 2921 ti.
383 2859 683 2938 Aliquanto
705 2856 825 2937 post
844 2877 1090 2940 tempore
1107 2861 1303 2918 Paulus
1320 2858 1559 2917 sacerdos
1575 2899 1589 2924 ,
1608 2861 1692 2915 cui
1710 2877 1877 2937 aegross

276 2957 462 3026 torum
481 2961 603 3006 cura
620 2939 968 3006 incumbebat
989 2983 1010 3017 2
1039 2964 1161 3003 cum
1183 2942 1513 3022 primoribus
1541 2940 1686 3003 urbis
1704 2940 1876 2995 collo.-

1702 3036 1880 3089 cutus,
