1888 3428
269 175 378 231 192
578 157 978 219 Pssoeopn
1031 156 1568 219 CAEsAREENsls

257 245 453 315 jacuit:
480 245 635 297 tertia
653 241 874 299 demum
895 242 979 298 die
999 262 1121 298 cum
1143 244 1389 319 proxime
1408 263 1596 300 muros
1614 229 1760 299 urbis
1776 264 1888 324 caesi¹

258 324 359 380 stra
388 321 676 401 posuissent
695 322 935 388 bar-bari,
964 320 1149 380 misere
1167 326 1260 401 qui
1297 342 1645 382 mortuorum
1663 328 1888 403 corpo-3?

259 425 315 462 ra
347 406 520 463 humo
561 403 821 483 justisque
858 404 1225 483 deposce-‚rent
1270 407 1384 471 Hi,
1426 406 1557 463 dum
1594 411 1888 487 exanimesg

257 487 574 547 scrutantur,
580 484 875 546 Visandum
896 485 1273 544 bandalarium
1279 491 1553 566 reperiunt
1571 487 1741 544 adhuc
1761 467 1888 567 spi-3

257 590 502 628 rantem:
533 575 587 626 &
609 567 879 626 sociorum
898 570 1122 647 quidam
1158 589 1348 626 vocem
1370 587 1430 626 ut
1447 568 1545 625 sibi
1576 569 1756 626 ederet
1774 579 1888 638 ro-,i‘

255 653 454 732 gabat.
474 672 661 710 verum
681 655 724 708 is
741 652 794 708 id
814 672 927 707 non
948 669 1188 728 poterat.
1217 651 1359 709 adeo
1379 650 1489 745 ipsi
1495 653 1689 708 viscera
1722 635 1888 731 fame}

192 787 207 790 Α
257 740 312 790 δε
335 737 508 814 campi
540 721 781 812 squalore
816 731 1125 790 inarserant.,
1168 733 1422 796 Tandem
1458 736 1657 790 innuit
1669 733 1888 812 aquariis3

255 814 385 873 fibi·
372 838 428 873 m
459 838 522 873 os
541 834 599 872 ut
619 815 825 872 darent.
869 834 1007 894 potu
1040 813 1315 883 refotum,
1348 818 1727 894 paulatimque
1737 813 1888 872 adse

252 901 569 955 redeuntem
592 916 872 976 portavere
889 901 946 954 in
962 897 1134 954 castra.
1179 898 1451 976 Magnum
1473 920 1534 954 ex
1569 919 1637 953 eo
1657 918 1888 957 nomen

252 983 309 1037 in
332 980 564 1038 Gotthis
603 980 875 1037 Visandus
897 979 1229 1037 bandalarius
1249 981 1490 1037 obtinuit
1511 1021 1526 1041 ,
1562 982 1871 1058 eximiaque,

250 1064 309 1122 in
326 1064 557 1120 claritate
577 1063 668 1120 diu
687 1061 989 1140 supervixit.
1035 1063 1169 1119 Haec
1200 1065 1353 1118 tertia
1375 1062 1459 1118 die
1486 1082 1602 1140 quae
1637 1082 1888 1139 evenere·

249 1145 422 1202 dicere
440 1146 721 1222 occupavi.
767 1145 1040 1201 Caeterum
1062 1148 1233 1201 vitato
1252 1164 1376 1200 curn
1390 1142 1491 1199 suis
1505 1145 1742 1220 periculo
1758 1147 1872 1215 Beffv

247 1224 471 1287 lisarius‚
488 1227 683 1281 milites
703 1231 756 1281 ἃ
778 1224 1045 1281 urbanum
1066 1228 1259 1303 vulgus
1279 1240 1439 1303 poene
1459 1235 1627 1282 omne
1646 1230 1700 1281 in
1722 1246 1885 1281 moes·

246 1312 337 1366 nia
372 1308 701 1385 compellens
733 1310 886 1385 ignes
903 1307 1157 1373 accendi,
1196 1307 1526 1401 noctemque
1557 1297 1888 1367 insomnem

244 1394 334 1469 agi
350 1393 610 1470 imperat.
632 1407 795 1467 atque
813 1387 923 1468 ipse
942 1388 1135 1445 obiens
1154 1392 1355 1445 moenia
1374 1432 1391 1457 ,
1437 1408 1556 1446 tum
1592 1391 1689 1450 alia
1710 1390 1888 1467 cura-t.

248 1471 381 1538 bat,
410 1492 528 1529 tum
551 1490 833 1550 portarum
864 1474 1058 1551 cuique
1095 1469 1422 1550 praefecftum
1430 1471 1635 1530 addidit
1654 1476 1863 1552 quicu-

248 1555 487 1612 stodiret.
534 1553 686 1611 Besas
706 1576 874 1622 vem,
889 1557 984 1611 cui
1006 1572 1173 1631 portae
1201 1552 1529 1612 Praenestinae
1562 1554 1881 1616 obvenerat

248 1639 435 1699 tutela,
455 1636 595 1693 misit
614 1637 678 1693 ad
694 1635 999 1693 belisarium
1017 1640 1111 1714 qui
1132 1640 1403 1692 nuntiaret
1418 1640 1585 1692 teneri
1606 1637 1670 1692 ab
1689 1636 1883 1711 hosti-sl

244 1717 349 1776 bus
369 1721 556 1775 urbem
577 1740 690 1774 non
706 1725 770 1774 ea
784 1738 846 1773 ex
864 1736 1013 1797 parte
1030 1717 1271 1814 ingressis
1290 1739 1395 1796 qua
1412 1718 1631 1775 Tiberis
1647 1716 1881 1786 flueret,

242 1798 330 1866 sed
352 1821 445 1879 per
463 1802 618 1857 aliam
642 1817 854 1879 portam
886 1804 972 1856 cui
1000 1821 1203 1857 nomen
1221 1798 1248 1855 Ξι
1267 1803 1544 1857 Paneratio
1583 1800 1875 1859 celebratae

244 1881 530 1940 saneiitatis
548 1886 682 1940 viro.
725 1884 830 1938 His
865 1882 1058 1939 auditis
1093 1887 1186 1961 qui
1219 1880 1471 1938 Belisario
1505 1865 1721 1944 aderant
1739 1886 1883 1940 vitae

244 1970 652 2044 quamprimum
697 1962 903 2021 consuli
940 1981 1091 2041 capta
1128 1961 1259 2043 fuga
1295 1985 1389 2042 per
1422 1982 1687 2021 remotam
1731 1965 1857 2023 inde

241 2064 459 2126 portam
477 2045 791 2103 suadebant.
834 2052 912 2104 At
937 2046 1069 2102 nihil
1087 2047 1172 2102 ille
1198 2050 1412 2102 territus
1434 2044 1552 2103 falsa
1571 2047 1704 2109 dixit
1736 2068 1868 2125 quae

236 2128 651 2186 nuntiabantur.
695 2128 980 2206 statimque
1011 2146 1153 2184 trans
1183 2127 1433 2184 Tiberim
1471 2127 1610 2186 misit
1645 2134 1888 2208 equites

238 2215 334 2291 qui
354 2212 547 2267 cun&a
565 2209 814 2289 speculati
831 2210 959 2267 nihil
977 2207 1252 2269 adversum
1288 2211 1407 2267 urbi
1443 2207 1679 2268 accidisse
1702 2229 1870 2268 retu-

235 2298 438 2351 lerunt.
481 2291 829 2372 missisigitur
845 2295 956 2351 aliis
988 2293 1051 2349 ad
1070 2311 1350 2372 portarum
1379 2291 1665 2372 Ρϊκῖεᾶοε
1693 2291 1872 2372 signi-f

237 2373 406 2441 ficar,
443 2373 479 2431 fi
499 2373 755 2433 diversam
793 2378 848 2431 in
880 2394 1084 2453 partem
1116 2375 1428 2432 incumbere
1462 2375 1670 2433 hostem
1702 2376 1858 2438 audi-1

239 2477 398 2525 rent,
420 2478 486 2513 ne
505 2457 604 2513 illis
624 2460 954 2536 opitulatum
983 2462 1156 2525 irent,
1176 2479 1329 2514 neve
1367 2458 1595 2515 statione
1626 2458 1879 2517 decede-

235 2558 362 2597 rent
382 2581 399 2606 ,
418 2537 504 2596 sed
521 2540 647 2596 loco
669 2539 762 2597 fibi
781 2539 1035 2598 mandato
1054 2538 1369 2597 inhaererent
1391 2563 1404 2596 :
1436 2539 1532 2596 fibi
1551 2558 1736 2598 caetera
1754 2539 1872 2610 cuz(

233 2641 308 2680 ,τε
323 2618 460 2678 fore.
508 2621 679 2680 Causa
701 2620 926 2689 consilii,
946 2644 1012 2679 ne
1030 2627 1226 2680 iterum
1246 2622 1488 2680 mendaci
1507 2643 1723 2680 rumore
1738 2640 1860 2678 tur--

235 2704 510 2770 barentur.
553 2707 633 2762 At
651 2707 848 2785 Vitigis
865 2744 882 2772 ,
902 2705 1032 2762 dum
1049 2725 1229 2763 recens
1247 2703 1416 2762 adhuc
1433 2707 1700 2762 Romanis
1720 2724 1875 2761 conb
1886 2711 1888 2754 ὲ

235 2784 494 2843 sternatio
513 2824 530 2855 ³
556 2799 768 2866 portam
787 2788 851 2845 ad
872 2789 1116 2845 Salariam
1138 2789 1304 2844 mittit
1337 2808 1364 2843 e
1395 2784 1650 2866 praefeffiiis
1672 2789 1875 2844 virum

235 2871 436 2926 clarum
456 2873 627 2927 Vacin
656 2872 882 2928 nomine
901 2909 918 2938 ,
953 2873 1046 2949 qui
1062 2886 1129 2927 eo
1150 2887 1210 2926 ut
1230 2872 1413 2937 venit,
1453 2871 1741 2928 Romanos
1770 2849 1873 2939 οβξξῇ

233 2948 476 3014 fluxam
462 2973 520 3012 in
550 2951 800 3014 Gotthos
832 2950 998 3020 fidem
1031 2950 1269 3017 accusat,
1299 2910 1627 3036 pro'ditores
1641 2953 1772 3040 quin
1787 2955 1871 3094 Δ

1667 3032 1799 3113 parri
