1931 3428
264 150 382 234 2782
574 149 690 207 *DE
731 146 1019 204 GESTIS
1103 146 1616 207 LANcomxzm

261 254 409 294 anno
429 230 692 313 superiori
727 228 918 309 hyeme
940 271 957 296 ‚
994 244 1144 285 tanta
1177 229 1268 284 nix
1307 229 1364 284 in
1407 228 1627 308 planitie
1662 234 1888 306 cecidit,‘
1912 232 1913 235 ¹

263 320 544 399 quantain
564 313 788 372 summis
804 312 1033 392 Alpibus
1069 309 1254 369 cadere
1272 308 1429 381 solet.
1472 311 1729 393 Sequenti
1753 325 1918 378 vero*

261 399 473 466 aestate‚
509 415 659 456 tanta
679 394 923 454 fertilitas
940 396 1117 453 extitit
1137 435 1154 461 ‚
1190 413 1393 473 quanta
1421 397 1570 453 nulla
1598 417 1724 456 aetas
1753 400 1916 460 affe-

262 502 481 543 veratur
513 478 830 539 meminisse.
880 480 964 536 Eo
1003 498 1231 558 quoque
1266 497 1520 558 tempore
1538 522 1556 547 ‚
1611 502 1891 562 comperta

263 569 502 635 Hunni,
538 569 630 646 qui
653 572 706 622 &
729 568 934 621 Avares
954 603 972 630 ,
1010 568 1191 619 morte
1220 559 1488 619 Chlotarii
1521 567 1660 644 regis
1681 607 1697 631 ‚
1731 565 1889 645 super

262 647 624 731 Sigisbertum
645 653 757 723 ejus
777 643 953 705 filium
973 646 1206 702 irruunt.
1250 645 1477 713 Quibus
1496 648 1581 703 ille
1599 651 1654 703 in
1676 646 1891 707 Turin-

262 737 354 812 gia
385 752 673 790 occurrens
693 772 709 793 ‚
742 750 837 787 eos
851 734 1008 806 juxta
1031 726 1232 785 vAlbim
1266 727 1498 786 fluvium
1521 724 1891 808 potentiffime

262 817 532 897 superavit
549 857 566 884 ‚
608 811 916 892 eisdemque
949 810 1263 892 petentibus
1303 834 1488 891 pacem
1522 811 1690 871 dedit.
1741 813 1891 875 Huic

265 897 569 979 Sigisberto
589 898 654 957 de
671 894 947 974 Hispaniis
965 894 1258 951 adveniens
1277 935 1295 962 ,
1314 893 1675 953 Brunichildis
1705 901 1897 955 matri-

262 982 668 1058 moniojunota
683 976 788 1044 est,
833 979 897 1034 de
919 979 1129 1056 quaille
1153 975 1330 1036 filium
1353 977 1768 1036 Childebertum
1787 1002 1892 1053 nno·
1918 1014 1920 1016 ·

263 1067 417 1122 mine
438 1062 683 1141 suscepit.
723 1057 1072 1138 Rursumque
1104 1062 1308 1117 Avares
1342 1081 1466 1117 cum
1507 1061 1888 1141 Sigisbertoin

264 1149 400 1206 locis
413 1189 430 1215 ,
447 1146 540 1204 ubi
561 1151 616 1201 &
639 1147 806 1223 prim,
831 1159 1141 1223 pugnantes
1160 1182 1174 1203 2
1193 1144 1526 1201 Francorum
1544 1162 1888 1222 proterentes

267 1233 563 1288 exercitum
580 1268 598 1296 ‚
622 1227 905 1287 victoriam
926 1224 1050 1282 sunt
1071 1224 1271 1304 adepti.

837 1377 890 1435 C
972 1398 1009 1435 A
1088 1395 1136 1435 P.
1221 1379 1327 1435 XI.

801 1508 875 1555 De
906 1511 1062 1554 morte
1104 1494 1346 1570 Narfietis.

269 1634 729 1766 NArsesvero
754 1635 819 1694 de
842 1638 1143 1715 Campania
1176 1638 1424 1694 Romam
1456 1631 1748 1718 regreffus;
1778 1635 1893 1696 ibi*

420 1720 563 1785 dem,
580 1741 692 1776 non
712 1716 834 1799 post
853 1721 1088 1776 multum
1107 1738 1344 1798 tempus,
1361 1740 1428 1777 ex
1442 1718 1537 1777 hac
1553 1722 1670 1779 luce
1686 1717 1892 1778 subtra-

267 1803 389 1859 (ἕως
424 1801 518 1860 est.
562 1802 737 1879 Cujus
772 1823 967 1880 corpus
1001 1801 1238 1881 politum
1274 1808 1329 1859 in
1362 1804 1556 1860 locello
1588 1802 1850 1882 plumbeo
1868 1841 1888 1869 ‚

267 1905 396 1941 cum
417 1884 677 1943 omnibus
707 1890 820 1961 ejus
839 1885 1039 1945 divitiis
1060 1884 1605 1964 Constantinopolim
1626 1885 1699 1943 est
1719 1889 1891 1964 peda-

270 1983 410 2025 Ulm.

754 2118 807 2175 C
889 2139 926 2174 A
1007 2136 1056 2174 Ρ.
1189 2112 1291 2175 X'l
1318 2122 1354 2172 Ι.

665 2261 738 2309 De
757 2251 905 2309 Felice
926 2250 1138 2331 Epifiopo
1162 2252 1457 2328 Tarvisiano.
1519 2263 1522 2266 ’

272 2387 346 2529 I
362 2391 532 2448 Gitur
551 2386 764 2447 Alboin
783 2410 906 2448 cum
928 2388 992 2446 ad
1011 2388 1242 2448 fluvium
1265 2392 1463 2470 Alpem
1485 2385 1727 2457 venisset,
1750 2386 1825 2445 ibi
1844 2390 1900 2459 ei*

361 2474 506 2530 Felix
528 2471 825 2553 Episcopus
851 2471 1174 2532 Tarvifianae
1204 2472 1442 2531 Ecclefiae
1477 2474 1730 2529 occurrit.
1780 2472 1894 2528 Cui

274 2555 419 2618 Rex,
441 2574 502 2612 ut
521 2575 632 2613 erat
649 2553 969 2636 largissimus
986 2597 1003 2624 ,
1019 2578 1212 2613 omnes
1230 2554 1332 2615 suae⁸
1347 2554 1590 2613 Ecclefiae
1611 2552 1891 2611 facultates

256 2636 567 2778 postglanti
591 2637 878 2708 conceffit,
909 2644 963 2696 &
982 2658 1076 2718 per
1092 2637 1247 2698 suum
1267 2640 1667 2720 Pragmaticum
1697 2633 1890 2717 postue

275 2720 381 2778 lata
439 2723 650 2783 rmavit.

1664 2961 1893 3024 CAPj
