1888 3428
250 178 659 234 I-l1sT0R1AE
703 178 746 232 V
773 196 862 233 AN
886 195 1032 231 DAL
1057 194 1197 230 ICAE
1239 180 1486 235 L113.II.
1590 182 1657 255 83

50 261 173 316 ratis
190 259 359 316 modo
377 257 535 315 rebus
555 260 684 315 ullas
702 276 945 336 tempora
961 258 1253 321 attulerint,
1271 261 1499 315 cunetor
1517 259 1665 317 dice-

48 340 475 399 re-Gizerichine
495 340 1186 419 abnepotem,regnumque
1208 338 1406 396 divitiis
1428 348 1480 396 &
1496 345 1544 397 vi
1561 345 1666 399 rni-

46 425 206 481 litum
226 421 427 481 florens
445 422 508 478 ab
529 423 849 481 advenarum
870 424 1113 500 quinque
1136 419 1371 477 millibus
1389 462 1406 488 ‚
1435 444 1547 500 quo
1568 446 1665 504 ap-

49 506 307 583 pellerent
336 527 450 562 non
480 504 796 563 habentibus
815 546 830 570 ‚
865 506 1356 579 tantillotempore
1377 503 1662 563 eversum?
1693 562 1697 566 ,

47 588 244 666 Neque
280 591 429 645 enim
459 593 629 663 major
662 605 771 643 erat
808 591 1055 665 equitum
1093 607 1351 641 numerus
1386 584 1661 653 BelisariO,

45 690 287 747 quorum
321 667 567 726 manibus
588 689 754 724 omne
786 667 891 725 hoc
922 667 1125 725 bellum
1147 665 1462 725 confefflun
1484 667 1572 724 est.
1607 669 1663 726 id

45 751 151 808 five
185 749 400 809 fortuna
435 750 538 806 five
556 753 735 807 afinm
755 749 829 807 est
847 752 1039 807 virtute
1059 792 1075 816 ‚
1104 749 1244 806 subit
1270 753 1537 807 utrumvis
1556 755 1663 807 mi-

48 837 167 890 rari.
210 835 330 912 Ego
365 833 505 890 unde
535 832 765 889 abieram
787 833 970 890 redeo·
1016 836 1099 888 Sic
1120 832 1339 911 quidem
1366 833 1660 901 Vandalico

45 912 187 972 bello
206 914 328 971 finis
346 933 455 971 erat
473 913 776 994 impositus.
822 919 900 971 At
934 914 1135 971 invidia
1167 917 1375 994 magnis
1393 912 1662 972 felicitati-

43 997 146 1054 bus
163 994 510 1055 adhaerescens
528 1038 545 1064 ‚
574 1002 685 1071 jam
702 995 1079 1055 inBelisarium
1101 1037 1118 1064 ‚
1157 1018 1465 1076 quanquam
1485 994 1662 1054 causas

47 1100 240 1136 omnes
256 1078 477 1137 sollicite
498 1083 759 1139 vitantem
779 1120 794 1144 ,
831 1083 1090 1159 parturire
1125 1100 1289 1158 opera
1307 1078 1396 1135 sua
1414 1101 1660 1159 caeperat,

45 1161 246 1219 ducum
277 1162 554 1219 nonnullis
575 1161 914 1220 ‘calumniam
950 1160 1181 1219 affectati
1210 1167 1427 1240 Imperii
1446 1166 1502 1218 in
1526 1163 1661 1219 nihil

42 1247 144 1299 tale
180 1247 434 1300 meritum
469 1245 610 1321 apud
640 1250 1027 1322 Imperatorem
1057 1242 1403 1301 struentibus.
1447 1247 1580 1301 clam
1603 1246 1659 1302 id

43 1324 234 1382 habuit
272 1331 600 1404 Imperator,
634 1326 885 1404 spernens
916 1326 1122 1393 delata,
1157 1326 1318 1405 ,quod
1339 1324 1405 1383 fic
1440 1328 1657 1384 condu-

42 1427 162 1464 cere
197 1406 557 1467 arbitraretur.
612 1408 715 1466 Sed
751 1406 902 1465 misso
931 1409 1232 1479 Solomone
1264 1406 1494 1465 liberum
1528 1406 1659 1465 fecit

38 1487 288 1547 Belisario
322 1493 499 1549 venire
534 1512 659 1548 cum
691 1492 967 1550 Gelimere
989 1532 1006 1558 ,
1041 1511 1106 1547 an
1128 1513 1195 1549 eo
1214 1489 1365 1547 miffo
1387 1493 1445 1546 in
1470 1487 1657 1547 Africa

41 1570 212 1628 adhuc
244 1572 401 1629 vellet
430 1570 718 1629 subfistere.
764 1578 842 1628 At
859 1575 942 1630 ille
965 1579 1181 1650 (neque
1200 1574 1347 1628 enim
1367 1571 1655 1649 ignorabat

40 1653 335 1732 impaotum
355 1652 450 1709 fibi
471 1653 497 1709 a
518 1653 746 1711 ducibus
764 1657 914 1733 regni
939 1652 1143 1732 quaefiti
1163 1656 1408 1724 crimen)
1442 1656 1655 1731 Byzan-

40 1737 178 1791 tium
211 1738 285 1792 ire
314 1732 630 1803 festinabat,
662 1754 781 1793 tum
813 1735 1076 1815 purgandi
1110 1733 1185 1792 sui
1210 1733 1402 1801 causa,
1430 1752 1551 1792 turn
1572 1738 1654 1793 ul·-

40 1814 264 1874 ciscendi
301 1819 722 1876 calumniatores.
771 1817 1083 1885 Quomodo
1113 1836 1293 1875 autem
1315 1818 1379 1874 ad
1398 1821 1655 1875 crimina-

42 1902 258 1956 tionum
294 1901 548 1957 notitiam
583 1903 885 1978 pervenerit
917 1941 930 1962 ‚
962 1906 1071 1975 jam
1107 1922 1278 1980 pergo
1315 1900 1510 1958 dicere.
1555 1904 1655 1978 qui.

41 1982 241 2038 crimen
264 1981 396 2039 illud
414 1981 809 2049 confinxerant,
836 2002 1136 2040 metuentes
1156 2005 1222 2039 ne
1240 1985 1369 2039 mari
1387 1980 1530 2038 forte
1544 1983 1650 2039 ob-

39 2081 190 2120 rutus
221 2064 494 2121 literarum
527 2084 774 2144 portator
808 2064 1022 2123 confilia
1059 2067 1277 2122 illorum
1307 2065 1648 2133 disturbaret,

39 2143 254 2202 duobus
270 2149 524 2226 exemplis
557 2147 863 2226 perscriptas
898 2151 1071 2205 literas
1091 2147 1307 2206 duobus
1329 2147 1647 2204 hominibus

38 2225 256 2295 dedere,
273 2232 366 2307 qui
386 2229 613 2287 navibus
632 2229 847 2309 lingulis
868 2233 1038 2287 aulam
1060 2248 1323 2309 peterent.
1366 2227 1647 2287 Alterho-

37 2328 157 2365 rum
184 2312 408 2389 ignotus
447 2315 719 2392 navigavit
757 2335 769 2368 :
809 2315 936 2369 alter
969 2336 1031 2370 ex
1063 2311 1360 2391 suspicione
1397 2315 1644 2391 aliquam

38 2389 351 2449 Mandracio
370 2412 556 2472 captus
572 2436 589 2462 ‚
627 2395 830 2452 traditis
846 2398 901 2450 in
920 2417 1112 2452 eorum
1133 2417 1356 2451 manum
1374 2398 1466 2473 qui
1487 2393 1535 2451 se
1555 2415 1644 2450 ce-

36 2491 219 2550 perant
253 2475 450 2542 literiS,
483 2497 598 2533 rem
628 2477 781 2534 simul
813 2499 1040 2535 omnem
1073 2475 1409 2555 patefecerat.
1453 2481 1643 2554 Atque

35 2555 158 2612 inde
176 2555 684 2617 edoctussselisarius
703 2562 768 2617 ad
788 2564 1149 2638 Imperatoris,
1164 2580 1222 2617 ut
1240 2560 1490 2626 diximum,
1506 2580 1644 2616 con-

33 2631 273 2712 speffium
307 2640 645 2720 properabat.
691 2646 829 2713 Quae
862 2643 995 2700 dum
1028 2642 1354 2721 Carthagine
1381 2659 1642 2721 aguntur,

35 2716 218 2775 Mauri
236 2720 431 2798 quibus
449 2728 502 2780 in
522 2727 747 2803 Byzacio
780 2724 1083 2805 quibusque
1113 2729 1168 2782 in
1187 2725 1450 2783 Numidia
1471 2722 1636 2787 sedeS,

36 2796 397 2861 defectionem
432 2807 571 2864 nulla
589 2808 653 2864 de
673 2808 820 2865 causa
835 2811 1105 2888 incipiunt
1127 2849 1143 2876 ,
1178 2805 1464 2887 spretisque
1485 2800 1638 2861 fede-

36 2880 185 2939 ribus
217 2904 360 2944 arma
386 2887 625 2946 inferunt
650 2893 890 2952 Romani
917 2892 1125 2970 imperii
1145 2892 1361 2970 populis
1380 2930 1397 2957 ‚
1427 2886 1558 2944 nihil
1578 2906 1637 2940 ea

32 2965 89 3029 in
109 2986 164 3029 re
184 2968 416 3033 alienum
441 2967 693 3035 facientes
722 2972 826 3036 suis
850 2974 1098 3035 moribus
1114 3014 1131 3040 ,
1165 2976 1370 3055 quippe
1389 2969 1522 3105 fugi
1541 2985 1640 3021 nec

989 3057 1030 3113 F
1078 3075 1099 3095 ο
1514 3067 1638 3102 eum

1077 3098 1106 3113 a
