1931 3428
346 163 680 218 LIBER
759 155 1193 209 Pn1mvs.
1483 151 1600 222 761

38 248 280 307 critatem
305 283 322 311 ‚
355 242 557 319 relegat
575 236 870 317 prologum
905 228 1067 288 ediffi
1086 267 1104 294 ‚
1136 250 1300 307 quern
1337 229 1458 287 Rex
1492 231 1616 288 Ro-

28 332 159 390 harii
180 328 244 386 de
262 322 755 404 Langobardorum
793 309 1007 395 legibus
1025 309 1331 387 composuit
1351 351 1368 376 ‚
1403 317 1457 368 &
1479 307 1618 390 pen&

25 436 60 471 n
83 407 342 470 omnibus
372 406 479 463 hoc
516 401 796 461 codicibus
815 439 833 466 ,
873 395 1004 454 ficut
1023 411 1124 449 nos
1151 395 1208 447 in
1227 390 1322 447 hac
1343 391 1620 452 historiola

28 493 327 554 nseruimus
345 530 359 551 ,
387 486 640 566 scriptum
661 483 908 562 reperiet.
950 474 1166 534 Habuit
1183 491 1364 530 autem
1380 475 1620 533 &Wacho

46 597 201 635 xores
219 591 347 632 tres.
362 573 494 628 Hoc
512 569 607 636 est,
630 571 857 646 primam
876 555 1278 622 Ranicundam,
1295 552 1462 612 filiam
1481 562 1622 637 regis

69 662 412 738 uringorum.
454 650 672 710 Deinde
689 648 841 706 duxit
871 638 1246 720 Austrigosam
1269 680 1285 708 ,
1305 637 1470 696 filiam
1487 644 1628 718 regis

41 740 471 822 ‘epidorumDe
489 756 594 816 qua
607 731 798 790 habuit
813 724 944 784 filias
961 726 1341 783 duas.Nomen
1365 728 1458 782 uni
1478 723 1630 781 Wi-

30 823 226 905 egarda
244 864 261 890 ‚
292 816 689 902 quamtradidit
705 816 760 869 in
780 813 1192 868 matrimonium
1225 805 1626 864 Theodeberto

10 910 125 988 regi
141 908 493 963 Francorum.
546 895 789 956 Secunda
809 910 990 951 autem
1008 893 1151 950 diota
1167 887 1243 947 est
1261 887 1631 955 Walderada,

16 1011 136 1071 quae
159 986 355 1046 sociata
373 981 449 1042 est
481 983 533 1040 C
541 979 745 1040 usWald
767 1020 784 1047 ,
815 978 919 1033 alio
941 978 1053 1056 regi
1075 976 1427 1032 Francorum.
1463 992 1630 1053 quam

13 1071 123 1154 ipse
141 1071 271 1128 odio
292 1066 497 1126 habens
515 1106 532 1133 ‚
565 1068 658 1121 uni
680 1084 743 1121 ex
765 1059 868 1118 suis
888 1102 902 1126 ‚
921 1063 1017 1138 qui
1036 1055 1312 1115 dicebatur
1334 1052 1594 1135 Garipald
1610 1092 1630 1120 ‚

13 1159 72 1214 in·
90 1154 414 1231 conjugium
431 1146 669 1207 tradidit.
697 1146 962 1200 Tertiam
982 1161 1111 1199 vero
1145 1139 1383 1200 XWacho
1401 1156 1632 1196 uxorem

12 1236 205 1296 habuit
226 1278 242 1304 ,
257 1235 597 1292 Herulorum
617 1230 759 1307 regis
777 1225 945 1283 filiam
966 1224 1192 1280 nomine
1214 1224 1506 1302 Salingam.
1548 1220 1632 1276 Ex
1667 1291 1671 1294 Δ

10 1316 124 1396 ,ipsa
159 1338 316 1375 natus
348 1313 422 1371 est
453 1312 595 1369 filius
613 1331 778 1389 quem
809 1307 1056 1366 XWaltari
1077 1306 1357 1383 appellavit
1377 1345 1394 1371 ‚
1428 1306 1636 1383 quique

18 1403 332 1462 Wachone
355 1414 576 1454 mortuo
598 1394 752 1470 super
769 1387 1284 1469 Langobardosjam
1304 1387 1532 1446 octavus
1549 1403 1639 1440 re-
1673 1424 1676 1426 -

18 1486 229 1566 gnavit.
272 1483 350 1539 Hi
367 1498 561 1537 omnes
580 1475 822 1554 Lithingi
838 1469 1062 1529 fuerunt
1081 1491 1098 1537 3
1133 1470 1200 1530 fic
1220 1473 1366 1528 enim
1385 1465 1527 1549 apud
1543 1486 1639 1525 eos

13 1568 268 1650 quaedam
289 1563 491 1621 nobilis
503 1557 746 1640 prosapia
771 1553 1084 1616 vocabatur.
1129 1607 1147 1614 ,⁴

442 1698 502 1763 C
608 1723 656 1763 A
754 1717 811 1760 Ρ.
939 1690 1212 1760 XXII.

108 1837 305 1908 Mortuo
343 1841 572 1904 VValtari
600 1837 824 1914 regnavit
844 1831 1029 1893 Audoin
1049 1872 1064 1898 ‚
1097 1841 1186 1909 qui
1228 1828 1559 1909 Langobardos

515 1927 568 1982 in
590 1924 886 1980 Pannoniam
912 1918 1140 1976 adduxit.

244 2066 414 2124 Altari
436 2083 567 2145 ergo
585 2103 601 2130 ,
639 2083 764 2119 cum
785 2081 878 2139 per
896 2057 1098 2137 septem
1119 2074 1291 2114 annos
1311 2072 1540 2134 regnum
1562 2067 1647 2107 tea

245 2145 470 2214 unisset.
507 2145 574 2202 ab
595 2144 691 2202 hac
723 2148 840 2203 luce
870 2141 1171 2198 subtrafflms
1192 2137 1286 2195 est.
1333 2134 1462 2194 Post
1482 2156 1647 2214 quern

35 2250 220 2291 nonus
253 2228 482 2287 Audoin
520 2247 749 2307 regnum
785 2225 1009 2303 adeptus
1056 2220 1151 2279 est.
1189 2224 1282 2299 qui
1317 2241 1433 2277 non
1471 2221 1648 2277 multo

35 2313 157 2396 post
175 2332 421 2392 tempore
439 2307 830 2391 Langobardos
851 2310 907 2363 in
928 2307 1266 2364 Pannoniam
1287 2302 1529 2361 adduxit.

430 2448 491 2514 G
595 2469 642 2511 A
742 2470 796 2514 ι).
942 2442 1275 2512 ΧΧΙΙΙ.·

36 2659 47 2670 Γ
122 2597 309 2654 Bellum
344 2590 634 2670 Gepidormn
672 2607 780 2647 cum
810 2587 1134 2664 Langobardi&
1156 2626 1173 2654 ‚
1207 2588 1257 2643 in
1288 2601 1379 2662 quo
1407 2581 1577 2640 alboin

415 2674 577 2749 filium
597 2679 713 2751 regis
732 2671 1023 2750 Gepidorum
1041 2672 1279 2728 extinxit.

52 2812 337 2942 CEpidi
357 2832 487 2891 ergo
510 2832 566 2868 ac
586 2808 935 2905 Langobardi
969 2825 1291 2889 conceptam
1321 2809 1432 2880 jam
1451 2798 1661 2894 dudum

181 2916 349 2952 rixam
380 2893 598 2951 tandem
618 2910 922 2972 parturiunt
940 2933 957 2960 ‚
996 2892 1308 2970 bellumque
1339 2885 1407 2944 ab
1429 2881 1665 2958 utrisque

53 2977 296 3062 partibus
334 2995 672 3058 praeparatur.
717 2971 1044 3113 Commigob
1061 2976 1244 3111 ittaque
1281 2967 1463 3050 praelio
1493 2962 1664 3056 ambae

59 3086 61 3088 ·
565 3077 567 3080 ⁴
1149 3071 1174 3132 5
1527 3064 1667 3126 acies
