1888 3428
1853 0 1885 92 &³2

245 162 362 237 526
441 154 848 214 EXCERPTA·
871 170 955 209 Ex
997 154 1324 210 ARCANA
1362 148 1754 211 H1sToR1A

316 239 627 296 Numerum
647 235 965 292 exafflaeiniri
983 253 1175 291 eorum
1195 253 1337 312 quos
1352 233 1671 291 Iustinianus
1683 235 1851 291 exitio
1866 228 1885 295 J‘l

237 321 390 380 dedit
411 318 507 377 nifi
526 318 554 394 a
570 320 697 375 Deo
716 313 860 395 poffe
892 337 1007 372 non
1032 312 1285 372 arbitror.
1329 317 1486 372 citius
1515 320 1633 396 quis
1668 334 1852 373 arenas
1874 300 1885 387 ’ἢ

237 424 435 460 omnes
464 403 825 460 numeraverit
845 439 862 467 ,
892 420 1055 479 quam
1088 417 1327 476 quorum
1362 398 1450 454 ille
1490 401 1610 455 neci
1645 397 1853 455 causam·

237 485 403 544 dedit.
445 484 611 551 illud,
633 482 830 539 obiens
847 484 1030 537 animo
1049 499 1212 536 terras
1238 500 1374 558 quas
1409 477 1727 537 hominibus
1756 479 1856 537 de-
1883 502 1885 505 ·

240 566 431 626 solavit
448 607 466 635 ‚
503 564 610 622 fine
629 566 864 642 periculo
890 560 1259 619 affirmaverim
1281 603 1297 628 ,
1324 557 1527 639 periifl'e
1553 566 1669 635 ejus
1688 583 1854 639 opera

241 670 359 707 non
394 651 573 707 minus
608 647 782 704 decies
809 646 1000 703 millies
1033 644 1170 701 dena
1203 643 1420 701 millena
1452 643 1637 701 decem
1674 645 1855 701 millia.

246 731 490 789 Africam
509 732 610 787 late
634 728 768 785 adeo
785 746 1060 807 patentem
1078 731 1149 782 ita
1170 725 1399 804 perdidit
1417 766 1434 793 ‚
1456 743 1514 782 ut
1531 728 1630 784 iter
1650 721 1856 781 facien-

242 817 286 870 ti
306 813 585 871 hominem
612 808 914 888 conspicere
948 830 1124 867 rarum
1159 806 1220 864 fit
1256 829 1313 864 ac
1344 810 1601 865 miraculo
1632 809 1858 886 propin-

242 916 439 975 quum.
481 897 656 971 Atqui
673 891 1043 949 Vandalorum
1062 894 1152 969 qui
1172 911 1315 947 arma
1330 887 1529 948 ferrent
1548 886 1763 947 fuerant
1783 889 1859 946 ibi

243 980 413 1035 millia
442 978 744 1053 octoginta.
788 975 1119 1041 Mulierum,
1154 993 1484 1050 puerorum,
1520 969 1859 1029 servitiorum

246 1078 537 1116 numerum
560 1058 680 1135 quis
700 1055 925 1112 dixerit?
969 1061 1075 1111 Iam
1103 1051 1368 1111 Afrorum
1389 1074 1505 1111 tum
1531 1054 1685 1111 urbes
1705 1053 1859 1109 habi-

245 1144 517 1203 tantium,
547 1156 666 1194 tum
703 1158 860 1216 agros
888 1137 1216 1201 colentium,
1251 1154 1371 1192 tum
1407 1139 1537 1194 mari
1558 1139 1860 1192 viventium

246 1239 395 1279 tanta
429 1236 538 1278 erat
576 1224 743 1290 (nam
763 1217 870 1295 ipse
890 1217 1045 1289 vidi)
1081 1217 1374 1274 multitudo
1397 1257 1414 1283 ‚
1452 1236 1512 1274 Ut
1548 1218 1613 1274 ab
1634 1218 1864 1274 homine

245 1304 399 1361 nullo
417 1304 642 1379 exprimi
662 1298 835 1377 poffit.
881 1301 985 1355 His
1025 1317 1205 1356 autem
1236 1299 1412 1376 plures
1446 1300 1622 1355 multo
1659 1301 1861 1355 Mauri.

250 1406 443 1443 omnes
475 1385 547 1441 illi
582 1403 706 1438 cum
752 1379 969 1438 feminis
1014 1403 1071 1437 ac
1107 1378 1294 1437 sobole
1327 1380 1561 1459 stirpitus
1593 1385 1859 1438 interiere.

248 1471 404 1525 Tum
421 1486 550 1523 vero
570 1471 622 1522 &
642 1464 1028 1520 Romanorum
1052 1466 1285 1521 militum
1305 1468 1357 1519 &
1378 1468 1472 1542 qui
1487 1484 1581 1521 eos
1599 1465 1862 1542 Byzantio

246 1550 413 1610 secuti
429 1545 640 1606 fuerant
659 1587 677 1615 ,
710 1567 960 1627 magnam
991 1566 1196 1625 partem
1231 1567 1289 1601 ea
1305 1564 1442 1604 terra
1457 1544 1659 1624 sepelit.
1701 1547 1865 1624 quare

250 1632 290 1689 fi
309 1635 429 1711 quis
444 1630 636 1688 dixerit
655 1626 902 1685 interiisse
917 1631 970 1684 in
992 1626 1174 1684 Africa
1186 1630 1472 1707 quinquies
1490 1628 1661 1685 decies
1680 1646 1866 1685 cente-

250 1736 321 1771 na
337 1713 628 1769 hominum
652 1711 813 1766 millia
829 1714 1006 1766 minus
1023 1750 1039 1774 ‚
1063 1715 1288 1788 opinor,
1313 1731 1439 1766 vero
1459 1710 1667 1766 dixerit.
1715 1711 1866 1766 Cau-

251 1796 303 1854 sa
324 1797 482 1863 tantis
504 1794 652 1849 malis
670 1789 774 1848 fuit
794 1833 813 1859 ,
851 1792 1007 1869 quod.
1023 1793 1138 1868 post
1159 1792 1403 1848 devicfftos
1436 1791 1713 1848 Vandalos
1740 1782 1872 1847 curax

243 1879 400 1935 nulla
418 1875 707 1932 Iustiniano
725 1871 829 1930 fuit
846 1871 1054 1930 firmare
1087 1871 1463 1951 possessionem
1495 1894 1676 1929 earum
1708 1876 1865 1929 terra-

247 1981 378 2016 rum
395 2004 410 2024 ‚
448 1965 499 2014 &
522 1957 682 2013 bonis
701 1977 816 2034 quae
835 1953 1170 2012 obvenerant
1185 1953 1354 2012 fidum
1384 1975 1655 2033 apponere
1673 1953 1865 2011 custo-

256 2042 406 2104 dem,
445 2037 786 2095 subditorum
819 2036 1270 2093 benevolentiam.
1317 2035 1404 2094 sed
1439 2056 1722 2096 revocatus
1761 2034 1866 2094 sta·-

254 2127 356 2181 tim
376 2121 441 2179 ab
462 2142 528 2176 eo
551 2119 625 2175 est
643 2116 916 2175 Belisarius
936 2159 951 2183 ‚
984 2116 1112 2175 falso
1147 2137 1307 2195 atque
1339 2122 1394 2175 in
1424 2140 1548 2175 eum
1582 2117 1863 2175 hominem

256 2208 484 2263 minime
501 2201 722 2258 cadente
750 2199 980 2257 affecffiiti
1015 2204 1336 2278 principatus
1367 2204 1605 2257 crimine.
1651 2200 1866 2266 Deinde

255 2306 318 2345 ut
333 2283 573 2343 Africam
595 2281 811 2362 posthac
831 2303 928 2360 pro
949 2282 1170 2339 arbitrio
1186 2280 1458 2360 exsugeret
1478 2280 1832 2362 spoliaretque
1848 2311 1866 2346 5

260 2367 547 2439 censitores
565 2364 819 2443 imposuit
839 2366 1143 2422 &inaudita
1163 2364 1496 2422 tributorum
1517 2385 1679 2422 onera
1697 2405 1713 2432 ‚
1732 2385 1866 2442 prae-

260 2452 480 2509 diorum
500 2450 710 2526 optima
728 2445 939 2524 insuper
973 2447 1036 2502 ad
1057 2445 1106 2503 se
1126 2447 1452 2524 pertrahenS.
1496 2449 1727 2503 Arianos
1751 2448 1869 2502 riti-

258 2534 364 2591 bus
383 2531 487 2590 suis
514 2529 802 2587 interdixit.
847 2528 1104 2586 militibus
1139 2527 1396 2605 stipendia
1428 2527 1626 2603 solvere
1649 2526 1869 2593 distulit,

259 2635 441 2692 neque
461 2634 527 2670 eo
549 2614 729 2667 minus
749 2610 931 2666 multis
950 2611 1044 2666 eos
1074 2612 1251 2667 modis
1288 2614 1511 2666 vexavit.
1560 2611 1702 2667 unde
1734 2606 1868 2666 ortae

256 2695 546 2755 seditiones
563 2690 819 2750 immensa
837 2695 972 2749 mala
991 2695 1229 2750 attulere.
1248 2695 1329 2748 Sic
1347 2710 1458 2748 erat
1477 2693 1548 2749 illi
1567 2695 1865 2772 ingenium,

258 2797 322 2838 ut
339 2798 618 2856 nunquam
639 2772 980 2855 praesentibus
1013 2791 1303 2832 contentus
1324 2792 1546 2830 novaret
1565 2773 1768 2851 semper
1789 2792 1872 2829 res

264 2882 325 2918 ac
369 2857 625 2916 novando
677 2853 1050 2913 confunderet.
1091 2858 1236 2912 Italia
1271 2878 1386 2934 quae
1422 2857 1484 2914 ad
1537 2860 1869 2935 provinciam

264 2940 505 3002 Africam
527 2941 667 3020 tripli
694 2937 856 2998 habet
888 2941 1186 3006 rationem,
1218 2940 1391 2996 multo
1426 2940 1587 2999 etiam
1616 2938 1872 3073 desertio&

1802 3038 1830 3073 a
