1888 3428
230 185 348 248 394
548 168 946 225 P-Roco-Pu
1004 162 1552 221 CAEsAREENsrs

224 251 400 309 filium
420 252 534 326 ejus
553 246 795 328 pervenit
811 247 1102 305 Valdarum
1126 285 1143 313 ,
1171 246 1258 301 cui
1276 244 1353 326 ob
1371 259 1610 302 teneram
1628 256 1838 302 ae'tatem

214 351 380 391 tutor
410 332 562 390 datus
595 330 859 388 Audovin
878 369 895 395 ,
928 349 1054 386 cum
1090 348 1151 383 ea
1186 325 1463 385 occasione
1491 324 1724 384 multum
1744 325 1841 385 fibi

225 419 422 473 virium
455 409 877 472 circumdediffet
897 452 911 472 ,
950 432 1080 468 mox
1118 409 1212 467 suo
1244 413 1472 466 nomine
1500 413 1675 467 tenuit
1694 411 1843 488 regi-

225 519 374 566 men,
391 499 542 577 quod
560 495 666 575 ipse
686 515 816 573 puer
834 515 950 551 non
970 495 1145 550 multo
1178 492 1297 570 post
1317 492 1516 548 morbo
1536 491 1843 570 exstingue·
1862 489 1866 491 ⁴

225 599 392 638 retur.
433 598 559 636 orto
582 578 772 635 deinde
789 582 928 633 inter
945 575 1342 656 Langobardos
1363 572 1706 653 Gepidasque
1725 574 1844 630 bel·
1866 594 1869 596 ·

228 665 307 730 10,
328 663 394 720 de
414 683 525 741 quo
544 679 663 718 ante
684 662 886 717 narravi
908 701 923 727 ‚
957 661 1153 738 Ildiges
1183 655 1417 731 affumtis
1448 660 1541 735 qui
1559 655 1732 735 ipsum
1761 655 1844 711 se-

227 747 506 802 cutierant
524 742 893 823 Langobardis
913 783 930 809 ,
965 749 1019 800 &
1051 742 1245 798 Sclavis
1274 740 1465 797 additis
1498 760 1612 795 non
1644 741 1844 818 pauciS‚
1875 783 1882 797 s

227 827 295 885 ad
330 829 572 906 Gepidas
603 830 748 883 venit
786 847 799 881 ε
834 823 1219 903 sperabantque
1243 823 1469 900 Gepidae
1491 842 1617 878 eum
1638 819 1740 878 suis
1759 842 1843 876 ar-

203 913 331 966 'mis
349 913 404 966 in
422 929 651 988 regnum
670 907 885 986 perduci
904 905 1067 986 poffe.
1112 910 1188 962 At
1204 904 1377 962 secuta
1395 926 1520 984 pace
1539 907 1682 960 inter
1701 901 1844 982 ipsos

229 997 283 1048 &a
298 991 688 1071 Langobardos
711 1032 727 1058 ,
754 990 1020 1047 Audovin
1038 986 1065 1046 ὲ
1082 987 1315 1066 Gepidis
1332 1031 1346 1052 ‚
1385 1006 1443 1044 ut
1460 988 1644 1043 amicis
1665 1027 1681 1054 ,
1719 985 1843 1042 dedi

227 1072 323 1131 fibi
344 1074 547 1152 Ildigen
568 1071 816 1150 postulat.
859 1073 935 1129 illi
958 1066 1180 1150 quidem
1211 1069 1415 1127 tradere
1435 1091 1561 1127 eum
1594 1069 1842 1134 noluere,
1867 1090 1875 1101 x

225 1155 591 1230 sedjufferunt
612 1194 628 1219 ,
662 1152 689 1209 ὲ
726 1152 926 1210 finibus
954 1151 1192 1230 ipsorum
1210 1150 1259 1208 se
1279 1155 1680 1230 quamprimum
1702 1171 1844 1229 quo-

226 1260 341 1317 quo
365 1240 521 1295 vellet
539 1238 874 1292 amoliretur.
917 1239 1104 1313 Atque
1137 1238 1183 1290 is
1219 1232 1647 1290 nihilcuncPcatus
1667 1274 1682 1299 ,
1714 1254 1841 1289 cum

227 1324 493 1377 comitatu
525 1317 619 1374 suo
642 1359 659 1386 ,
693 1323 747 1373 ὃς
785 1316 1127 1394 Gepidarum
1162 1317 1478 1373 voluntariis
1518 1314 1841 1393 quibusdam

225 1400 400 1480 ipsum
420 1398 768 1467 se&a11tibUS,
793 1399 856 1455 ad
879 1400 1094 1456 Sclavos
1113 1398 1269 1456 redit.
1301 1418 1400 1454 nec
1416 1398 1491 1453 ibi
1512 1418 1757 1467 manens,
1781 1397 1846 1453 ad

226 1484 475 1544 Totilam
493 1483 543 1540 se
562 1478 917 1561 Gotthosque
938 1479 1150 1539 confert
1171 1503 1184 1536 ι
1204 1483 1498 1537 exercitum
1511 1485 1622 1555 jam
1641 1478 1846 1537 habens

224 1571 343 1625 non
364 1569 544 1624 minus
560 1562 644 1622 sex
665 1565 893 1621 millium
935 1587 949 1622 z
983 1584 1218 1642 cumque
1244 1566 1300 1619 in
1334 1566 1591 1621 Venetias
1625 1561 1675 1618 se
1693 1565 1847 1619 intu-

141 1657 145 1661 ’
225 1648 376 1716 liffet,
392 1670 515 1706 cum
535 1647 716 1705 obviis
728 1648 1132 1709 Romanorum,
1149 1647 1302 1723 queis
1322 1644 1430 1702 dux
1441 1649 1694 1712 LazaruS,
1710 1665 1847 1724 prae-

225 1733 302 1790 lio
330 1728 639 1810 congress'us
658 1771 675 1797 ,
696 1728 838 1785 fudit
856 1749 950 1784 eos
968 1769 985 1796 ,
1021 1729 1201 1784 multis
1219 1732 1272 1783 &
1293 1726 1496 1783 occifis.
1538 1729 1735 1806 Neque
1760 1744 1843 1782 ta-

230 1835 359 1872 men
379 1811 678 1870 Gotthis·se
697 1810 898 1867 addixit
916 1851 932 1877 ,
964 1808 1051 1867 sed
1068 1804 1408 1887 transgressus
1432 1808 1755 1866 Danubium
1777 1809 1842 1867 ad

229 1898 443 1954 Sclavos
460 1894 509 1952 se
529 1895 885 1952 retulit.Dum
907 1892 1017 1949 haec
1030 1912 1147 1971 quae
1163 1896 1275 1965 jam
1288 1891 1395 1948 dixi
1415 1899 1700 1972 geruntur,
1715 1894 1842 1970 qui-

227 1979 349 2036 dam
369 1975 599 2035 Belisarii
623 1975 903 2033 satellitum
926 2016 942 2043 ,
963 1972 1147 2050 Ilauph
1166 1976 1391 2029 nomine
1411 2015 1427 2040 ,
1461 1991 1626 2052 gente
1647 1973 1841 2030 barba-

226 2083 318 2118 rus
336 2102 352 2126 ‚
371 2063 555 2117 animo
574 2058 816 2115 strenuus
834 2097 851 2123 ,
888 2075 938 2114 at
959 2054 1217 2135 praeferox
1239 2060 1291 2112 in
1311 2056 1456 2112 Italia
1474 2056 1617 2113 bello
1636 2074 1843 2135 captuS,

225 2144 292 2202 ad
307 2144 549 2200 Totilam
568 2147 621 2198 δε
644 2139 893 2197 Gotthos
908 2179 924 2205 ,
944 2139 1073 2196 nihil
1092 2157 1402 2216 quanquam
1424 2136 1452 2194 a
1468 2138 1735 2194 Romanis
1751 2139 1843 2196 lae-

225 2226 309 2284 sus
328 2267 345 2294 ,
377 2221 682 2302 transfugit.
723 2224 865 2278 Eum
886 2223 1028 2278 illico
1048 2221 1261 2277 Totilas
1282 2240 1406 2277 cum
1426 2220 1582 2277 bono
1605 2223 1838 2277 militum
1874 2264 1881 2272 ,

227 2312 559 2388 naviumque
594 2325 827 2362 numero
860 2307 915 2359 in
932 2305 1212 2361 Dalmatiae
1236 2322 1387 2358 oram
1408 2302 1567 2359 mifit.
1613 2303 1839 2359 Muicu-
1863 2323 1867 2326 “

225 2411 348 2450 rum
368 2388 459 2446 ubi
481 2395 523 2446 is
541 2389 755 2447 advenit
779 2427 794 2448 ,
826 2390 1159 2443 maritimum
1182 2405 1294 2442 non
1322 2388 1509 2464 procul
1528 2387 1734 2442 Salonis
1751 2387 1840 2442 lo·-

224 2490 350 2529 cum
372 2513 390 2540 ,
422 2474 588 2529 amice
609 2474 843 2550 primu-m
862 2467 1049 2525 versari
1068 2489 1193 2525 cum
1225 2467 1324 2523 illis
1342 2466 1657 2524 hominibus
1675 2469 1836 2544 cepit,
1877 2467 1879 2469 ’

222 2557 541 2613 Romanum
560 2551 610 2611 se
634 2560 686 2610 δέ
706 2550 933 2608 Belisarii
949 2549 1303 2608 domesticum
1323 2547 1623 2626 praeferenS,
1646 2548 1838 2606 deinde

224 2637 407 2697 Ρεϊὶᾶο
432 2653 650 2716 repente
668 2630 850 2712 gladio
869 2674 886 2701 ,
913 2631 1164 2712 juffisque
1194 2633 1337 2688 idem
1358 2629 1525 2689 facere
1543 2635 1638 2711 qui
1656 2632 1838 2689 secum

225 2736 483 2790 venerant
506 2762 520 2782 ,
562 2738 754 2773 omnes
788 2713 1097 2773 obtruncat.
1153 2718 1408 2789 Injecerat
1443 2715 1635 2776 oculos
1664 2720 1719 2771 δε
1752 2714 1836 2769 alii

225 2802 502 2863 maritimo
520 2800 645 2855 loco
665 2820 826 2877 quem
847 2801 1164 2855 Laureatam
1183 2799 1421 2854 Romani
1441 2797 1836 2875 appellantzeoa

227 2906 333 2961 que
357 2886 586 2960 irrupt0‚
611 2884 796 2938 itidem
824 2883 878 2937 in
896 2878 1247 2959 quoscunque
1271 2879 1546 2945 inciderat,
1564 2875 1835 2935 interficit.

228 2967 430 3024 Perlata
442 2964 555 3024 'naec
573 2963 636 3022 ad
661 2962 1042 3032 Claudianum,
1062 2964 1263 3020 Salonis
1282 2965 1373 3041 qui
1396 2956 1612 3042 praeerat
1626 3001 1642 3029 ,
1661 2958 1834 3018 fecere

1776 3055 1836 3094 ut
