1888 3428
339 244 343 245 ff
446 196 495 254 E
574 199 607 252 12
688 213 724 252 o
806 214 844 251 G
925 214 949 252 1
1027 193 1084 253 Αᾴ
1485 228 1488 230 v

29 298 144 342 tam
162 320 181 350 ‚
209 268 541 338 Germanico
563 274 767 336 Caesare
784 276 862 334 ibi
879 274 1126 335 classibus
1144 268 1257 335 rem
1274 220 1517 357 reg'enisei

31 361 368 424 Austraviam
388 359 673 420 &Barbaris
691 359 906 419 diffam.

266 550 268 552 ι
327 498 540 566 Ibidem
580 511 641 563 C.
661 492 728 565 vg
764 496 835 561 de
852 496 1228 566 adamante).

127 643 482 702 Metrodorus
519 641 762 720 Sceptius
801 642 859 696 in
895 639 1081 697 eadem
1129 640 1426 699 Germania
1457 643 1516 699 in

29 727 194 784 Baitia
212 724 377 783 insula
394 721 550 791 nasci,
565 725 621 779 in
645 742 750 801 qua
768 727 821 779 &
840 719 1133 780 succinum.

236 905 298 957 C.
324 892 607 960 Cornelius
627 897 685 956 T
676 894 851 957 acitus
886 890 956 955 de
985 897 1305 958 Germania.
1548 923 1710 982 gen-ptus
1731 924 1780 962 Π-

111 1013 288 1071 Trans
304 1017 505 1095 Lygios
524 1013 844 1073 Gotthones
865 1033 1157 1095 regnantur
1173 1055 1189 1082 ‚
1226 1013 1386 1094 paulo
1398 1017 1513 1091 jam
1547 981 1748 1075 ξξὲῗέἷξῖιῗ

28 1095 288 1154 ειᾶἀίἃὶιιε
305 1118 467 1176 quam
487 1116 681 1156 caeterae
704 1097 1109 1154 Germanorum
1128 1115 1318 1177 gentes
1338 1136 1352 1157 ,
1373 1116 1515 1152 non·
1546 1093 1717 1167 Tssajani’
1758 1104 1783 1120 s

28 1178 161 1235 dum
182 1196 360 1237 tamen
396 1180 547 1261 supra
577 1179 899 1238 libertatem.
944 1182 1196 1257 protinus
1224 1178 1417 1236 deinde
1450 1177 1516 1234 ab
1546 1162 1721 1242 {³2¹ssssss

32 1260 259 1316 Oceano
294 1263 502 1340 Rugii,
541 1265 902 1319 &Lemoviit
944 1264 1307 1339 omniumque
1326 1259 1517 1318 harum
1549 1259 1696 1298 ChristO
1715 1272 1780 1352 ¹¹13*

31 1344 282 1420 gentium
303 1342 508 1424 insigne
529 1381 547 1410 ‚
579 1341 722 1400 scuta
742 1383 760 1409 ,
795 1343 984 1401 breves
1003 1343 1195 1422 gladii,
1218 1350 1272 1399 δε
1291 1364 1416 1423 erga
1435 1364 1518 1399 re-
1549 1328 1731 1412 ffiugssnoe
1749 1329 1781 1354 ²⁹

30 1444 128 1501 ges
163 1422 504 1503 obsequium.
548 1427 815 1482 Suionum
847 1425 970 1482 hinc
1004 1428 1245 1482 civitates
1266 1466 1282 1491 ,
1316 1424 1430 1503 ipso
1464 1428 1521 1481 in
1678 1437 1681 1441 ’

33 1504 284 1571 Ocean0,
302 1524 490 1584 praeter
506 1508 649 1565 viros
669 1527 920 1584 armaque
939 1506 1183 1564 claffibus
1203 1508 1396 1565 valent.
1411 1503 1524 1564 for-

32 1607 121 1644 ma
139 1590 355 1643 navium
376 1607 442 1642 eo
474 1584 684 1653 differt,
719 1587 869 1665 quod
891 1590 1164 1666 utrimque
1194 1608 1354 1665 prora
1371 1608 1523 1666 para-

33 1687 144 1725 tam
177 1665 382 1747 semper
409 1665 648 1746 appulsui
681 1665 923 1724 frontem
961 1673 1104 1747 agit:
1150 1690 1250 1725 nec
1270 1672 1398 1727 velis
1418 1673 1526 1726 mi-

32 1747 346 1814 nistrantur,
384 1771 485 1808 nec
507 1770 687 1807 remos
707 1752 762 1806 in
782 1750 1028 1807 ordinem
1059 1751 1312 1808 lateribus
1333 1752 1526 1828 adjun-

33 1830 441 1912 gunt.solutum
461 1871 479 1899 ,
501 1834 636 1890 utin
656 1830 977 1911 quibusdam
998 1831 1310 1901 fluminum,
1329 1840 1383 1892 δε
1398 1855 1526 1892 mua

33 1914 196 1972 tabile
214 1957 231 1984 ‚
259 1933 319 1972 ut
340 1935 421 1972 res
439 1913 610 1995 poscit
628 1956 647 1984 ‚
673 1915 798 1972 hinc
817 1916 900 1973 vel
919 1917 1060 1973 illinc
1080 1918 1388 1995 remigium.
1432 1914 1525 1972 Est

35 1996 176 2075 apud
194 1998 313 2055 illos
344 2004 397 2055 ὃς
428 1997 627 2077 opibus
659 1997 876 2054 honos:
919 2019 1096 2078 eoque
1117 2018 1256 2055 unus
1276 2002 1523 2076 imperat,

36 2079 196 2137 nullis
217 2085 327 2157 jam
363 2079 774 2160 exceptionibus
811 2121 827 2147 ‚
871 2102 985 2137 non
1016 2083 1252 2161 precario
1279 2085 1398 2157 jure
1429 2102 1526 2161 pa-

23 2160 207 2218 rendi.
250 2183 347 2220 nec
368 2182 511 2219 arma
533 2204 549 2230 ‚
585 2180 643 2219 ut
674 2163 816 2241 apud
836 2181 1053 2220 caeteros
1090 2165 1434 2231 GermanOS,
1468 2165 1524 2218 in

37 2242 343 2323 promiscuo
358 2287 376 2309 ‚
411 2243 496 2302 sed
515 2244 681 2303 clausa
698 2244 792 2302 sub
812 2243 1032 2304 custode
1050 2287 1067 2314 ,
1105 2253 1158 2302 δε
1182 2246 1402 2325 quidem
1422 2245 1527 2303 ser-

0 2400 7 2405 ⁷
40 2346 145 2382 vo:
188 2329 312 2405 quia
329 2326 533 2384 subitos
553 2326 789 2385 hostium
809 2327 1046 2386 incursus
1077 2327 1330 2408 prohibet
1347 2330 1529 2385 Ocea-

42 2428 174 2465 nus:
215 2409 398 2467 otiosae
430 2431 594 2490 porro
627 2429 954 2468 armatorum
990 2433 1178 2468 manus
1209 2406 1359 2468 facile
1380 2408 1528 2468 lasci-

42 2490 213 2558 viunt.
233 2495 513 2550 enimvero
532 2514 709 2572 neque
730 2493 991 2560 nobilem,
1008 2515 1184 2573 neque
1202 2496 1526 2573 ingenuum,

13 2623 17 2625 i
43 2593 221 2652 neque
249 2574 588 2632 Libertinum
610 2577 832 2655 quidem
861 2579 1020 2633 armis
1051 2597 1363 2655 praeponere
1380 2615 1398 2641 ,
1443 2595 1527 2631 re-

45 2658 131 2732 gia
149 2656 345 2713 utilitas
363 2655 450 2714 est.
494 2660 673 2716 Trans
699 2661 927 2716 Suionas
945 2659 1084 2735 aiiud
1103 2679 1246 2716 mare
1263 2698 1281 2725 ,
1308 2662 1527 2737 pigrum

48 2755 107 2792 ac
125 2757 289 2817 prope
319 2742 615 2798 immotum
641 2783 658 2810 ‚
694 2763 807 2820 quo
839 2743 981 2821 cingi
1001 2740 1250 2820 cludique
1270 2757 1527 2798 terrarum

49 2816 239 2875 orbem
258 2818 380 2878 hinc
397 2820 528 2880 fides
549 2864 565 2890 ‚
607 2823 756 2903 quod
775 2842 1046 2880 extremus
1065 2823 1298 2881 cadentis
1310 2829 1421 2900 jam
1440 2819 1529 2877 so·-

49 2898 114 2955 lis
130 2897 308 2981 fulgor
334 2905 391 2959 in
408 2923 562 2962 ortus
581 2907 766 2964 edurat
784 2947 799 2973 ‚
832 2906 967 2962 adeo
985 2906 1154 2963 clarus
1175 2924 1233 2962 ut
1257 2904 1419 2961 fidera
1435 2901 1531 2957 he-

50 2977 219 3061 betet.
265 2987 471 3043 Sonum
491 2985 701 3070 insuper
718 2988 1046 3067 emergentis
1070 2988 1270 3048 audiri,
1304 2980 1530 3043 formas-

590 3086 593 3089 ’
867 3091 894 3125 e
944 3090 969 3145 5
1424 3083 1530 3143 que
