1888 3428
41 203 44 206 .
154 146 156 152 ’
215 159 613 229 HisToRuz
653 160 1118 217 VANDALICAE
1156 164 1311 218 LIB.
1344 165 1420 220 11.
1441 158 1465 183 '²’
1551 183 1662 241 129

51 240 262 301 bantur.
306 239 402 300 sub
416 239 499 296 his
520 258 630 299 tam
650 238 839 298 diverfi
860 243 1025 297 animi
1043 240 1274 298 ducibus
1292 243 1510 321 petebat
1531 248 1665 304 Car-

50 324 322 405 thaginem
372 322 696 381 Maurorum
745 325 1030 379 exercitus·
1092 323 1418 382 Areobindo
1470 348 1661 387 necem

45 405 281 463 struebat
316 403 648 464 Gontharis:
693 402 779 463 sed
804 425 870 461 ne
892 402 1123 462 affec‘stati
1157 410 1312 485 regni
1344 406 1657 468 manifestus

45 484 198 544 fieret
213 529 232 554 ‚
253 490 307 543 in
327 484 433 566 ipsa
450 492 559 545 acie
579 489 707 545 dolo
729 507 841 543 rem
858 485 1126 544 conficere
1145 487 1441 545 destinabat
1463 528 1479 550 ‚
1519 509 1577 546 ut
1603 514 1661 547 a·-

42 570 241 627 liorum
263 570 486 648 quidem
513 571 856 627 crederentur
867 565 1020 626 fuiffe
1043 572 1099 626 in
1118 570 1312 626 ducem
1334 570 1528 630 infidiae
1548 613 1565 639 ,
1606 572 1656 630 se

42 669 224 709 autem
254 651 318 708 ad
338 649 533 708 Africae
553 655 840 729 imperium
864 669 1080 708 vocaret
1107 655 1389 710 exercitus,
1436 675 1531 710 ore
1550 659 1657 734 igi-

41 753 126 791 tur
144 740 197 790 &
212 731 458 790 sermone
478 733 541 790 ad
560 732 855 791 fallendum
876 733 1183 811 composito
1202 777 1219 801 ,
1256 739 1450 793 excitat
1466 739 1655 793 Areo-

40 815 267 873 bindum
287 856 301 876 ‚
319 814 471 872 simul
494 819 625 872 utin
646 816 855 894 hostem
877 835 998 872 eant
1016 815 1135 873 satis
1149 822 1257 891 jam
1276 823 1654 897 propinquum

40 897 374 979 Carthagini,
437 894 654 955 Placuit*
678 899 891 976 postero
929 920 1085 955 mane
1121 920 1233 955 rem
1270 903 1507 979 aggredi.
1571 906 1652 959 At

38 979 389 1037 Areobindus
408 983 677 1058 imperitia
698 981 842 1047 belli,
861 1003 926 1037 an
947 978 1243 1039 formidine
1260 1025 1276 1050 ‚
1300 1002 1488 1060 praeter
1505 1003 1650 1041 tem-

23 1083 134 1141 pus
148 1063 515 1119 ennoiabatur.
552 1064 685 1121 dum
705 1064 970 1120 consultat
987 1059 1102 1143 quae
1121 1085 1265 1121 arma
1286 1072 1340 1121 ὃς
1356 1066 1648 1144 quomodo

32 1144 222 1203 induat
245 1189 258 1208 ‚
298 1144 429 1200 dum
466 1147 691 1202 molitur
726 1150 929 1202 exitum
951 1185 967 1209 ,
1007 1168 1123 1224 pars
1159 1153 1331 1221 major
1352 1150 1457 1206 diei
1489 1148 1641 1205 abiit.

30 1231 216 1304 Itaque
237 1229 293 1282 in
328 1227 490 1282 alium
512 1230 684 1284 rursus
718 1228 862 1284 diem
899 1249 1012 1285 rem
1034 1233 1304 1307 prolatans
1326 1234 1573 1308 quietum
1593 1230 1645 1287 se

30 1311 229 1365 tenuit.
276 1306 578 1364 Gontharis
599 1308 848 1365 consulto
872 1331 1048 1366 moras
1068 1331 1195 1368 eum
1232 1315 1446 1370 ne&ere
1477 1332 1644 1380 ratuS,

31 1388 113 1446 his
129 1412 246 1468 quae
261 1391 394 1446 clam
412 1394 607 1469 agitata
624 1387 837 1449 fuerant
854 1395 1087 1472 cognitis
1115 1435 1133 1461 ‚
1163 1393 1443 1454 constituit
1465 1394 1646 1472 praefi-

31 1470 180 1529 dium
205 1470 270 1528 ab
292 1472 506 1529 audacia
526 1476 791 1539 mutuari,
833 1494 1123 1556 apertaque
1163 1481 1286 1536 vi&
1318 1477 1510 1533 ducem
1530 1497 1641 1538 tru-

26 1554 199 1611 cidare
218 1560 272 1611 &
291 1554 637 1611 dominatum
655 1555 1109 1634 invadere.itaque
1128 1578 1245 1614 orta
1263 1558 1346 1614 die
1364 1558 1474 1616 haec
1491 1565 1603 1640 agit
1617 1586 1633 1617 :

24 1640 218 1714 apertis
253 1638 420 1714 portis
439 1657 668 1715 quarum
697 1636 793 1714 ipfi
830 1636 1069 1694 custodia
1087 1639 1425 1696 obvenerant
1450 1682 1467 1708 ,
1504 1645 1559 1697 in
1578 1643 1640 1698 li-

24 1720 170 1774 mine
184 1715 297 1774 saxa
312 1721 467 1794 ponit
483 1718 795 1798 grandia‚ne
813 1719 1095 1777 claudendi
1111 1723 1265 1801 copia
1283 1719 1640 1780 effet.multos

26 1818 277 1878 praeterea
297 1798 548 1858 homines
567 1801 840 1868 loricat05‚
859 1800 1145 1860 instructos
1163 1803 1413 1873 arcubus,
1427 1805 1492 1862 ad
1512 1809 1639 1883 pin*

23 1902 116 1938 nas
142 1885 406 1938 moenium
439 1880 735 1940 constituit,
781 1882 892 1961 Ipse
929 1884 1115 1943 itidem
1151 1887 1372 1943 loricam
1408 1886 1501 1944 ind
1512 1907 1636 1945 utus

22 1963 192 2021 'stabat
225 1964 398 2022 media
431 1971 489 2024 in
527 1985 698 2044 porta.
755 1967 954 2044 Neque
988 1965 1100 2024 haec
1134 1969 1257 2026 ideo
1300 1968 1537 2048 agitabat
1571 1989 1632 2027 ut

25 2045 254 2104 Mauros
287 2049 426 2117 intra
458 2048 650 2106 urbem
683 2051 956 2124 acciperet.
1001 2049 1233 2108 infidum
1266 2056 1413 2108 enim
1446 2052 1632 2111 Mauri

21 2148 192 2208 genus
210 2131 443 2188 multum
465 2132 520 2186 in
553 2151 748 2187 omnes
777 2128 1166 2208 suspicionibus
1186 2133 1490 2212 indulgent.
1528 2156 1630 2191 ne-

21 2232 128 2290 que
155 2210 208 2267 id
227 2214 434 2269 ratione
453 2231 613 2269 caret.
647 2210 886 2292 quisquis
904 2219 1048 2271 enim
1071 2213 1278 2294 perfido
1299 2220 1354 2273 in
1384 2218 1514 2273 alios
1551 2215 1628 2274 est

21 2296 239 2372 ingenio
257 2336 273 2361 ,
305 2293 494 2351 adduci
515 2316 629 2351 non
649 2295 821 2372 potest
840 2314 900 2352 ut
920 2295 1046 2353 fidat
1064 2299 1230 2364 alteri,
1245 2296 1330 2355 sed
1349 2303 1626 2357 neminem

20 2395 134 2431 non
152 2373 449 2454 suspecOcum
466 2376 662 2434 habere
679 2381 913 2455 cogitur,
928 2379 993 2436 de
1009 2378 1112 2436 suis
1131 2380 1375 2437 moribus
1395 2386 1623 2438 metiens

18 2458 230 2514 alienos.
279 2480 441 2537 quare
461 2480 559 2516 nec
589 2459 817 2516 Mauros
853 2461 1183 2518 existimabat
1201 2463 1502 2519 Gontharis
1521 2486 1623 2521 eo-

19 2537 183 2618 usque
217 2538 312 2597 fibi
343 2541 676 2610 crediturOS,
714 2561 771 2598 ut
790 2547 1288 2608 maeniaintrarent:
1332 2544 1419 2601 sed
1438 2551 1622 2602 Areo-

15 2618 242 2677 bindum
272 2621 508 2700 sperabat
526 2627 731 2704 ingenti
752 2647 951 2701 pavore
972 2631 1266 2683 attonitum
1293 2626 1511 2684 consilia
1531 2650 1619 2685 ca-

14 2720 236 2780 pturum
253 2700 394 2784 fugae
414 2746 430 2773 ‚
445 2704 734 2786 subitoque
754 2710 929 2763 reli6m
949 2709 1275 2790 Carthagine
1295 2713 1618 2787 Byzantium

13 2804 441 2862 properat-urum.
489 2790 608 2845 Nec
627 2790 863 2846 multum
883 2788 910 2844 ἆ
937 2812 1065 2847 vero
1082 2792 1264 2848 abibat
1282 2794 1618 2865 conjeemra,

11 2863 109 2921 nisi
129 2864 311 2942 hyems
329 2866 708 2928 interceffiffet.
751 2871 1102 2931 Areobindus
1121 2892 1259 2930 'vero
1279 2915 1292 2935 ‚
1325 2878 1615 2953 compertis

11 2965 127 3035 qua}
149 2946 348 3036 fiebant
365 2992 386 3026 ,
418 2952 774 3036 Athanasium
799 2953 1033 3034 aliosque
1070 2955 1098 3014 ἐ
1123 2956 1453 3036 primoribus
1483 2955 1546 3010 ad
1566 2953 1635 3008 se.)

34 3054 49 3064 ⁸
902 3039 926 3093 Ι
1439 3055 1614 3096 vocat.
