1888 3428
0 207 1 240 ÷
216 157 646 217 Go‘r‘rnlcffl
686 150 1094 210 H1s‘rourffi
1132 150 1418 209 L1ss.1V.
1513 166 1635 225 427

0 241 127 304 'vbi
150 263 318 323 prope
341 241 531 298 maenia
549 238 699 297 venit
712 234 855 292 idem
873 228 1082 287 flumen
1102 270 1119 297 ,
1140 231 1407 309 oppidum
1426 231 1637 299 circuit,

12 325 359 405 impletisque
379 339 636 402 aquarum
657 313 1057 393 conceptaculis
1093 317 1236 378 exit,
1270 332 1447 390 neque
1469 313 1639 391 longe

14 407 281 468 maenibus
301 410 356 462 in
374 404 585 462 hiatum
606 419 754 459 terrae
778 395 1018 454 incidens
1040 414 1288 474 apparere
1309 393 1516 450 desinit.
1559 395 1639 451 Ea

14 511 219 570 vorago
238 509 351 547 non
371 488 436 544 ab
456 487 690 564 antiquis
707 480 782 538 ibi
812 476 1155 558 temporibus
1171 474 1277 533 fuit
1300 516 1316 543 ‚
1351 475 1438 532 sed
1458 476 1637 533 multo

14 570 137 652 post
169 589 325 629 enata
357 569 430 627 est
451 611 468 637 ‚
516 586 680 647 quam
715 560 982 643 oppidum
1024 558 1354 617 exstruxerat
1388 559 1638 636 princeps

13 652 324 713 Anastasius
343 694 360 722 ,
395 650 585 730 sponte
600 645 688 705 sua
707 648 916 723 optime
950 641 1158 722 oppido
1194 637 1506 698 consulente
1541 661 1640 695 na-

14 754 132 796 tura
156 759 169 793 :
206 739 406 816 quippe
426 731 549 790 cum
568 729 692 787 inde
713 728 926 787 eveniat
959 742 1021 783 ut
1051 726 1226 780 Daras
1267 719 1508 778 obsidere
1542 742 1640 800 pa-

11 818 258 877 rantibus
278 835 538 897 aquarum
553 810 762 892 ‘egestas
775 810 1078 867 immineat.
1119 807 1304 881 Hujus
1320 807 1639 861 tentamenti

11 905 193 960 irritus
213 942 229 969 ,
266 917 327 958 ut
357 914 628 955 narratum
650 892 725 949 est
757 892 915 956 alibi,
957 888 1234 947 Chosroes
1265 908 1395 943 mox
1432 889 1639 966 cogitat

12 981 220 1043 etiamfi
254 980 405 1060 quod
436 977 578 1036 aliud
601 975 867 1055 oppidum
906 975 1172 1030 Romanae
1195 970 1420 1027 ditionis
1452 989 1639 1048 capere

15 1064 204 1145 postet,
229 1079 411 1121 tamen
425 1059 540 1118 fieri
557 1060 780 1137 nequire
800 1075 859 1113 ut
881 1056 1090 1113 medios
1106 1056 1245 1111 inter
1260 1050 1439 1107 hostes
1463 1049 1639 1107 confi-

10 1147 170 1206 steret
190 1183 206 1211 ‚
242 1162 330 1202 tot
346 1164 540 1202 eorum
560 1142 916 1199 munimentis
937 1137 963 1194 ὲ
984 1155 1140 1215 tergo
1162 1134 1375 1192 reliffis.
1417 1135 1561 1190 Nam
1583 1139 1640 1191 δε

12 1228 236 1288 antehac
254 1249 316 1284 ea
344 1224 450 1305 ipsa
464 1225 530 1284 de
548 1222 697 1282 causa
716 1218 1070 1278 Antiochiam
1090 1239 1216 1274 cum
1237 1217 1424 1273 nactus
1442 1213 1566 1271 effet
1582 1219 1640 1271 in

11 1312 159 1371 suam
179 1307 504 1390 potestatem
526 1347 544 1374 ‚
576 1304 709 1362 urbe
726 1301 974 1360 funditus
991 1301 1166 1357 diruta
1187 1340 1202 1366 ,
1236 1300 1506 1355 Romanis
1524 1315 1642 1353 ter·-

11 1397 85 1453 ris
102 1389 402 1451 excesserat.
443 1386 740 1467 Postquam
759 1386 849 1442 diu
870 1381 1093 1441 consilio
1113 1379 1494 1447 fimftuaverat,
1514 1395 1639 1436 tan-

10 1477 139 1536 dem
153 1474 266 1554 spes
284 1473 698 1554 longinquiores
720 1469 972 1545 concipit,
994 1465 1060 1522 ad
1078 1484 1158 1521 res
1173 1461 1377 1521 viribus
1396 1460 1498 1518 suis
1519 1482 1639 1518 ma·-

5 1565 155 1637 jores
176 1556 386 1632 adjec'to
407 1557 612 1611 animo,
637 1548 788 1606 Cum
808 1554 954 1605 enim
972 1543 1141 1605 fando
1159 1540 1403 1602 audiiffet
1425 1564 1520 1600 eos
1539 1546 1638 1622 qui

9 1641 74 1699 ad
100 1639 469 1721 pontiEuxini
486 1637 614 1691 laeva
630 1632 840 1703 barbari
873 1629 1124 1708 paludem
1159 1624 1480 1684 Maeotidem
1500 1623 1637 1683 adfi-

9 1724 141 1782 dent
161 1726 385 1799 impune
405 1721 460 1774 in
483 1719 772 1774 Romanos
790 1711 925 1768 fines
944 1707 1185 1767 incursus
1203 1705 1375 1764 facere
1392 1748 1408 1774 ‚
1426 1711 1637 1787 putavit

13 1811 68 1864 δε
86 1802 252 1862 Perfis
265 1841 281 1867 ‚
300 1803 549 1858 Lazicam
567 1796 603 1854 fi
623 1812 868 1854 tenerent
890 1834 903 1855 ‚
941 1809 1222 1870 promtum
1244 1788 1360 1846 fore
1376 1786 1476 1847 suo
1493 1789 1637 1846 arbi-

11 1904 156 1945 tratu
175 1886 258 1946 vel
275 1885 593 1962 Byzantium
615 1878 780 1958 usque
798 1894 1076 1955 penetrare
1093 1916 1109 1942 ‚
1129 1871 1390 1952 nusquam
1408 1874 1636 1946 trajecto

11 1971 179 2030 mari,
207 1964 488 2046 praesertim
509 1961 628 2042 post
663 1979 748 2018 tot
782 1963 942 2017 etiam
983 1959 1204 2014 aliarum
1235 1955 1635 2012 barbaricarum

11 2054 263 2133 gentium
301 2050 560 2126 exempla.
603 2044 732 2101 Hoc
768 2045 916 2121 praeci
926 2061 1028 2119 pue
1064 2042 1204 2096 moti
1235 2035 1397 2094 Persae
1430 2040 1633 2099 Lazicae

13 2130 388 2214 poffeffionem
424 2123 892 2206 concupiscebant.
940 2121 1042 2178 Sed
1076 2142 1183 2202 ego
1224 2119 1367 2177 unde
1402 2119 1636 2178 diverte-

12 2238 125 2276 ram
142 2256 157 2283 ,
177 2237 244 2273 eo
262 2212 568 2270 sermonem
590 2206 785 2265 refero,
829 2204 1131 2262 Chorianes
1151 2210 1203 2262 δέ
1219 2222 1345 2259 cum
1366 2222 1433 2259 eo
1452 2200 1636 2260 Persa==

13 2320 135 2359 rum
151 2299 412 2355 exercitus
441 2292 505 2351 ad
535 2287 972 2371 Hippin-fiumen
993 2286 1154 2345 castra
1185 2283 1473 2343 habebant.
1519 2306 1633 2364 quo

16 2380 274 2441 Gubazes
294 2380 520 2457 cognito
542 2416 558 2443 ‚
595 2371 937 2430 Colchorum
970 2389 1063 2428 rex
1086 2410 1103 2435 ,
1145 2375 1201 2426 &
1232 2371 1328 2447 qui
1346 2370 1635 2426 Romanos

15 2464 215 2523 milites
233 2460 452 2542 regebat
468 2454 832 2539 Dagisthaeu3‚
851 2453 1133 2511 communi
1156 2449 1378 2508 consilio
1398 2492 1415 2518 ,
1438 2447 1636 2508 utrius-

19 2568 125 2626 que
139 2547 318 2626 gentis
338 2542 577 2600 educunt
602 2540 897 2596 exercitum
919 2578 936 2605 ‚
971 2557 1027 2593 ac
1050 2576 1066 2602 ,
1102 2531 1389 2614 postquam
1423 2531 1634 2590 flumen

16 2630 230 2707 Hippin
248 2623 558 2685 transierant
574 2663 589 2685 ,
608 2618 895 2699 ambigunt
914 2662 931 2689 ‚
951 2621 1148 2698 quietis
1165 2614 1261 2673 fibi
1278 2613 1518 2672 hostium
1539 2635 1636 2672 ex-

17 2710 246 2790 spefflsare
265 2705 535 2766 incursum
555 2706 749 2762 reffius
768 2699 911 2759 foret
927 2745 942 2767 ‚
980 2722 1047 2758 an
1066 2701 1208 2757 ultro
1229 2700 1286 2754 in
1305 2718 1401 2755 eos
1422 2699 1499 2755 ire
1516 2736 1534 2765 ,
1573 2713 1635 2759 ut

18 2795 215 2852 virium
236 2791 460 2859 ¹suarum
498 2787 749 2846 fiduciam
791 2784 964 2864 palam
993 2779 1300 2863 praeferrent
1319 2820 1336 2848 ‚
1381 2776 1634 2836 ostende-

17 2892 245 2955 rentque
272 2871 516 2931 hostibus
552 2890 715 2948 quam
752 2887 843 2924 eos
864 2888 978 2923 non
1003 2880 1306 2922 metuerent
1327 2901 1343 2928 ‚
1379 2881 1436 2917 ac
1457 2856 1632 2916 ficase

17 2953 165 3026 faC’to
185 2954 462 3040 pugnandi
482 2957 637 3023 initio
659 2953 868 3021 aiiimos
886 2951 1106 3014 illorum
1122 2942 1478 3022 infringerent
1501 2963 1515 2998 ε
1537 2941 1635 2998 Vi-

1558 3038 1630 3079 c1t
