1888 3428
259 183 376 241 140
587 165 1585 221 PRocoPu'CAEsAREENsm

251 245 467 303 tertiam
496 241 563 300 ab
596 244 785 302 Oreste
818 243 921 300 suis
951 243 1130 302 usibus
1147 243 1406 324 assignari.
1450 264 1564 300 non
1584 239 1854 301 assentienss

253 345 367 383 tem
390 366 404 388 ,
432 326 539 383 fine
560 348 712 383 mora
732 323 1136 383 interfecerunt.
1175 327 1302 380 Erat
1333 325 1683 382 barbarorum
1716 346 1857 387 unus

255 400 508 466 Odoacer
529 411 751 464 nomine
767 448 786 473 ,
823 411 1166 487 Imperatoris
1188 405 1432 463 satellitio
1452 406 1697 464 accensus
1715 447 1732 473 ‚
1762 409 1859 484 qui

250 488 301 548 se
321 489 677 567 praestiturum
704 494 867 568 petita
887 489 1128 567 promisit
1149 529 1164 550 ‚
1198 486 1232 544 fi
1255 510 1348 566 per
1363 487 1504 566 ipsos
1523 491 1733 567 imperii
1753 508 1858 566 po-

251 574 460 628 tiretur.
500 573 644 627 Eum
680 575 733 627 in
755 572 981 629 modum
997 577 1083 645 jus
1101 570 1370 628 summum
1389 570 1611 647 adeptus
1628 610 1644 635 ,
1680 575 1860 648 Impe-

251 656 419 710 ratori
440 673 552 708 non
573 654 708 708 ultra
727 655 922 710 nocuit
943 692 960 718 ‚
977 675 1140 732 quam
1162 652 1312 731 quod
1329 655 1594 731 in'privati
1611 651 1859 708 ordinem

252 756 378 793 eum
399 734 673 791 redactum
695 735 813 812 post
830 735 883 792 id
901 734 1154 792 haberet:
1186 737 1448 813 tertiaque
1468 753 1723 814 agrorum
1740 752 1860 811 par-

251 835 306 874 te
323 814 598 882 distributa
615 856 631 883 ,
648 814 902 872 barbaros
921 839 986 874 eo
1008 814 1275 873 beneficio
1294 819 1365 873 ita
1384 814 1478 872 fibi
1494 816 1736 874 devinxit
1756 854 1771 874 ‚
1799 831 1861 869 ut

253 897 440 955 decem
460 918 552 976 per
572 918 741 954 annos
760 901 1046 976 imperium
1065 901 1318 957 tenuerit.
1358 898 1562 955 Eadem
1580 893 1862 974 tempesta-

254 996 308 1036 te
326 978 529 1037 Gotthi
548 1020 563 1041 ‚
592 986 686 1057 qui
706 1001 870 1037 conce
880 978 954 1047 ffu
986 983 1329 1058 Imperatoris
1347 978 1634 1036 Thraciam
1651 977 1862 1034 habita-

253 1060 407 1122 bant,
424 1081 568 1117 arma
583 1065 638 1116 in
658 1064 941 1119 Romanos
957 1062 1255 1120 sumserunt
1269 1102 1286 1128 ‚
1306 1060 1690 1119 Theudericho
1708 1060 1877 1124 duce,-

254 1144 351 1220 qui
379 1148 434 1199 &
468 1142 533 1199 ad
565 1145 867 1220 patriciatus
900 1143 1169 1202 honorem
1202 1151 1255 1201 &
1286 1143 1350 1201 ad
1379 1143 1673 1201 consulares
1704 1140 1865 1200 fasces

252 1225 498 1302 Byzantii
533 1243 860 1301 pervenerat.
902 1228 980 1281 At
1013 1231 1165 1282 Zeno
1196 1231 1497 1302 Imperator
1515 1265 1532 1292 ‚
1561 1244 1760 1305 gnarus
1777 1243 1864 1279 re-

254 1304 360 1362 bus
379 1309 455 1362 uti
477 1321 536 1360 ut
561 1304 760 1362 dabant
778 1325 1024 1384 tempora
1042 1344 1058 1372 ‚
1090 1305 1476 1364 Theudericho
1498 1305 1746 1363 hortator
1768 1304 1883 1371 est,

252 1404 317 1443 ut
330 1389 387 1442 in
408 1388 611 1443 Italiam
628 1388 750 1454 iret,
769 1387 1139 1467 Odoactoque
1154 1388 1385 1464 dejectO,
1399 1385 1493 1445 fibi
1511 1386 1616 1466 ipse
1636 1408 1692 1445 ac
1709 1389 1862 1444 Got-

253 1466 359 1524 this
377 1486 578 1546 pararet
606 1469 924 1527 Occidentis
941 1491 1190 1550 regnum.
1235 1473 1459 1550 Quippe
1477 1470 1633 1527 satius
1650 1470 1865 1527 homini

250 1551 311 1605 in
329 1548 572 1606 senatum
590 1552 779 1607 ειΙΙεᾶο
795 1594 809 1615 ,
841 1552 1035 1610 Romae
1053 1572 1212 1631 atque
1231 1556 1371 1609 Italis
1391 1550 1647 1631 imperare
1664 1592 1680 1617 ‚
1715 1556 1863 1609 inva-

251 1628 371 1688 sore
403 1629 553 1710 pulso
571 1670 588 1695 ,
622 1653 786 1709 quam
818 1653 961 1689 arma
988 1637 1044 1689 in
1073 1640 1454 1711 Imperatorem
1477 1655 1600 1689 cum
1620 1635 1862 1712 periculo

257 1714 502 1790 experiri..
546 1730 760 1789 accepta
779 1715 1097 1771 conditione
1115 1754 1129 1775 2
1164 1713 1568 1773 Theuderichus
1589 1715 1862 1793 sequenti—

258 1791 360 1850 hus
394 1792 443 1850 se
476 1792 705 1856 Gotthis
732 1796 934 1852 Italiam
978 1800 1140 1874 petit.
1201 1795 1571 1874 Imposuerant
1616 1796 1860 1854 curribus

255 1876 508 1935 mulieres
526 1873 826 1954 puerosque
843 1917 859 1943 ,
892 1881 945 1939 <Sc
976 1897 1238 1955 quantum
1257 1875 1380 1935 ferri
1402 1896 1612 1956 poterat
1634 1878 1859 1957 supelle—

255 1957 415 2034 etius.
458 1958 549 2019 Ad
566 1958 783 2015 Ionium
803 1980 945 2016 mare
965 1978 1023 2016 ut
1041 1977 1296 2016 venerant
1312 2001 1329 2027 ‚
1350 1957 1587 2017 destituti
1605 1961 1670 2016 ad
1686 1974 1860 2018 trans-

253 2037 563 2099 vehendum
582 2038 807 2097 navibus
828 2081 843 2102 ,
861 2061 1010 2097 oram
1029 2041 1299 2098 obeuntes
1316 2041 1380 2098 ad
1398 2044 1720 2100 Taulantios
1734 2040 1860 2100 fini-

254 2118 515 2199 timasque
534 2138 721 2199 gentes
740 2143 1117 2200 pervenerunt.
1160 2128 1255 2203 qui
1287 2144 1409 2181 cum
1433 2124 1691 2182 Odoacro
1710 2142 1860 2182 erant

255 2206 314 2259 in
333 2200 613 2258 occursum
633 2224 758 2259 cum
776 2201 825 2260 se
844 2202 1076 2275 tulissent
1096 2246 1112 2272 ‚
1151 2206 1337 2284 praeliis
1358 2207 1562 2286 aliquot
1581 2208 1706 2266 victi
1726 2248 1742 2269 ‚
1759 2205 1858 2264 suo

256 2304 383 2346 cum
402 2283 536 2344 duce
550 2283 819 2346 Ravennae
836 2284 937 2344 sese
957 2293 1012 2343 &
1033 2290 1141 2345 aliis
1155 2291 1355 2351 circum
1372 2291 1524 2356 locis,
1539 2310 1657 2367 quae
1678 2294 1874 2347 muni-v

253 2385 310 2424 ta
326 2367 557 2423 maxime
575 2406 593 2433 ,
608 2365 881 2434 inclusere.
923 2367 1252 2427 Obfidentes
1269 2369 1472 2427 Gotthi
1493 2373 1595 2428 alia*
1606 2374 1714 2429 aliis
1735 2393 1860 2431 mo-

256 2447 339 2506 dis
355 2447 552 2525 oppida
569 2466 842 2526 ceperunt.
888 2454 967 2507 At
986 2450 1246 2510 Caefinam
1265 2452 1531 2531 oppidum
1561 2493 1578 2520 ,
1607 2457 1860 2511 trecentis
1886 2521 1888 2530 Α

254 2528 435 2587 stadiis
452 2531 713 2590 Ravenna
730 2529 990 2599 dissitum,
1009 2535 1435 2612 Ravennamque
1456 2531 1618 2613 ipsam
1640 2575 1656 2601 ,
1693 2535 1789 2592 ubi
1807 2535 1866 2593 se
1885 2535 1888 2596 l

253 2609 476 2669 tenebat
507 2611 793 2680 Odoacer,
829 2635 1006 2693 neque
1039 2616 1206 2694 paffls
1228 2636 1404 2694 neque
1424 2618 1469 2672 vi
1490 2615 1737 2693 potestati
1754 2615 1857 2679 suae
1885 2621 1888 2675 i

251 2691 478 2750 subdere
498 2711 821 2771 potuerunt.
865 2701 1003 2753 Iacet
1023 2701 1165 2755 enim
1187 2700 1512 2769 Ravennain
1534 2700 1694 2777 plano
1713 2719 1858 2777 ‚Aqua
1885 2683 1888 2756 l

254 2773 445 2833 definit
462 2775 625 2832 Adria
643 2817 658 2841 ‚
692 2774 799 2852 ipsa
820 2798 885 2834 ne
905 2800 1046 2839 mate
1065 2783 1290 2860 attingat
1308 2779 1543 2841 duorum
1561 2779 1860 2838 stadiorum

254 2859 533 2914 intervallo
555 2857 843 2935 prohibita,
869 2880 1042 2938 neque
1060 2859 1205 2919 classe
1223 2881 1398 2940 neque
1416 2861 1642 2919 terrestri
1662 2865 1858 2921 exenei-

257 2956 319 3000 ω
355 2938 480 2999 adiri
513 2936 689 2997 facilis,
732 2942 912 3001 Naves
930 2946 1072 3003 enim
1093 2943 1161 3009 adr
1188 2944 1313 3003 illud
1331 2944 1482 3006 littus
1503 2966 1569 3007 ne
1588 2943 1856 3013 accedant,

1401 3041 1405 3044 ⁴
1683 3044 1856 3104 impe-
