1888 3428
191 159 640 217 Go’rrnicffi
676 150 1099 224 HrsroRtAE
1139 148 1392 205 L113.÷1.'
1515 152 1630 226 187

15 242 179 303 stium
202 244 374 298 irrunt
403 260 564 298 naves
595 255 788 314 easque
819 236 876 289 in
906 228 1093 311 fugam
1131 246 1335 311 agunt:
1372 248 1631 310 mergunt

15 327 216 385 multas
232 345 358 381 cum
382 320 701 379 hominibus
717 314 868 396 ipsis:
891 335 1083 371 vacuas
1102 314 1222 369 alias
1241 315 1473 389 capiunt.
1492 315 1631 372 Non

13 409 140 467 ideo
161 427 343 465 tamen
362 407 428 462 ab
447 403 730 462 obsidione
750 396 953 456 Gotthi
973 394 1219 454 destitere
1242 435 1259 456 ‚
1301 399 1417 451 imo
1435 397 1631 453 arffius

14 495 177 548 etiam
198 510 293 547 eos
327 492 422 568 qui
456 490 593 545 intra
612 481 878 564 oppidum
899 497 1050 537 erant
1075 481 1365 537 Romanos
1384 475 1626 556 pressere.

12 575 148 631 Haec
175 574 558 629 Romanorum
593 585 753 645 atque
799 562 1149 621 Gotthorum
1181 560 1502 618 exercitibus
1538 581 1630 638 per

12 658 340 714 Dalmatiam
359 653 674 733 agebantur.
718 651 796 704 At
813 648 1041 726 Vitigim
1059 686 1075 712 ,
1091 666 1215 702 cum
1237 643 1302 700 ab
1323 646 1386 699 iis
1401 646 1495 719 qui
1514 643 1632 698 Ro-

14 759 103 794 ma
119 735 476 795 adventabant
508 732 832 810 intelligeret
858 726 1252 804 cumBelisario
1270 726 1508 783 modicas
1528 721 1629 781 effe

13 823 196 898 copias
208 859 226 886 ‚
255 821 450 876 Romae
486 815 747 873 derelic'tae
782 809 945 868 subiit
977 814 1317 889 paenitentia:
1362 829 1461 865 nec
1492 811 1631 865 ultra

12 899 89 960 sui
107 919 302 980 potens
319 941 337 967 ,
359 898 447 955 sed
465 901 539 954 ira
561 898 794 975 percitus
812 916 879 951 eo
899 891 1189 952 ferebatur.
1235 896 1291 948 in
1313 895 1504 948 itinere
1520 890 1630 947 ob-

12 986 130 1042 vius
163 987 210 1040 ei
244 981 306 1039 fit
338 981 558 1061 quidam
594 977 622 1035 ἐ
652 979 921 1036 Romanis
939 977 1239 1035 sacerdotio
1259 973 1526 1055 fungens:
1560 971 1629 1028 ab

9 1065 116 1126 hoc
137 1086 339 1145 magno
358 1065 593 1138 clamore
612 1059 928 1119 sciscitatum
950 1065 1100 1135 ajunt
1118 1060 1350 1137 Vitigim
1369 1098 1385 1125 ‚
1431 1052 1629 1112 effetne

8 1148 204 1207 Romae
224 1150 387 1204 etiam
408 1167 553 1204 nunc
569 1143 879 1202 Belisarius:
924 1140 1201 1200 metuebat
1215 1139 1406 1197 scilicet
1422 1159 1489 1195 ne
1501 1160 1630 1195 eum

11 1235 316 1310 opprimere
336 1251 450 1286 non
467 1224 639 1308 posset
655 1224 785 1305 fuga
804 1226 1066 1304 elapsum:
1111 1219 1430 1301 respondisse
1448 1222 1628 1289 illum,

11 1330 229 1370 exueret
246 1311 382 1369 hanc
400 1330 611 1368 curam:
654 1305 968 1386 sponsorem
988 1305 1036 1362 se
1054 1347 1070 1373 ‚
1096 1327 1210 1362 non
1230 1304 1502 1360 abiturum
1523 1306 1632 1359 Be-

11 1393 267 1462 lisarium‚
283 1394 369 1451 sed
389 1391 698 1449 mansurum
718 1395 771 1447 in
792 1388 952 1467 ipsius
969 1390 1284 1446 adventum.
1304 1388 1557 1464 Vitigim,
1575 1384 1633 1442 id

14 1478 108 1535 ubi
125 1476 361 1534 audierat
377 1520 393 1541 ,
415 1477 592 1532 multo
611 1475 771 1531 etiam
791 1475 961 1550 magis
978 1465 1257 1535 festinasse,
1273 1468 1327 1525 id
1344 1487 1629 1547 optantem

11 1563 170 1618 unice
191 1561 384 1616 Romae
406 1574 464 1614 ut
484 1558 687 1614 moenia
704 1555 1007 1632 conspicere
1022 1551 1115 1630 ipsi
1131 1553 1330 1608 liceret.
1347 1547 1630 1606 AtBelisa-

9 1645 208 1710 riu3‚ut
221 1639 567 1697 Gotthorum
589 1656 858 1716 quantum
875 1653 985 1691 erat
1000 1637 1055 1690 in
1069 1633 1118 1690 se
1137 1634 1320 1689 venire
1338 1635 1630 1709 comperit,

10 1723 216 1781 consilii
237 1720 526 1800 ambiguus
554 1717 718 1776 haefit.
759 1718 903 1774 Nam
923 1736 1101 1796 neque
1124 1713 1553 1771 Constantinum
1573 1718 1630 1770 &

9 1804 195 1864 Besam
214 1803 474 1884 segregari
492 1800 520 1859 a
539 1799 589 1859 se
611 1800 849 1866 volebat,
871 1817 1093 1856 tenuem
1112 1796 1315 1854 habens
1332 1793 1510 1853 secum
1530 1816 1644 1851 exa

12 1891 315 1955 ercitum‚&
332 1885 532 1943 nudare
544 1881 792 1942 Thusciae
809 1880 1041 1961 praefidia
1057 1882 1300 1937 intutum
1322 1877 1626 1941 videbatur,

11 1993 80 2028 ne
97 1993 158 2028 ea
174 1967 279 2050 ipsa
297 1966 530 2026 Gotthis
546 1984 734 2024 contra
750 1966 1039 2022 Romanos
1059 1965 1410 2020 munimento
1441 1957 1633 2023 essent.

9 2052 338 2117 Rationibus
371 2049 512 2130 apud
546 2046 595 2106 se
627 2050 894 2129 exputatis
909 2089 926 2116 ‚
970 2043 1339 2104 Constantino
1370 2040 1627 2121 Besaeque

5 2138 242 2216 praecipit
257 2177 272 2203 ‚
288 2138 344 2192 in
361 2135 495 2193 locis
515 2135 743 2189 maxime
764 2128 1057 2187 neceffariis
1078 2146 1137 2199 ut
1166 2128 1392 2184 militem
1416 2128 1510 2203 qui
1537 2144 1628 2181 tu-

7 2220 121 2276 telae
139 2215 399 2276 sufficeret
416 2217 812 2293 relinquerent:
833 2211 924 2290 ipsi
943 2211 991 2269 se
1009 2213 1252 2269 Romam
1270 2229 1394 2266 cum
1410 2208 1631 2286 reliquis

9 2303 414 2359 comitarentur.
462 2295 860 2354 Constantinus
887 2295 1026 2352 dicta
1056 2291 1333 2350 exsecutus
1352 2288 1425 2347 est
1450 2312 1463 2346 :
1497 2310 1625 2345 nam

8 2382 229 2443 Perufiae
249 2389 302 2444 δε
323 2381 548 2461 Spoletii
569 2379 765 2435 relictis
783 2376 1102 2454 praesidiariis
1123 2392 1316 2432 caetero
1339 2393 1461 2430 cum
1481 2374 1626 2429 mili-

9 2473 64 2523 te
88 2466 326 2524 Romam
350 2461 690 2544 properabat.
734 2460 970 2517 Tardior
983 2456 1123 2538 apud
1141 2457 1402 2514 Narniam
1426 2476 1508 2511 res
1526 2474 1634 2511 cua.

9 2568 119 2606 rare
137 2546 295 2605 Besa:
330 2550 512 2627 itaque
532 2541 715 2603 evenit
749 2561 808 2600 ut
825 2544 938 2602 illac
970 2538 1252 2598 transitum
1290 2535 1632 2617 capientibus,

13 2627 241 2688 Gotthis
261 2633 447 2710 plenus
461 2624 699 2685 hostium
714 2621 839 2683 esset
857 2647 980 2705 ager
999 2622 1357 2683 suburbanuS.
1377 2621 1456 2678 Hi
1474 2634 1630 2685 erant-

9 2713 180 2769 totius
216 2735 380 2794 quam
410 2712 615 2790 Vitigis
648 2707 902 2766 duc0cabat
955 2709 1218 2765 exercitus
1251 2701 1579 2783 antesignani
1606 2725 1623 2763 z

10 2791 328 2872 quibuscum
348 2850 350 2852 ,
369 2814 609 2874 pugnam
629 2788 782 2848 ausus
812 2787 973 2858 Besa,
1010 2788 1105 2847 fibi
1125 2791 1407 2867 proximos
1443 2782 1583 2841 fudit
1603 2820 1624 2848 ‚

12 2877 290 2956 multaque
306 2877 444 2936 caede
459 2875 668 2956 peracta
686 2916 703 2941 ,
722 2894 847 2930 cum
871 2873 1208 2930 multitudini
1228 2891 1320 2949 par
1337 2889 1450 2926 non
1471 2862 1626 2930 estet,

11 2959 270 3031 Narniam
289 2958 472 3021 rediit:
493 2957 802 3037 ibidemque
822 2953 1134 3014 custodibus
1154 2954 1350 3012 reliffls
1362 2992 1379 3021 ‚
1398 2947 1623 3085 ritsBeli-

1479 3046 1621 3088 anus
