1888 3428
218 157 650 216 Go-TTHmAE
690 148 1065 213 H1sToR1AE
1103 153 1384 213 Lrn.111.
1536 172 1645 233 391

43 236 187 298 lidos
217 235 501 298 &firmoS.
540 239 675 298 Haec
707 235 828 296 sunt
861 233 1043 294 nostra
1071 255 1387 315 argumenta
1406 278 1423 305 ‚
1453 237 1655 317 quibus

42 320 317 400 speramus
348 320 508 380 vobis
546 319 782 379 nostram
817 316 1130 377 societatem
1173 315 1317 398 posse
1347 320 1652 396 approbari.

41 408 153 462 Iam
175 412 228 465 &
259 403 391 462 illud
411 403 587 462 videte
605 424 718 484 quo
752 399 852 459 fint
866 399 1210 482 Langobardi
1230 404 1470 481 ingenio.
1500 403 1651 474 judi-
1731 400 1735 407 ’

43 490 132 545 cio
150 486 436 566 disceptare
463 487 530 545 de
549 487 629 544 his
659 505 776 564 quae
794 487 933 541 inter
951 505 1053 541 nos
1071 482 1326 563 ambigua
1349 481 1479 561 saepe
1497 482 1524 538 a
1544 504 1651 539 no·-

41 569 129 626 bis
149 573 327 650 rogati
350 589 630 649 nunquam
650 567 943 625 voluerunt
964 608 981 634 ,
1017 564 1218 623 ferocia
1251 564 1528 624 vecordes.
1572 569 1651 621 At

39 648 198 709 fimul
217 653 416 709 bellum
437 652 702 730 increpuit
720 690 737 717 ‚
766 647 943 707 ceffim
962 667 1154 706 euntes
1174 646 1250 704 ob
1269 647 1652 705 imbecillitatis

40 732 424 792 conscientiam
444 773 462 801 ,
490 732 553 791 ad
572 752 668 790 vos
688 730 735 788 se
758 750 1012 798 vertunt,
1035 749 1095 788 ut
1113 729 1374 810 quodipfi
1398 730 1543 786 ultro
1563 747 1649 785 at·-

38 833 316 874 traxerunt
333 818 628 895 periculum
645 814 698 871 id
719 835 799 871 res
824 815 1079 872 Romana
1096 818 1151 870 in
1180 812 1229 870 se
1248 810 1508 891 suscipiat.
1559 814 1647 868 ‘At

37 896 92 955 hi
123 897 400 978 prffidones
419 899 580 954 etiam
601 899 859 955 Sirmium
880 897 1079 955 audent
1113 902 1168 954 &
1190 897 1368 955 Daciae
1388 914 1547 975 agros
1579 898 1652 950 ti·-

39 983 214 1038 tulum
236 983 290 1037 in
310 1000 412 1037 nos
439 979 566 1036 belli
587 975 757 1046 facere
776 1023 794 1048 ‚
829 1001 954 1037 cum
975 978 1149 1037 vestro
1182 981 1409 1059 imperio
1431 993 1647 1034 tantum

37 1061 253 1121 urbium
273 1081 644 1142 terrarumque
664 1060 882 1142 superfit
901 1104 918 1132 ‚
957 1081 1018 1119 ut
1037 1059 1348 1142 dispiciendi
1366 1059 1525 1119 vobis
1545 1056 1647 1115 sint

34 1145 235 1223 quibus
264 1145 401 1203 detis
435 1143 738 1204 habitanda.
778 1146 865 1203 En
898 1146 1111 1203 Francis
1127 1186 1145 1212 ‚
1189 1165 1257 1201 en
1279 1143 1499 1202 Herulis
1523 1185 1538 1210 ‚
1580 1160 1648 1197 en

33 1225 117 1285 his
133 1226 253 1308 ipsis
272 1227 646 1307 Langobardis
664 1268 681 1294 ‚
701 1233 998 1308 Imperator
1018 1268 1032 1288 ‚
1068 1225 1268 1305 oppida
1299 1233 1352 1283 8<
1370 1223 1649 1305 agros‘de-
1737 1297 1748 1308 μ

34 1308 476 1368 distiinnumera.
515 1310 637 1366 Nos
655 1330 781 1368 vero
812 1313 848 1367 ii
873 1308 1054 1367 sumus
1078 1349 1095 1377 ,
1131 1312 1224 1387 qui
1245 1325 1337 1364 tua
1368 1306 1488 1365 freti
1508 1306 1647 1362 ami-

38 1396 159 1450 citia
185 1392 240 1450 id
273 1389 500 1451 fecimus
527 1391 679 1472 quod
710 1411 763 1451 te
795 1392 1062 1451 credimus
1094 1388 1332 1449 voluiss'e.
1377 1395 1491 1447 Iam
1511 1408 1643 1446 vero

32 1479 128 1552 qui
147 1473 360 1533 suarum
379 1473 511 1553 quid
543 1477 931 1552 rerumjafflire
950 1478 1098 1554 cupit
1113 1514 1130 1541 ,
1170 1475 1400 1531 minoris
1416 1493 1543 1529 eum
1562 1468 1645 1527 fa-

32 1560 106 1615 cit
128 1578 293 1638 quem
317 1555 413 1614 fibi
432 1553 682 1613 beneficii
701 1556 938 1635 qu-aefivit
956 1557 1263 1615 debitorem
1285 1596 1300 1622 ‚
1328 1576 1492 1634 quam
1511 1574 1642 1611 eum

32 1643 130 1719 qui
163 1643 306 1697 ultro
334 1642 557 1717 arripuit
588 1657 775 1695 vacans
810 1660 1042 1706 munuS‚
1086 1637 1123 1695 si
1146 1636 1317 1694 modo
1350 1637 1403 1694 id
1434 1634 1646 1697 fiduciae

30 1718 271 1793 sumserit
289 1760 305 1787 ‚
346 1740 462 1776 non
481 1720 692 1777 domini
722 1739 1006 1778 contemtu
1029 1762 1045 1787 ‚
1080 1718 1174 1777 ‚sed
1193 1741 1259 1776 eo
1282 1718 1435 1799 quod
1451 1718 1502 1776 se
1527 1738 1646 1773 ma-

30 1807 175 1861 xime
196 1806 270 1861 rei
293 1802 525 1860 domino
547 1806 780 1861 amicum
816 1800 914 1861 effe
945 1801 1186 1859 crederet
1216 1827 1229 1859 ε
1280 1800 1570 1881 quomodo
1589 1797 1643 1856 se

33 1888 319 1966 negotium
338 1883 444 1942 hoc
465 1885 822 1963 *Gepidarum
845 1907 967 1942 cum
985 1885 1253 1941 Romanis
1279 1883 1465 1940 habet.
1504 1884 1642 1938 Haec

32 1971 287 2049 cogitetis
321 1988 578 2048 rogamus
598 2006 615 2033 ,
647 1975 701 2026 δε
736 1971 969 2047 primum
991 1968 1215 2047 quidem
1237 1965 1264 2022 ἑ
1284 1966 1642 2023 societatisle-

30 2071 100 2130 ge
120 2050 278 2107 nobis
308 2070 473 2129 opem
493 2047 675 2107 feratis
708 2072 804 2129 pro
825 2055 1019 2109 virium
1055 2048 1343 2113 vestrarum
1363 2051 1643 2129 magnitu-

32 2133 175 2191 dine.
211 2132 264 2190 id
308 2130 343 2197 fi
376 2131 614 2189 obtineri
650 2136 838 2211 nequit
859 2175 875 2201 ‚
925 2131 1229 2189 abstineatis
1260 2152 1359 2189 vos
1386 2130 1453 2188 ab
1478 2136 1639 2187 armis

9 2214 289 2294 iurisque.
323 2214 471 2270 Nam
508 2217 590 2271 vel
620 2213 726 2285 hoc
767 2217 851 2274 vel
884 2216 1015 2272 illud
1034 2218 1301 2294 capientes
1333 2212 1640 2280 confilium,

33 2318 93 2376 ea
122 2295 352 2354 feceritis
381 2305 500 2375 quae
532 2302 584 2352 &
614 2294 754 2373 justa
774 2296 925 2364 sunt,
962 2304 1016 2354 ὃς
1036 2300 1296 2354 Romanae
1317 2300 1389 2353 rei
1409 2299 1637 2353 rationi-

32 2379 136 2457 bus
155 2383 387 2436 maxime
406 2378 741 2436 conducunt.
784 2382 919 2437 Haec
941 2399 1052 2436 erat
1080 2378 1418 2458 Gepidarum
1435 2382 1636 2436 oratio.

30 2459 184 2542 super
211 2461 292 2519 his
312 2464 548 2519 multum
567 2460 869 2519 consultato
891 2503 908 2530 ‚
940 2462 1261 2519 Iustinianus
1290 2461 1393 2518 hos
1413 2462 1636 2540 quidem

30 2542 138 2601 fine
172 2541 423 2622 responso
455 2542 674 2601 dimisit.
718 2550 795 2601 At
823 2566 946 2602 cum
965 2544 1338 2625 Langobardis
1367 2545 1519 2621 Ρειᾶει
1550 2563 1637 2599 ar-

30 2647 249 2684 morum
286 2625 533 2684 societate
567 2633 620 2682 &
650 2625 994 2703 jurejurando
1028 2626 1239 2684 firmata
1262 2667 1278 2692 ‚
1312 2626 1431 2706 plus
1461 2625 1637 2683 decies

33 2709 176 2766 mille
194 2712 401 2789 equites
418 2712 493 2765 eis
512 2708 651 2766 misit
670 2749 686 2776 ,
716 2707 977 2787 praefeffis
995 2708 1394 2767 Constantiano
1410 2749 1428 2776 ,
1465 2710 1632 2774 Buze,

33 2793 240 2848 Aratio.
287 2793 390 2847 His
420 2791 595 2848 aderat
613 2790 879 2848 Iohannes
906 2793 1162 2850 Vitaliani
1191 2791 1372 2849 sorore
1392 2793 1632 2870 genituS‚

29 2873 115 2928 cui
134 2872 447 2930 mandatum
466 2871 531 2929 ab
561 2878 889 2952 Imperatore
910 2915 925 2939 ,
947 2891 1008 2930 ut
1030 2874 1121 2931 ubi
1141 2885 1263 2931 cum
1291 2872 1520 2950 Gepidis
1539 2871 1634 2927 de-

30 2953 285 3012 bellatum
306 2953 482 3023 foret,
511 2959 667 3014 omni
685 2955 860 3015 studio
896 2960 951 3014 in
987 2958 1192 3013 Italiam
1211 2955 1437 3023 rediret,
1482 2952 1627 3008 unde

931 3040 973 3097 B,
994 3037 1029 3094 b
1075 3058 1114 3113 4
1470 3053 1636 3093 vene-
