1888 3428
183 164 618 241 Gporvrmclae
658 162 1028 219 Hrsrontffl
1069 162 1346 230 L113.1V.
1492 180 1608 240 421

9 262 99 307 tus
128 284 146 312 ,
193 247 259 303 ad
292 267 456 324 quem
489 249 778 304 Tetraxitae
810 243 1095 301 accolunt,
1142 261 1401 301 terrarum
1437 242 1613 301 sinum

9 327 285 407 quendam
316 328 568 386 lunatum
603 323 826 389 facienS,
877 327 1148 402 pauloque
1173 327 1350 381 miuus
1380 323 1615 381 inclusos

13 409 256 467 ambiens
293 431 464 466 unum
500 411 563 467 ad
608 429 703 465 eos
733 407 941 464 aditum
974 402 1096 462 satis
1129 405 1419 482 angustum
1452 410 1615 462 telin-

10 495 151 572 quit.
191 495 401 549 Verum
422 492 603 571 postea
631 510 754 547 cum
786 509 884 544 nec
905 489 1098 544 Hunni
1135 488 1233 544 illis
1262 490 1317 543 iu
1337 489 1470 544 locis
1490 508 1615 542 rno-

11 593 126 630 ram
143 572 347 630 trahere
365 577 557 631 vellent
574 614 591 640 ‚
627 578 682 629 &
704 569 907 628 Gotthi
927 591 1062 648 aegre
1081 567 1130 626 se
1151 569 1490 626 multitudini
1511 568 1617 624 ho-

12 653 174 712 stium
210 655 486 713 crederent
504 654 778 712 restitutos
793 695 810 719 ,
843 652 904 709 ad
926 653 1075 728 pacfia
1099 669 1364 709 venerunt
1385 691 1402 717 ‚
1431 668 1490 707 ut
1511 671 1617 706 una

11 742 313 810 trajicerent
332 778 346 800 ‚
382 733 627 814 sedesque
647 735 849 792 Gotthi
882 732 1140 791 haberent
1160 776 1174 797 ,
1206 736 1263 790 in
1283 754 1378 790 ora
1408 730 1620 789 adversa

13 824 344 900 attingentes
362 818 523 898 ipsam
554 817 844 874 Moeotidis
860 818 1204 895 eruptionem
1223 856 1241 882 ,
1273 814 1365 872 ubi
1384 821 1435 872 &
1453 813 1619 871 hodie

15 902 442 983 conspiciuntur,
480 902 743 979 amicique
779 905 832 956 &
867 900 1155 978 aequalege
1184 895 1620 976 sociinurguris

14 987 71 1041 in
91 1002 410 1063 perpetuum
428 984 685 1041 viverent.
727 983 847 1038 Hac
863 984 1028 1060 igitur
1049 994 1195 1058 parte
1213 977 1452 1037 conceffa
1472 980 1621 1035 Got-

15 1065 159 1134 this,
187 1066 499 1146 Cutriguris
521 1067 657 1125 ultra
689 1083 747 1121 ut
779 1063 886 1121 dixi
907 1063 1102 1121 relictis
1120 1103 1136 1130 ‚
1173 1066 1247 1120 cis
1285 1063 1621 1119 Moeotidem

15 1165 200 1207 caetera
226 1145 323 1204 soli
361 1149 623 1227 Vturguri
656 1145 920 1210 habuere,
957 1166 1072 1202 non
1093 1143 1304 1202 molesti
1332 1146 1622 1201 RomaniS.

14 1234 215 1310 quippe
249 1250 374 1287 cum
396 1230 767 1309 longinquitas
799 1230 1047 1284 locorum
1069 1267 1085 1292 ‚
1124 1228 1305 1285 multis
1331 1229 1626 1301 interjectis

15 1312 274 1392 gentibus
289 1315 399 1369 aliis
414 1355 429 1375 ‚
466 1313 605 1388 pacis
622 1329 824 1367 mutuae
846 1308 1203 1366 ueceffitatem
1222 1311 1302 1366 vel
1320 1313 1502 1366 invitis
1520 1313 1627 1365 im·-

17 1411 269 1473 poneret.
310 1395 488 1450 Trans
527 1413 658 1450 vero
693 1391 942 1471 paludem
979 1392 1313 1449 Moeotidern
1344 1388 1629 1469 ipsumque
1701 1414 1704 1417 ·

15 1477 255 1533 Tanaim
274 1515 292 1544 ‚
314 1479 562 1556 pleraque
580 1495 896 1550 camporum
911 1515 928 1541 ,
953 1492 1013 1531 ut
1033 1474 1175 1541 dixi,
1196 1476 1390 1529 Hunni
1415 1474 1485 1528 illi
1508 1473 1631 1528 Cu·-

17 1560 208 1638 ttiguri
237 1557 515 1615 tenebant.
552 1578 694 1636 pone
714 1577 810 1613 eos
846 1555 1049 1634 Scythae
1085 1557 1364 1633 Taurique
1399 1575 1627 1610 ornnem

19 1661 140 1697 eam
159 1638 457 1697 insidebant
474 1642 756 1717 regionem
786 1659 902 1716 quae
932 1637 1167 1695 Taurica
1190 1657 1334 1693 nuuc
1362 1640 1523 1693 etiam
1546 1636 1631 1692 di·-

18 1724 159 1778 citur
177 1762 194 1789 ,
228 1725 285 1777 in
305 1742 410 1800 qua
424 1723 611 1776 Dianae
630 1719 826 1776 dicitur
857 1717 1006 1776 fuilie
1027 1719 1293 1796 templum
1310 1760 1326 1785 2
1358 1723 1512 1790 cujus
1533 1739 1633 1774 an-

19 1802 186 1861 tistita
230 1800 391 1860 fuerit
422 1801 713 1881 iphigenia.
771 1822 1083 1881 quanquam
1121 1804 1368 1858 Armenii
1405 1806 1460 1875 in
1494 1818 1634 1856 terra

21 1884 164 1964 apud
180 1882 322 1964 ipsos
342 1882 595 1942 Celesene
613 1884 666 1940 id
686 1884 952 1960 templum
972 1880 1119 1939 fuisse
1138 1882 1636 1959 contendunt‚Scy-

23 1963 244 2046 thasque
267 1970 428 2024 etiam
449 1987 546 2023 eos
581 1968 813 2045 populos
846 1965 1126 2043 quondam
1159 1967 1452 2044 appellatos
1473 2007 1488 2032 ‚
1534 1984 1634 2041 pro

22 2068 361 2130 argumento.
385 2047 683 2106 adferentes
720 2069 779 2105 ea
828 2069 946 2127 quae
978 2048 1043 2104 de
1079 2047 1273 2104 Oreste
1306 2065 1466 2126 atque
1501 2046 1635 2104 urbe

27 2132 280 2188 Comana
294 2131 418 2188 alibi
438 2131 599 2187 nobis
615 2148 1043 2188 commemorata
1062 2125 1198 2186 sunt.
1214 2129 1300 2187 sed
1320 2130 1384 2186 de
1403 2129 1483 2185 his
1497 2126 1639 2207 quis-

25 2235 152 2294 que,
177 2231 237 2270 ut
261 2214 408 2270 volet
424 2252 443 2278 ‚
480 2211 688 2269 sentiat.
730 2211 862 2289 saepe
881 2214 1027 2268 enim
1048 2233 1167 2290 quae
1188 2210 1311 2268 alibi
1330 2210 1477 2291 gesta
1494 2209 1636 2275 sunt,

25 2301 293 2354 autetiam
314 2317 434 2375 quae
456 2293 695 2371 nuspiam
732 2311 1074 2358 evenerunt,
1123 2294 1310 2373 populi
1345 2291 1437 2350 fibi
1462 2293 1637 2350 vindi-

27 2396 188 2442 cant,
233 2378 695 2458 indignanturque
727 2375 763 2433 fi
799 2380 918 2454 quis
952 2374 1191 2454 ipsorum
1221 2374 1493 2432 sententiae
1521 2394 1637 2430 non

24 2458 335 2518 subscribat.
367 2463 619 2539 Sequitur
636 2457 727 2515 has
747 2476 934 2538 gentes
951 2462 1006 2514 in
1029 2478 1123 2513 ora
1143 2461 1410 2514 maritima
1429 2454 1640 2535 Bospo-

28 2562 120 2600 rus
137 2543 402 2622 oppidum
423 2584 439 2609 ,
474 2544 992 2612 Romanijurisnon
1011 2540 1304 2616 itapridem
1326 2538 1548 2595 factum.
1585 2542 1640 2594 A

27 2623 275 2702 Bosporo
312 2628 460 2681 eunti
495 2625 559 2680 ad
594 2620 871 2678 Chersona
901 2621 1171 2700 oppidum
1213 2621 1332 2695 (est
1353 2629 1406 2678 ὃ(
1426 2622 1478 2677 id
1507 2623 1644 2675 mari

31 2704 258 2764 adsitum
279 2746 295 2774 ‚
331 2703 675 2784 ejusdemque
708 2705 972 2760 Romanae
1002 2705 1266 2773 ditionis)
1306 2723 1642 2781 quaectu‘ique

32 2788 346 2863 interjacent
367 2829 383 2853 ‚
420 2787 629 2844 barbari
661 2803 848 2844 tenent
880 2787 1152 2843 Hunnicae
1189 2791 1241 2841 ὃ(
1273 2784 1368 2862 ipsi
1400 2787 1643 2863 originis,

32 2872 212 2947 Prope
230 2866 509 2926 Chersona
546 2869 658 2927 duo
694 2869 788 2924 alia
807 2865 926 2924 sunt
945 2868 1175 2946 oppida,
1208 2868 1648 2943 Cepi&Phaua—
1725 2892 1728 2895 ι

34 2952 216 3031 guris,
249 2951 314 3008 ab
350 2955 578 3030 antiquo
607 2952 874 3009 Romanis
908 2949 1115 3006 subdita
1140 2992 1157 3016 ‚
1194 2953 1354 3006 etiam
1387 2948 1447 3003 ad
1472 2949 1649 3010 nultra

931 3031 1038 3088 Dd
1091 3053 1110 3107 3
1518 3045 1663 3081 tem·-
