1888 3428
230 134 350 212 418
627 133 984 192 PRocoPu
1029 121 1554 187 CAESAREENsrs
1600 180 1603 181 γ
1676 170 1679 172 -

228 216 294 274 fis
323 213 569 278 a&uariis
600 233 765 293 quam
801 213 1073 271 celerrime
1102 213 1159 267 in
1187 207 1502 290 oppositum
1530 210 1680 287 littus
1696 205 1843 267 Trai

229 314 521 376 pezuntem
542 292 594 354 se
624 296 922 354 contulere.
951 294 1037 349 Eo
1057 288 1202 350 facto
1221 293 1484 351 damnum
1503 291 1726 370 quidem
1754 311 1847 348 ca-

228 379 508 438 stellorum
538 375 666 437 fecit
700 399 781 435 res
812 379 1067 435 Romana
1087 414 1104 440 ‚
1150 373 1238 432 sed
1271 373 1426 454 quod
1455 395 1659 453 magno
1691 376 1845 432 lucro

232 456 543 541 pensaretur
559 501 577 528 ‚
609 458 872 540 siquidem
888 456 1065 515 hostes
1081 462 1196 532 ejus
1212 458 1448 537 regionis
1465 453 1847 534 poss'effionem

233 545 412 622 adepti
432 565 546 600 non
582 540 737 609 sunt,
769 539 856 598 sed
873 537 978 618 spei
1012 537 1113 597 suae
1149 541 1283 596 irriti
1310 544 1524 604 Petram
1558 537 1848 595 redierunt.
1886 588 1888 591 ,

232 628 368 683 Haec
385 624 506 684 sunt
529 646 588 682 ea
607 646 724 705 quae
753 625 1034 702 insSaginis
1056 623 1171 679 acta
1186 619 1328 678 sunt.
1370 620 1530 678 Vltra
1552 640 1649 691 eos
1681 622 1851 678 Hun-

235 712 368 781 nicae
402 711 651 766 nationes
686 707 880 763 multae.
935 708 1184 785 Longius
1224 702 1315 761 fita
1350 720 1488 760 terr-a
1520 701 1594 758 est
1624 705 1850 760 nomine

183 866 188 869 ὓ
234 789 464 869 Eulysia.
501 789 712 846 barbari
730 806 842 844 tam
875 790 1139 844 maritima
1157 790 1271 860 ejus
1292 805 1471 864 ,quarn
1489 787 1747 841 interiora
1765 803 1851 843 te-

237 890 402 938 nent,
435 871 708 929 Moeotide
726 890 883 928 tenus
903 869 1077 926 nobili
1097 868 1288 949 palude
1308 910 1324 932 ‚
1358 873 1413 924 &
1433 869 1528 945 qui
1545 868 1600 923 in
1617 886 1735 923 eam
1755 867 1853 947 pa-'

232 954 417 1013 ludem
438 952 645 1020 influit,
678 973 835 1009 amne
870 953 1063 1008 Tanai.
1111 948 1221 1028 Ipsa
1240 950 1388 1028 palus
1411 954 1593 1018 Ponto
1628 949 1850 1007 Euxino
1886 987 1888 989 -

234 1034 285 1092 se
300 1076 317 1102 ‚
341 1053 595 1115 perrupto
617 1040 733 1107 ejus
753 1035 936 1090 littore
956 1077 970 1099 ‚
1009 1030 1282 1091 admiscet.
1324 1033 1419 1111 qui
1439 1034 1639 1088 circum
1659 1032 1853 1091 colunt
1886 1045 1888 1047 ’

234 1116 487 1176 homines
511 1118 798 1173 Cimmerii
812 1118 1049 1192 antiquis
1065 1155 1081 1181 ‚
1097 1112 1276 1170 nostra
1294 1131 1443 1171 aetate
1460 1117 1728 1193 Vturguri
1749 1136 1854 1172 vo-

236 1218 446 1256 cantur.
489 1201 640 1258 Vltra
659 1219 755 1254 eos
772 1195 1125 1275 septentrioni
1144 1198 1427 1274 propiores
1445 1197 1716 1252 innumeri
1736 1192 1851 1253 An-
1875 1259 1879 1262 ⁴

236 1299 416 1338 tarum
436 1282 646 1359 populi.
688 1278 780 1336 Ad
807 1300 933 1335 eum
963 1277 1147 1334 locum
1169 1287 1199 1345 ,’
1229 1283 1562 1356 quemjuxta
1584 1281 1856 1336 emittitur

236 1364 421 1443 palm,
459 1362 809 1420 Gotthorum
844 1362 1029 1438 portio
1061 1380 1178 1417 non
1214 1381 1411 1440 magna
1440 1358 1739 1418 admodum
1772 1359 1856 1418 se-

239 1447 330 1504 det
353 1487 369 1514 ‚
401 1445 598 1524 quibus
628 1447 923 1502 Tetraxitis
941 1463 1168 1499 nomen.
1211 1444 1316 1499 His
1341 1441 1640 1500 Christiana
1660 1444 1854 1524 religio
1886 1512 1888 1515 ι

238 1549 355 1586 nou
378 1532 558 1586 minus
572 1569 590 1596 ,
607 1547 770 1606 quam
790 1525 990 1605 quibus
1007 1528 1238 1582 maxime
1261 1566 1278 1593 ‚
1309 1523 1458 1581 cordi
1478 1523 1578 1582 est.
1616 1528 1857 1584 Tanaim

238 1630 421 1667 autem
444 1611 634 1669 accolae
656 1627 853 1667 vocant
873 1611 1032 1666 etiam
1051 1618 1114 1665 os
1136 1606 1308 1686 ipsum
1326 1606 1566 1664 fluminis
1584 1607 1688 1687 qua
1704 1609 1856 1666 Moe-

241 1692 380 1749 otidi
410 1692 682 1758 illabitur,
722 1696 778 1747 &
809 1693 1152 1747 continentes
1182 1711 1344 1768 aquas
1382 1690 1447 1746 ad
1476 1687 1647 1768 ipsum
1686 1691 1855 1771 usque

240 1780 486 1834 Pontum
503 1816 520 1841 ,
563 1772 714 1853 quod
736 1773 1074 1833 intervallum
1095 1776 1196 1827 iter
1212 1774 1421 1829 dierum
1439 1774 1630 1850 viginti
1645 1772 1856 1832 efficere

246 1863 416 1934 ajunt.
458 1856 563 1935 ipse
584 1857 678 1935 qui
697 1854 821 1911 hinc
839 1851 930 1911 flat
953 1874 1144 1912 ventus
1162 1894 1178 1921 ,
1204 1854 1421 1932 perinde
1442 1856 1702 1912 Tanaites
1720 1857 1857 1914 dici-

245 1958 354 1997 tur.
398 1941 689 1996 Fuerintne
723 1940 863 1993 Ario
896 1933 1289 1993 consentientes
1323 1936 1376 1992 hi
1412 1934 1652 2004 Gouhi,
1688 1958 1748 1995 ut
1768 1940 1855 1996 alii
1886 1930 1888 1933 ’

250 2020 600 2079 Gotthorum
623 2020 844 2098 populi,
865 2039 929 2073 an
950 2019 1049 2074 alia
1067 2014 1247 2074 setfftati
1264 2017 1532 2085 instituta,
1552 2017 1693 2077 haud
1710 2019 1856 2078 dixe-

245 2107 371 2171 rim,
398 2102 617 2182 quando
636 2109 688 2158 δέ
710 2100 1089 2179 ipfiignorant.
1135 2119 1273 2157 certe
1292 2121 1436 2156 nunc
1465 2100 1636 2157 multa
1655 2100 1857 2182 {impli-

248 2188 407 2242 citate
425 2225 438 2246 ‚
467 2206 566 2241 nec
585 2182 786 2239 curiose
804 2182 1094 2239 scrutantes
1113 2225 1135 2246 ‚.
1150 2181 1468 2239 Christianis
1487 2182 1676 2241 tradita
1693 2206 1857 2243 vene-

248 2286 452 2326 rantur.
495 2269 573 2322 Hi
594 2287 709 2322 non
730 2266 905 2321 multo
924 2284 1045 2320 ante
1064 2282 1312 2342 tempore
1332 2308 1345 2328 ‚
1384 2286 1508 2321 cum
1528 2268 1741 2346 imperii
1757 2290 1856 2325 an-

249 2371 387 2406 num
417 2369 589 2405 unum
621 2353 675 2403 &
709 2345 1018 2403 vicesimum
1053 2344 1372 2404 Iustinianus
1404 2366 1615 2427 ageret,
1647 2350 1858 2428 legatos

250 2434 573 2510 Byzantium
606 2427 852 2486 miserant
886 2447 1152 2507 quatuor,
1183 2446 1426 2494 oranteS‚
1462 2427 1742 2509 episcopus
1760 2430 1858 2489 fibi

249 2514 467 2571 daretur
497 2554 514 2580 ‚
561 2511 777 2568 ademto
816 2532 907 2590 per
944 2530 1179 2567 mortem
1229 2532 1295 2567 eo
1331 2532 1499 2590 quem
1532 2509 1888 2582 habuerant,¹

251 2595 472 2674 quando
507 2600 561 2651 ἅτ
597 2593 923 2673 Abasgisab
961 2593 1154 2650 eodem
1192 2593 1380 2650 datum
1412 2599 1740 2673 Imperatore
1759 2615 1860 2653 co-

251 2695 576 2755 gnoverant.
620 2676 783 2733 Haud
814 2677 1125 2733 cunftanter
1149 2674 1471 2737 Iustinianus
1501 2696 1638 2733 ratas
1679 2672 1861 2757 preces

249 2756 402 2816 fecit.
444 2762 651 2815 Verum
672 2756 724 2813 hi
742 2760 933 2836 legati5
956 2776 1104 2815 metu
1118 2759 1455 2815 Hunnorum
1482 2762 1577 2838 qui
1597 2762 1861 2840 Vturguri

256 2840 533 2908 dicuntur,
555 2840 725 2918 palam
749 2842 929 2896 multis
948 2838 1169 2898 testibus
1191 2881 1206 2908 ,
1227 2840 1474 2898 mandata
1492 2845 1858 2911 enuntianteS‚

254 2921 394 2982 nihil
422 2927 737 3002 Imperatori
768 2922 905 2981 aliud
924 2924 1172 3002 quamde
1202 2921 1456 3005 episcopo
1475 2927 1820 2985 enuntiavere
1839 2945 1858 2979 ε

1721 3007 1860 3064 clam
