<?xml version="1.0" encoding="UTF-8"?>
<!DOCTYPE html PUBLIC "-//W3C//DTD XHTML 1.0 Transitional//EN"
    "http://www.w3.org/TR/xhtml1/DTD/xhtml1-transitional.dtd">
<html xmlns="http://www.w3.org/1999/xhtml" xml:lang="en" lang="en">
 <head>
  <title>
</title>
<meta http-equiv="Content-Type" content="text/html;charset=utf-8" />
  <meta name='ocr-system' content='tesseract 3.04.00' />
  <meta name='ocr-capabilities' content='ocr_page ocr_carea ocr_par ocr_line ocrx_word'/>
</head>
<body>
  <div class='ocr_page' id='page_1' title='image "./historiagotthoru00grot_0372.png"; bbox 0 0 1888 3428; ppageno 0'>
   <div class='ocr_carea' id='block_1_1' title="bbox 186 163 1888 2960">
    <p class='ocr_par' dir='ltr' id='par_1_1' title="bbox 212 163 1888 2055">
     <span class='ocr_line' id='line_1_1' title="bbox 212 163 1606 240; baseline -0.009 -10"><span class='ocrx_word' id='word_1_1' title='bbox 212 172 367 240; x_wconf 66' lang='lat'>4206</span> <span class='ocrx_word' id='word_1_2' title='bbox 598 166 975 226; x_wconf 75' lang='lat' dir='ltr'>PRocoPu</span> <span class='ocrx_word' id='word_1_3' title='bbox 1019 163 1542 222; x_wconf 65' lang='lat' dir='ltr'>CAEsAREEN‘sm</span> <span class='ocrx_word' id='word_1_4' title='bbox 1603 163 1606 165; x_wconf 74' lang='grc'><strong>’</strong></span> 
     </span>
     <span class='ocr_line' id='line_1_2' title="bbox 241 240 1857 330; baseline -0.005 -19"><span class='ocrx_word' id='word_1_5' title='bbox 241 265 460 330; x_wconf 82' lang='lat' dir='ltr'>accepta</span> <span class='ocrx_word' id='word_1_6' title='bbox 473 246 610 309; x_wconf 84' lang='lat' dir='ltr'>ferre</span> <span class='ocrx_word' id='word_1_7' title='bbox 630 270 844 329; x_wconf 77' lang='lat' dir='ltr'>aequum</span> <span class='ocrx_word' id='word_1_8' title='bbox 864 247 958 306; x_wconf 85' lang='lat' dir='ltr'>est.</span> <span class='ocrx_word' id='word_1_9' title='bbox 973 246 1059 305; x_wconf 89' lang='lat' dir='ltr'>sed</span> <span class='ocrx_word' id='word_1_10' title='bbox 1077 244 1180 303; x_wconf 84' lang='lat' dir='ltr'>five</span> <span class='ocrx_word' id='word_1_11' title='bbox 1201 242 1550 314; x_wconf 84' lang='lat' dir='ltr'>fortuna,sive</span> <span class='ocrx_word' id='word_1_12' title='bbox 1570 240 1736 303; x_wconf 86' lang='lat' dir='ltr'>virtus</span> <span class='ocrx_word' id='word_1_13' title='bbox 1753 242 1857 303; x_wconf 60' lang='lat' dir='ltr'>vol</span> 
     </span>
     <span class='ocr_line' id='line_1_3' title="bbox 243 323 1855 412; baseline -0.005 -20"><span class='ocrx_word' id='word_1_14' title='bbox 243 335 412 393; x_wconf 87' lang='lat' dir='ltr'>canda</span> <span class='ocrx_word' id='word_1_15' title='bbox 430 332 646 412; x_wconf 86' lang='lat' dir='ltr'>est‚quae</span> <span class='ocrx_word' id='word_1_16' title='bbox 662 331 921 389; x_wconf 59' lang='lat' dir='ltr'>hactenus</span> <span class='ocrx_word' id='word_1_17' title='bbox 940 327 1102 387; x_wconf 87' lang='lat' dir='ltr'>nobis</span> <span class='ocrx_word' id='word_1_18' title='bbox 1119 326 1587 407; x_wconf 86' lang='lat' dir='ltr'>evenere,pulchra</span> <span class='ocrx_word' id='word_1_19' title='bbox 1604 323 1745 383; x_wconf 88' lang='lat' dir='ltr'>sunt.</span> <span class='ocrx_word' id='word_1_20' title='bbox 1759 348 1855 384; x_wconf 30' lang='lat' dir='ltr'>ve&amp;</span> 
     </span>
     <span class='ocr_line' id='line_1_4' title="bbox 242 405 1855 491; baseline -0.006 -16"><span class='ocrx_word' id='word_1_21' title='bbox 242 417 343 475; x_wconf 87' lang='lat' dir='ltr'>lim</span> <span class='ocrx_word' id='word_1_22' title='bbox 373 424 429 474; x_wconf 87' lang='lat'>&amp;</span> <span class='ocrx_word' id='word_1_23' title='bbox 460 433 687 474; x_wconf 89' lang='lat' dir='ltr'>ventura</span> <span class='ocrx_word' id='word_1_24' title='bbox 705 412 806 470; x_wconf 83' lang='lat' dir='ltr'>sint</span> <span class='ocrx_word' id='word_1_25' title='bbox 838 410 923 491; x_wconf 86' lang='lat' dir='ltr'>spe</span> <span class='ocrx_word' id='word_1_26' title='bbox 944 413 1186 469; x_wconf 85' lang='lat' dir='ltr'>meliora.</span> <span class='ocrx_word' id='word_1_27' title='bbox 1223 427 1475 466; x_wconf 80' lang='lat' dir='ltr'>caeterum</span> <span class='ocrx_word' id='word_1_28' title='bbox 1495 430 1613 488; x_wconf 84' lang='lat' dir='ltr'>quae</span> <span class='ocrx_word' id='word_1_29' title='bbox 1633 405 1721 465; x_wconf 83' lang='lat' dir='ltr'>me</span> <span class='ocrx_word' id='word_1_30' title='bbox 1739 410 1855 467; x_wconf 91' lang='lat' dir='ltr'>sua-</span> 
     </span>
     <span class='ocr_line' id='line_1_5' title="bbox 241 488 1857 577; baseline -0.007 -20"><span class='ocrx_word' id='word_1_31' title='bbox 241 499 368 559; x_wconf 88' lang='lat' dir='ltr'>dere</span> <span class='ocrx_word' id='word_1_32' title='bbox 387 516 551 577; x_wconf 89' lang='lat' dir='ltr'>teque</span> <span class='ocrx_word' id='word_1_33' title='bbox 568 494 777 554; x_wconf 82' lang='lat' dir='ltr'>efficere</span> <span class='ocrx_word' id='word_1_34' title='bbox 796 494 979 552; x_wconf 93' lang='lat' dir='ltr'>deceat</span> <span class='ocrx_word' id='word_1_35' title='bbox 992 536 1009 561; x_wconf 91' lang='lat'>,</span> <span class='ocrx_word' id='word_1_36' title='bbox 1039 514 1155 551; x_wconf 87' lang='lat' dir='ltr'>non</span> <span class='ocrx_word' id='word_1_37' title='bbox 1173 489 1496 550; x_wconf 83' lang='lat' dir='ltr'>diffimulem</span> <span class='ocrx_word' id='word_1_38' title='bbox 1519 511 1533 546; x_wconf 87' lang='lat'>:</span> <span class='ocrx_word' id='word_1_39' title='bbox 1564 488 1636 548; x_wconf 88' lang='lat' dir='ltr'>sat</span> <span class='ocrx_word' id='word_1_40' title='bbox 1655 510 1857 570; x_wconf 84' lang='lat' dir='ltr'>gnarus</span> 
     </span>
     <span class='ocr_line' id='line_1_6' title="bbox 241 571 1885 656; baseline -0.007 -17"><span class='ocrx_word' id='word_1_41' title='bbox 241 579 369 639; x_wconf 75' lang='lat' dir='ltr'>ferri</span> <span class='ocrx_word' id='word_1_42' title='bbox 405 602 486 638; x_wconf 88' lang='lat' dir='ltr'>res</span> <span class='ocrx_word' id='word_1_43' title='bbox 503 579 761 637; x_wconf 81' lang='lat' dir='ltr'>humanas</span> <span class='ocrx_word' id='word_1_44' title='bbox 780 598 894 656; x_wconf 88' lang='lat' dir='ltr'>quo</span> <span class='ocrx_word' id='word_1_45' title='bbox 913 580 1041 635; x_wconf 91' lang='lat' dir='ltr'>Deo</span> <span class='ocrx_word' id='word_1_46' title='bbox 1065 576 1322 655; x_wconf 87' lang='lat' dir='ltr'>placitum</span> <span class='ocrx_word' id='word_1_47' title='bbox 1342 598 1354 632; x_wconf 91' lang='lat'>:</span> <span class='ocrx_word' id='word_1_48' title='bbox 1399 590 1452 630; x_wconf 88' lang='lat' dir='ltr'>at</span> <span class='ocrx_word' id='word_1_49' title='bbox 1470 593 1566 630; x_wconf 91' lang='lat' dir='ltr'>eos</span> <span class='ocrx_word' id='word_1_50' title='bbox 1583 576 1678 653; x_wconf 89' lang='lat' dir='ltr'>qui</span> <span class='ocrx_word' id='word_1_51' title='bbox 1696 571 1856 629; x_wconf 86' lang='lat' dir='ltr'>rebus</span> <span class='ocrx_word' id='word_1_52' title='bbox 1875 603 1885 608; x_wconf 93' lang='lat'>-</span> 
     </span>
     <span class='ocr_line' id='line_1_7' title="bbox 243 654 1857 743; baseline -0.006 -22"><span class='ocrx_word' id='word_1_53' title='bbox 243 662 474 743; x_wconf 67' lang='lat' dir='ltr'>praesunt</span> <span class='ocrx_word' id='word_1_54' title='bbox 495 703 512 731; x_wconf 82' lang='lat'><em>‚</em></span> <span class='ocrx_word' id='word_1_55' title='bbox 549 678 714 741; x_wconf 85' lang='lat' dir='ltr'>prout</span> <span class='ocrx_word' id='word_1_56' title='bbox 747 680 938 716; x_wconf 88' lang='lat' dir='ltr'>eorum</span> <span class='ocrx_word' id='word_1_57' title='bbox 973 660 1121 715; x_wconf 59' lang='lat' dir='ltr'>actus</span> <span class='ocrx_word' id='word_1_58' title='bbox 1156 654 1355 715; x_wconf 87' lang='lat' dir='ltr'>fuerint</span> <span class='ocrx_word' id='word_1_59' title='bbox 1372 696 1390 725; x_wconf 88' lang='lat'>‚</span> <span class='ocrx_word' id='word_1_60' title='bbox 1431 659 1504 712; x_wconf 88' lang='lat' dir='ltr'>ita</span> <span class='ocrx_word' id='word_1_61' title='bbox 1530 654 1747 712; x_wconf 91' lang='lat' dir='ltr'>laudem</span> <span class='ocrx_word' id='word_1_62' title='bbox 1764 673 1857 711; x_wconf 87' lang='lat' dir='ltr'>aut</span> 
     </span>
     <span class='ocr_line' id='line_1_8' title="bbox 242 732 1856 826; baseline -0.005 -25"><span class='ocrx_word' id='word_1_63' title='bbox 242 749 458 826; x_wconf 82' lang='lat' dir='ltr'>culpam</span> <span class='ocrx_word' id='word_1_64' title='bbox 476 744 683 802; x_wconf 89' lang='lat' dir='ltr'>referre.</span> <span class='ocrx_word' id='word_1_65' title='bbox 729 745 899 798; x_wconf 83' lang='lat' dir='ltr'>Arma</span> <span class='ocrx_word' id='word_1_66' title='bbox 918 762 1050 821; x_wconf 82' lang='lat' dir='ltr'>ergo</span> <span class='ocrx_word' id='word_1_67' title='bbox 1073 740 1372 818; x_wconf 83' lang='lat' dir='ltr'>militesque</span> <span class='ocrx_word' id='word_1_68' title='bbox 1392 740 1674 795; x_wconf 85' lang='lat' dir='ltr'>mittantur</span> <span class='ocrx_word' id='word_1_69' title='bbox 1694 732 1856 794; x_wconf 63' lang='lat' dir='ltr'>nob&#39;is</span> 
     </span>
     <span class='ocr_line' id='line_1_9' title="bbox 243 818 1856 905; baseline -0.006 -20"><span class='ocrx_word' id='word_1_70' title='bbox 243 830 379 885; x_wconf 81' lang='lat' dir='ltr'>tanti</span> <span class='ocrx_word' id='word_1_71' title='bbox 400 868 416 893; x_wconf 87' lang='lat'><strong>,</strong></span> <span class='ocrx_word' id='word_1_72' title='bbox 444 847 505 884; x_wconf 87' lang='lat' dir='ltr'>ut</span> <span class='ocrx_word' id='word_1_73' title='bbox 523 829 578 883; x_wconf 86' lang='lat' dir='ltr'>in</span> <span class='ocrx_word' id='word_1_74' title='bbox 600 823 878 905; x_wconf 85' lang='lat' dir='ltr'>posterum</span> <span class='ocrx_word' id='word_1_75' title='bbox 897 845 962 882; x_wconf 83' lang='lat' dir='ltr'>ex</span> <span class='ocrx_word' id='word_1_76' title='bbox 987 844 1145 903; x_wconf 78' lang='lat' dir='ltr'>aequo</span> <span class='ocrx_word' id='word_1_77' title='bbox 1179 821 1338 879; x_wconf 91' lang='lat' dir='ltr'>nobis</span> <span class='ocrx_word' id='word_1_78' title='bbox 1367 818 1648 878; x_wconf 73' lang='lat' dir='ltr'>consistere</span> <span class='ocrx_word' id='word_1_79' title='bbox 1665 836 1856 876; x_wconf 88' lang='lat' dir='ltr'>contra</span> 
     </span>
     <span class='ocr_line' id='line_1_10' title="bbox 242 901 1856 986; baseline -0.006 -19"><span class='ocrx_word' id='word_1_80' title='bbox 242 909 458 968; x_wconf 81' lang='lat' dir='ltr'>hostem</span> <span class='ocrx_word' id='word_1_81' title='bbox 475 911 644 971; x_wconf 83' lang='lat' dir='ltr'>liceat.</span> <span class='ocrx_word' id='word_1_82' title='bbox 687 910 883 986; x_wconf 87' lang='lat' dir='ltr'>Neque</span> <span class='ocrx_word' id='word_1_83' title='bbox 903 909 1050 963; x_wconf 88' lang='lat' dir='ltr'>enim</span> <span class='ocrx_word' id='word_1_84' title='bbox 1068 906 1259 962; x_wconf 59' lang='lat' dir='ltr'>cuntffa</span> <span class='ocrx_word' id='word_1_85' title='bbox 1275 901 1513 961; x_wconf 81' lang='lat' dir='ltr'>fortunae</span> <span class='ocrx_word' id='word_1_86' title='bbox 1532 905 1856 982; x_wconf 85' lang='lat' dir='ltr'>permitten-</span> 
     </span>
     <span class='ocr_line' id='line_1_11' title="bbox 244 982 1855 1069; baseline -0.006 -19"><span class='ocrx_word' id='word_1_87' title='bbox 244 993 313 1051; x_wconf 89' lang='lat' dir='ltr'>da</span> <span class='ocrx_word' id='word_1_88' title='bbox 330 991 450 1049; x_wconf 87' lang='lat' dir='ltr'>sunt</span> <span class='ocrx_word' id='word_1_89' title='bbox 472 1014 485 1047; x_wconf 74' lang='grc' dir='ltr'><em>τ</em></span> <span class='ocrx_word' id='word_1_90' title='bbox 518 1008 578 1048; x_wconf 94' lang='lat' dir='ltr'>ut</span> <span class='ocrx_word' id='word_1_91' title='bbox 596 1011 714 1069; x_wconf 80' lang='lat' dir='ltr'>quae</span> <span class='ocrx_word' id='word_1_92' title='bbox 735 1010 850 1047; x_wconf 88' lang='lat' dir='ltr'>non</span> <span class='ocrx_word' id='word_1_93' title='bbox 871 987 1032 1045; x_wconf 79' lang='lat' dir='ltr'>soleat</span> <span class='ocrx_word' id='word_1_94' title='bbox 1050 986 1257 1065; x_wconf 78' lang='lat' dir='ltr'>semper</span> <span class='ocrx_word' id='word_1_95' title='bbox 1276 983 1479 1043; x_wconf 85' lang='lat' dir='ltr'>efficere</span> <span class='ocrx_word' id='word_1_96' title='bbox 1498 1006 1579 1042; x_wconf 86' lang='lat' dir='ltr'>res</span> <span class='ocrx_word' id='word_1_97' title='bbox 1614 982 1855 1058; x_wconf 82' lang='lat' dir='ltr'>ejusdem</span> 
     </span>
     <span class='ocr_line' id='line_1_12' title="bbox 244 1065 1880 1151; baseline -0.006 -20"><span class='ocrx_word' id='word_1_98' title='bbox 244 1074 420 1132; x_wconf 87' lang='lat' dir='ltr'>modi.</span> <span class='ocrx_word' id='word_1_99' title='bbox 461 1074 590 1129; x_wconf 84' lang='lat' dir='ltr'>Hoc</span> <span class='ocrx_word' id='word_1_100' title='bbox 612 1075 791 1151; x_wconf 82' lang='lat' dir='ltr'>cogita</span> <span class='ocrx_word' id='word_1_101' title='bbox 808 1111 825 1139; x_wconf 86' lang='lat'><em>,</em></span> <span class='ocrx_word' id='word_1_102' title='bbox 858 1076 1186 1149; x_wconf 81' lang='lat' dir='ltr'>Imperator,</span> <span class='ocrx_word' id='word_1_103' title='bbox 1208 1067 1244 1125; x_wconf 83' lang='lat' dir='ltr'>fi</span> <span class='ocrx_word' id='word_1_104' title='bbox 1263 1089 1408 1125; x_wconf 87' lang='lat' dir='ltr'>nunc</span> <span class='ocrx_word' id='word_1_105' title='bbox 1439 1066 1646 1124; x_wconf 84' lang='lat' dir='ltr'>barbari</span> <span class='ocrx_word' id='word_1_106' title='bbox 1663 1065 1727 1123; x_wconf 88' lang='lat' dir='ltr'>de</span> <span class='ocrx_word' id='word_1_107' title='bbox 1747 1082 1880 1122; x_wconf 89' lang='lat' dir='ltr'>no-·</span> 
     </span>
     <span class='ocr_line' id='line_1_13' title="bbox 242 1146 1854 1225; baseline -0.006 -11"><span class='ocrx_word' id='word_1_108' title='bbox 242 1156 329 1214; x_wconf 82' lang='lat' dir='ltr'>bis</span> <span class='ocrx_word' id='word_1_109' title='bbox 349 1158 580 1213; x_wconf 61' lang='lat' dir='ltr'>victores</span> <span class='ocrx_word' id='word_1_110' title='bbox 599 1152 740 1210; x_wconf 85' lang='lat' dir='ltr'>fiunt</span> <span class='ocrx_word' id='word_1_111' title='bbox 755 1155 955 1210; x_wconf 86' lang='lat' dir='ltr'>Italiam</span> <span class='ocrx_word' id='word_1_112' title='bbox 972 1170 1121 1209; x_wconf 88' lang='lat' dir='ltr'>tuam</span> <span class='ocrx_word' id='word_1_113' title='bbox 1141 1153 1379 1217; x_wconf 82' lang='lat' dir='ltr'>amitteS,</span> <span class='ocrx_word' id='word_1_114' title='bbox 1414 1157 1467 1207; x_wconf 65' lang='grc' dir='ltr'>ὅ(</span> <span class='ocrx_word' id='word_1_115' title='bbox 1487 1171 1589 1207; x_wconf 87' lang='lat' dir='ltr'>una</span> <span class='ocrx_word' id='word_1_116' title='bbox 1604 1146 1689 1205; x_wconf 81' lang='lat' dir='ltr'>hic</span> <span class='ocrx_word' id='word_1_117' title='bbox 1714 1149 1854 1225; x_wconf 82' lang='lat' dir='ltr'>peri-</span> 
     </span>
     <span class='ocr_line' id='line_1_14' title="bbox 242 1232 1854 1314; baseline -0.007 -19"><span class='ocrx_word' id='word_1_118' title='bbox 242 1238 327 1296; x_wconf 86' lang='lat' dir='ltr'>bit</span> <span class='ocrx_word' id='word_1_119' title='bbox 367 1239 629 1294; x_wconf 79' lang='lat' dir='ltr'>exercitus</span> <span class='ocrx_word' id='word_1_120' title='bbox 662 1276 679 1302; x_wconf 86' lang='lat'>‚</span> <span class='ocrx_word' id='word_1_121' title='bbox 730 1232 993 1314; x_wconf 82' lang='lat' dir='ltr'>supraque</span> <span class='ocrx_word' id='word_1_122' title='bbox 1043 1233 1304 1298; x_wconf 76' lang='lat' dir='ltr'>damnum</span> <span class='ocrx_word' id='word_1_123' title='bbox 1343 1234 1629 1308; x_wconf 82' lang='lat' dir='ltr'>accipietur</span> <span class='ocrx_word' id='word_1_124' title='bbox 1659 1233 1854 1308; x_wconf 86' lang='lat' dir='ltr'>ingens</span> 
     </span>
     <span class='ocr_line' id='line_1_15' title="bbox 242 1309 1855 1392; baseline -0.007 -13"><span class='ocrx_word' id='word_1_125' title='bbox 242 1320 491 1379; x_wconf 88' lang='lat' dir='ltr'>dedecus.</span> <span class='ocrx_word' id='word_1_126' title='bbox 534 1319 742 1374; x_wconf 87' lang='lat' dir='ltr'>omitto</span> <span class='ocrx_word' id='word_1_127' title='bbox 780 1317 954 1373; x_wconf 88' lang='lat' dir='ltr'>dicere</span> <span class='ocrx_word' id='word_1_128' title='bbox 974 1311 1290 1392; x_wconf 87' lang='lat' dir='ltr'>quod-causa</span> <span class='ocrx_word' id='word_1_129' title='bbox 1319 1316 1470 1370; x_wconf 85' lang='lat' dir='ltr'>exitii</span> <span class='ocrx_word' id='word_1_130' title='bbox 1485 1315 1754 1371; x_wconf 85' lang='lat' dir='ltr'>Romanis</span> <span class='ocrx_word' id='word_1_131' title='bbox 1770 1309 1855 1368; x_wconf 49' lang='lat' dir='ltr'>di*</span> 
     </span>
     <span class='ocr_line' id='line_1_16' title="bbox 241 1392 1854 1479; baseline -0.007 -19"><span class='ocrx_word' id='word_1_132' title='bbox 241 1421 468 1466; x_wconf 86' lang='lat' dir='ltr'>cemur,</span> <span class='ocrx_word' id='word_1_133' title='bbox 501 1395 717 1479; x_wconf 68' lang='lat' dir='ltr'>quituae</span> <span class='ocrx_word' id='word_1_134' title='bbox 748 1398 957 1455; x_wconf 87' lang='lat' dir='ltr'>cultum</span> <span class='ocrx_word' id='word_1_135' title='bbox 983 1397 1314 1474; x_wconf 81' lang='lat' dir='ltr'>MajestatiS‚</span> <span class='ocrx_word' id='word_1_136' title='bbox 1349 1392 1449 1453; x_wconf 88' lang='lat' dir='ltr'>suae</span> <span class='ocrx_word' id='word_1_137' title='bbox 1467 1393 1619 1452; x_wconf 90' lang='lat' dir='ltr'>saluti</span> <span class='ocrx_word' id='word_1_138' title='bbox 1642 1414 1854 1473; x_wconf 77' lang='lat' dir='ltr'>praepo-</span> 
     </span>
     <span class='ocr_line' id='line_1_17' title="bbox 240 1475 1852 1561; baseline -0.007 -19"><span class='ocrx_word' id='word_1_139' title='bbox 240 1482 389 1543; x_wconf 84' lang='lat' dir='ltr'>suere</span> <span class='ocrx_word' id='word_1_140' title='bbox 409 1506 423 1540; x_wconf 78' lang='lat' dir='ltr'>z</span> <span class='ocrx_word' id='word_1_141' title='bbox 452 1489 505 1540; x_wconf 87' lang='lat'>&amp;</span> <span class='ocrx_word' id='word_1_142' title='bbox 527 1481 637 1561; x_wconf 88' lang='lat' dir='ltr'>ipsa</span> <span class='ocrx_word' id='word_1_143' title='bbox 653 1481 911 1538; x_wconf 63' lang='lat' dir='ltr'>hactenus</span> <span class='ocrx_word' id='word_1_144' title='bbox 929 1478 1176 1559; x_wconf 88' lang='lat' dir='ltr'>prospera</span> <span class='ocrx_word' id='word_1_145' title='bbox 1193 1520 1209 1547; x_wconf 87' lang='lat'>‚</span> <span class='ocrx_word' id='word_1_146' title='bbox 1225 1477 1358 1535; x_wconf 90' lang='lat' dir='ltr'>nihil</span> <span class='ocrx_word' id='word_1_147' title='bbox 1375 1475 1509 1534; x_wconf 89' lang='lat' dir='ltr'>fient</span> <span class='ocrx_word' id='word_1_148' title='bbox 1526 1477 1669 1535; x_wconf 89' lang='lat' dir='ltr'>aliud</span> <span class='ocrx_word' id='word_1_149' title='bbox 1687 1496 1852 1555; x_wconf 90' lang='lat' dir='ltr'>quam</span> 
     </span>
     <span class='ocr_line' id='line_1_18' title="bbox 244 1559 1852 1627; baseline -0.006 -3"><span class='ocrx_word' id='word_1_150' title='bbox 244 1567 311 1624; x_wconf 87' lang='lat' dir='ltr'>ad</span> <span class='ocrx_word' id='word_1_151' title='bbox 330 1568 619 1622; x_wconf 79' lang='lat' dir='ltr'>maximam</span> <span class='ocrx_word' id='word_1_152' title='bbox 641 1565 995 1622; x_wconf 85' lang='lat' dir='ltr'>calamitatem</span> <span class='ocrx_word' id='word_1_153' title='bbox 1015 1566 1118 1622; x_wconf 84' lang='lat' dir='ltr'>via.</span> <span class='ocrx_word' id='word_1_154' title='bbox 1160 1564 1304 1620; x_wconf 85' lang='lat' dir='ltr'>Nam</span> <span class='ocrx_word' id='word_1_155' title='bbox 1325 1559 1362 1618; x_wconf 85' lang='lat' dir='ltr'>fi</span> <span class='ocrx_word' id='word_1_156' title='bbox 1379 1561 1619 1618; x_wconf 86' lang='lat' dir='ltr'>Romam</span> <span class='ocrx_word' id='word_1_157' title='bbox 1638 1600 1657 1627; x_wconf 77' lang='lat'>.,</span> <span class='ocrx_word' id='word_1_158' title='bbox 1680 1560 1852 1616; x_wconf 81' lang='lat' dir='ltr'>Cam-</span> 
     </span>
     <span class='ocr_line' id='line_1_19' title="bbox 240 1640 1869 1727; baseline -0.005 -22"><span class='ocrx_word' id='word_1_159' title='bbox 240 1652 458 1727; x_wconf 82' lang='lat' dir='ltr'>paniam</span> <span class='ocrx_word' id='word_1_160' title='bbox 480 1688 498 1714; x_wconf 85' lang='lat'>‚</span> <span class='ocrx_word' id='word_1_161' title='bbox 535 1648 765 1702; x_wconf 89' lang='lat' dir='ltr'>Siciliam</span> <span class='ocrx_word' id='word_1_162' title='bbox 783 1646 1018 1725; x_wconf 87' lang='lat' dir='ltr'>denique</span> <span class='ocrx_word' id='word_1_163' title='bbox 1038 1648 1336 1701; x_wconf 88' lang='lat' dir='ltr'>amittimus</span> <span class='ocrx_word' id='word_1_164' title='bbox 1355 1684 1372 1711; x_wconf 88' lang='lat'>‚</span> <span class='ocrx_word' id='word_1_165' title='bbox 1388 1664 1503 1717; x_wconf 90' lang='lat' dir='ltr'>non</span> <span class='ocrx_word' id='word_1_166' title='bbox 1523 1640 1731 1701; x_wconf 88' lang='lat' dir='ltr'>vacabit</span> <span class='ocrx_word' id='word_1_167' title='bbox 1748 1661 1869 1697; x_wconf 80' lang='lat' dir='ltr'>no·-</span> 
     </span>
     <span class='ocr_line' id='line_1_20' title="bbox 243 1721 1853 1809; baseline -0.006 -21"><span class='ocrx_word' id='word_1_168' title='bbox 243 1731 329 1788; x_wconf 82' lang='lat' dir='ltr'>bis</span> <span class='ocrx_word' id='word_1_169' title='bbox 349 1730 624 1809; x_wconf 88' lang='lat' dir='ltr'>deplorare</span> <span class='ocrx_word' id='word_1_170' title='bbox 660 1727 813 1807; x_wconf 89' lang='lat' dir='ltr'>quod</span> <span class='ocrx_word' id='word_1_171' title='bbox 831 1727 898 1785; x_wconf 91' lang='lat' dir='ltr'>de</span> <span class='ocrx_word' id='word_1_172' title='bbox 925 1728 1101 1783; x_wconf 89' lang='lat' dir='ltr'>alieno</span> <span class='ocrx_word' id='word_1_173' title='bbox 1120 1723 1407 1782; x_wconf 86' lang='lat' dir='ltr'>ditescendi</span> <span class='ocrx_word' id='word_1_174' title='bbox 1427 1724 1587 1781; x_wconf 83' lang='lat' dir='ltr'>nobis</span> <span class='ocrx_word' id='word_1_175' title='bbox 1605 1722 1666 1780; x_wconf 87' lang='lat' dir='ltr'>fit</span> <span class='ocrx_word' id='word_1_176' title='bbox 1684 1721 1853 1801; x_wconf 85' lang='lat' dir='ltr'>elapsa</span> 
     </span>
     <span class='ocr_line' id='line_1_21' title="bbox 244 1807 1858 1886; baseline -0.008 -16"><span class='ocrx_word' id='word_1_177' title='bbox 244 1812 476 1871; x_wconf 80' lang='lat' dir='ltr'>occasm.</span> <span class='ocrx_word' id='word_1_178' title='bbox 518 1817 630 1867; x_wconf 90' lang='lat' dir='ltr'>Iam</span> <span class='ocrx_word' id='word_1_179' title='bbox 648 1830 777 1868; x_wconf 91' lang='lat' dir='ltr'>vero</span> <span class='ocrx_word' id='word_1_180' title='bbox 802 1809 934 1866; x_wconf 91' lang='lat' dir='ltr'>illud</span> <span class='ocrx_word' id='word_1_181' title='bbox 951 1807 1214 1886; x_wconf 82' lang='lat' dir='ltr'>expendas</span> <span class='ocrx_word' id='word_1_182' title='bbox 1232 1809 1390 1865; x_wconf 88' lang='lat' dir='ltr'>velim</span> <span class='ocrx_word' id='word_1_183' title='bbox 1407 1847 1423 1874; x_wconf 88' lang='lat'>‚</span> <span class='ocrx_word' id='word_1_184' title='bbox 1455 1826 1736 1885; x_wconf 88' lang='lat' dir='ltr'>nunquam</span> <span class='ocrx_word' id='word_1_185' title='bbox 1753 1826 1858 1861; x_wconf 48' lang='lat' dir='ltr'>ana.</span> 
     </span>
     <span class='ocr_line' id='line_1_22' title="bbox 244 1888 1850 1957; baseline -0.006 -5"><span class='ocrx_word' id='word_1_186' title='bbox 244 1895 402 1952; x_wconf 85' lang='lat' dir='ltr'>tehac</span> <span class='ocrx_word' id='word_1_187' title='bbox 415 1891 766 1950; x_wconf 84' lang='lat' dir='ltr'>Romamdiu</span> <span class='ocrx_word' id='word_1_188' title='bbox 786 1930 804 1957; x_wconf 85' lang='lat'><em>‚</em></span> <span class='ocrx_word' id='word_1_189' title='bbox 838 1888 934 1948; x_wconf 88' lang='lat' dir='ltr'>nifi</span> <span class='ocrx_word' id='word_1_190' title='bbox 954 1892 1136 1947; x_wconf 85' lang='lat' dir='ltr'>multis</span> <span class='ocrx_word' id='word_1_191' title='bbox 1152 1889 1442 1946; x_wconf 86' lang='lat' dir='ltr'>hominum</span> <span class='ocrx_word' id='word_1_192' title='bbox 1461 1891 1698 1946; x_wconf 89' lang='lat' dir='ltr'>millibus</span> <span class='ocrx_word' id='word_1_193' title='bbox 1716 1928 1733 1955; x_wconf 85' lang='lat'>‚</span> <span class='ocrx_word' id='word_1_194' title='bbox 1752 1907 1850 1944; x_wconf 87' lang='lat' dir='ltr'>cu-</span> 
     </span>
     <span class='ocr_line' id='line_1_23' title="bbox 244 1970 1888 2055; baseline -0.006 -21"><span class='ocrx_word' id='word_1_195' title='bbox 244 1975 431 2034; x_wconf 84' lang='lat' dir='ltr'>stodiri</span> <span class='ocrx_word' id='word_1_196' title='bbox 466 1973 695 2055; x_wconf 84' lang='lat' dir='ltr'>potuisse</span> <span class='ocrx_word' id='word_1_197' title='bbox 728 2013 746 2039; x_wconf 83' lang='lat'>,</span> <span class='ocrx_word' id='word_1_198' title='bbox 813 1972 965 2052; x_wconf 90' lang='lat' dir='ltr'>quod</span> <span class='ocrx_word' id='word_1_199' title='bbox 1000 1980 1053 2030; x_wconf 85' lang='lat'>&amp;</span> <span class='ocrx_word' id='word_1_200' title='bbox 1104 1970 1210 2052; x_wconf 89' lang='lat' dir='ltr'>ipsa</span> <span class='ocrx_word' id='word_1_201' title='bbox 1244 1973 1411 2029; x_wconf 87' lang='lat' dir='ltr'>multa</span> <span class='ocrx_word' id='word_1_202' title='bbox 1456 1971 1850 2049; x_wconf 54' lang='lat' dir='ltr'>complectatur</span> <span class='ocrx_word' id='word_1_203' title='bbox 1886 2002 1888 2039; x_wconf 73' lang='lat'>3</span> 
     </span>
    </p>

    <p class='ocr_par' dir='ltr' id='par_1_2' title="bbox 186 2049 1888 2139">
     <span class='ocr_line' id='line_1_24' title="bbox 186 2049 1848 2139; baseline -0.005 -23"><span class='ocrx_word' id='word_1_204' title='bbox 186 2137 188 2139; x_wconf 5' lang='lat' dir='ltr'>K</span> <span class='ocrx_word' id='word_1_205' title='bbox 243 2058 430 2138; x_wconf 85' lang='lat' dir='ltr'>spatii,</span> <span class='ocrx_word' id='word_1_206' title='bbox 449 2064 501 2114; x_wconf 65' lang='lat' dir='ltr'>Sc</span> <span class='ocrx_word' id='word_1_207' title='bbox 523 2056 586 2125; x_wconf 85' lang='lat' dir='ltr'>‚fi</span> <span class='ocrx_word' id='word_1_208' title='bbox 604 2057 630 2114; x_wconf 74' lang='lat' dir='ltr'>a</span> <span class='ocrx_word' id='word_1_209' title='bbox 651 2057 782 2114; x_wconf 88' lang='lat' dir='ltr'>mari</span> <span class='ocrx_word' id='word_1_210' title='bbox 799 2054 1183 2113; x_wconf 86' lang='lat' dir='ltr'>intercludatur</span> <span class='ocrx_word' id='word_1_211' title='bbox 1200 2096 1216 2122; x_wconf 88' lang='lat'>‚</span> <span class='ocrx_word' id='word_1_212' title='bbox 1239 2054 1423 2111; x_wconf 88' lang='lat' dir='ltr'>multis</span> <span class='ocrx_word' id='word_1_213' title='bbox 1443 2052 1731 2110; x_wconf 89' lang='lat' dir='ltr'>carendum</span> <span class='ocrx_word' id='word_1_214' title='bbox 1752 2049 1848 2108; x_wconf 55' lang='lat' dir='ltr'>ha*</span> 
     </span>
    </p>

    <p class='ocr_par' dir='ltr' id='par_1_3' title="bbox 241 2133 1888 2467">
     <span class='ocr_line' id='line_1_25' title="bbox 245 2133 1888 2215; baseline -0.005 -17"><span class='ocrx_word' id='word_1_215' title='bbox 245 2140 372 2198; x_wconf 89' lang='lat' dir='ltr'>beat</span> <span class='ocrx_word' id='word_1_216' title='bbox 391 2137 703 2197; x_wconf 79' lang='lat' dir='ltr'>necessariis.</span> <span class='ocrx_word' id='word_1_217' title='bbox 762 2139 830 2194; x_wconf 79' lang='lat' dir='ltr'>Et</span> <span class='ocrx_word' id='word_1_218' title='bbox 849 2136 1019 2195; x_wconf 88' lang='lat' dir='ltr'>adhuc</span> <span class='ocrx_word' id='word_1_219' title='bbox 1054 2137 1274 2215; x_wconf 88' lang='lat' dir='ltr'>quidem</span> <span class='ocrx_word' id='word_1_220' title='bbox 1293 2133 1508 2193; x_wconf 85' lang='lat' dir='ltr'>student</span> <span class='ocrx_word' id='word_1_221' title='bbox 1536 2134 1699 2192; x_wconf 90' lang='lat' dir='ltr'>nobis</span> <span class='ocrx_word' id='word_1_222' title='bbox 1724 2134 1849 2190; x_wconf 45' lang='lat' dir='ltr'>Ro-f-</span> <span class='ocrx_word' id='word_1_223' title='bbox 1886 2139 1888 2155; x_wconf 71' lang='grc'><em>“</em></span> 
     </span>
     <span class='ocr_line' id='line_1_26' title="bbox 245 2216 1848 2299; baseline -0.006 -18"><span class='ocrx_word' id='word_1_224' title='bbox 245 2227 424 2281; x_wconf 88' lang='lat' dir='ltr'>mani:</span> <span class='ocrx_word' id='word_1_225' title='bbox 467 2225 546 2278; x_wconf 83' lang='lat' dir='ltr'>At</span> <span class='ocrx_word' id='word_1_226' title='bbox 566 2219 602 2278; x_wconf 85' lang='lat' dir='ltr'>fi</span> <span class='ocrx_word' id='word_1_227' title='bbox 627 2221 830 2278; x_wconf 89' lang='lat' dir='ltr'>malain</span> <span class='ocrx_word' id='word_1_228' title='bbox 850 2221 1078 2299; x_wconf 76' lang='lat' dir='ltr'>longum</span> <span class='ocrx_word' id='word_1_229' title='bbox 1101 2260 1118 2287; x_wconf 87' lang='lat'>‚</span> <span class='ocrx_word' id='word_1_230' title='bbox 1152 2218 1283 2275; x_wconf 79' lang='lat' dir='ltr'>sicut</span> <span class='ocrx_word' id='word_1_231' title='bbox 1309 2218 1558 2275; x_wconf 90' lang='lat' dir='ltr'>credibile</span> <span class='ocrx_word' id='word_1_232' title='bbox 1577 2216 1682 2284; x_wconf 88' lang='lat' dir='ltr'>est,</span> <span class='ocrx_word' id='word_1_233' title='bbox 1717 2236 1848 2295; x_wconf 87' lang='lat' dir='ltr'>pro-</span> 
     </span>
     <span class='ocr_line' id='line_1_27' title="bbox 241 2301 1848 2378; baseline -0.005 -15"><span class='ocrx_word' id='word_1_234' title='bbox 241 2304 540 2371; x_wconf 85' lang='lat' dir='ltr'>trahantur,</span> <span class='ocrx_word' id='word_1_235' title='bbox 559 2321 767 2360; x_wconf 89' lang='lat' dir='ltr'>vertent</span> <span class='ocrx_word' id='word_1_236' title='bbox 783 2304 1020 2358; x_wconf 87' lang='lat' dir='ltr'>animum</span> <span class='ocrx_word' id='word_1_237' title='bbox 1041 2301 1104 2358; x_wconf 87' lang='lat' dir='ltr'>ad</span> <span class='ocrx_word' id='word_1_238' title='bbox 1123 2303 1356 2358; x_wconf 85' lang='lat' dir='ltr'>utiliora.</span> <span class='ocrx_word' id='word_1_239' title='bbox 1397 2302 1541 2357; x_wconf 87' lang='lat' dir='ltr'>Nam</span> <span class='ocrx_word' id='word_1_240' title='bbox 1557 2301 1649 2378; x_wconf 90' lang='lat' dir='ltr'>qui</span> <span class='ocrx_word' id='word_1_241' title='bbox 1666 2318 1848 2355; x_wconf 63' lang='lat' dir='ltr'>recen⁵</span> 
     </span>
     <span class='ocr_line' id='line_1_28' title="bbox 245 2377 1848 2467; baseline -0.006 -23"><span class='ocrx_word' id='word_1_242' title='bbox 245 2406 326 2445; x_wconf 88' lang='lat' dir='ltr'>tes</span> <span class='ocrx_word' id='word_1_243' title='bbox 346 2385 588 2467; x_wconf 84' lang='lat' dir='ltr'>partibus</span> <span class='ocrx_word' id='word_1_244' title='bbox 606 2381 853 2442; x_wconf 82' lang='lat' dir='ltr'>accessere</span> <span class='ocrx_word' id='word_1_245' title='bbox 872 2425 887 2450; x_wconf 93' lang='lat'>,</span> <span class='ocrx_word' id='word_1_246' title='bbox 931 2388 1004 2441; x_wconf 91' lang='lat' dir='ltr'>ita</span> <span class='ocrx_word' id='word_1_247' title='bbox 1024 2383 1256 2462; x_wconf 84' lang='lat' dir='ltr'>perstant</span> <span class='ocrx_word' id='word_1_248' title='bbox 1285 2386 1340 2440; x_wconf 87' lang='lat' dir='ltr'>in</span> <span class='ocrx_word' id='word_1_249' title='bbox 1375 2380 1480 2439; x_wconf 89' lang='lat' dir='ltr'>fide</span> <span class='ocrx_word' id='word_1_250' title='bbox 1516 2380 1550 2438; x_wconf 82' lang='lat' dir='ltr'>fi</span> <span class='ocrx_word' id='word_1_251' title='bbox 1586 2377 1848 2452; x_wconf 81' lang='lat' dir='ltr'>beneficia</span> 
     </span>
    </p>

    <p class='ocr_par' dir='ltr' id='par_1_4' title="bbox 229 2464 1848 2629">
     <span class='ocr_line' id='line_1_29' title="bbox 229 2464 1848 2535; baseline -0.006 -8"><span class='ocrx_word' id='word_1_252' title='bbox 229 2468 473 2528; x_wconf 42' lang='lat' dir='ltr'>*sentiant</span> <span class='ocrx_word' id='word_1_253' title='bbox 490 2509 507 2535; x_wconf 88' lang='lat'>,</span> <span class='ocrx_word' id='word_1_254' title='bbox 554 2489 669 2524; x_wconf 88' lang='lat' dir='ltr'>non</span> <span class='ocrx_word' id='word_1_255' title='bbox 703 2465 740 2524; x_wconf 85' lang='lat' dir='ltr'>fi</span> <span class='ocrx_word' id='word_1_256' title='bbox 777 2468 834 2523; x_wconf 84' lang='lat' dir='ltr'>in</span> <span class='ocrx_word' id='word_1_257' title='bbox 869 2464 1096 2523; x_wconf 80' lang='lat' dir='ltr'>miserias</span> <span class='ocrx_word' id='word_1_258' title='bbox 1126 2465 1504 2523; x_wconf 14' lang='lat' dir='ltr'>detrudantur-A</span> <span class='ocrx_word' id='word_1_259' title='bbox 1527 2464 1612 2521; x_wconf 91' lang='lat' dir='ltr'>vel</span> <span class='ocrx_word' id='word_1_260' title='bbox 1642 2465 1848 2519; x_wconf 84' lang='lat' dir='ltr'>invitos</span> 
     </span>
     <span class='ocr_line' id='line_1_30' title="bbox 244 2543 1845 2629; baseline -0.007 -19"><span class='ocrx_word' id='word_1_261' title='bbox 244 2555 418 2611; x_wconf 84' lang='lat' dir='ltr'>multa</span> <span class='ocrx_word' id='word_1_262' title='bbox 433 2548 603 2607; x_wconf 86' lang='lat' dir='ltr'>facere</span> <span class='ocrx_word' id='word_1_263' title='bbox 622 2548 832 2629; x_wconf 82' lang='lat' dir='ltr'>subiget</span> <span class='ocrx_word' id='word_1_264' title='bbox 859 2545 1044 2606; x_wconf 86' lang='lat' dir='ltr'>fames.</span> <span class='ocrx_word' id='word_1_265' title='bbox 1092 2550 1213 2605; x_wconf 86' lang='lat' dir='ltr'>Scio</span> <span class='ocrx_word' id='word_1_266' title='bbox 1238 2569 1323 2603; x_wconf 87' lang='lat' dir='ltr'>me</span> <span class='ocrx_word' id='word_1_267' title='bbox 1343 2549 1504 2602; x_wconf 86' lang='lat' dir='ltr'>etiam</span> <span class='ocrx_word' id='word_1_268' title='bbox 1535 2547 1726 2602; x_wconf 86' lang='lat' dir='ltr'>mortis</span> <span class='ocrx_word' id='word_1_269' title='bbox 1745 2543 1845 2600; x_wconf 87' lang='lat' dir='ltr'>tibi</span> 
     </span>
    </p>

    <p class='ocr_par' dir='ltr' id='par_1_5' title="bbox 241 2627 1845 2713">
     <span class='ocr_line' id='line_1_31' title="bbox 241 2627 1845 2713; baseline -0.006 -21"><span class='ocrx_word' id='word_1_270' title='bbox 241 2639 543 2713; x_wconf 84' lang='lat' dir='ltr'>Imperator</span> <span class='ocrx_word' id='word_1_271' title='bbox 559 2630 657 2690; x_wconf 84' lang='lat' dir='ltr'>esse</span> <span class='ocrx_word' id='word_1_272' title='bbox 687 2630 988 2690; x_wconf 88' lang='lat' dir='ltr'>debitorem</span> <span class='ocrx_word' id='word_1_273' title='bbox 1010 2652 1023 2686; x_wconf 91' lang='lat'>:</span> <span class='ocrx_word' id='word_1_274' title='bbox 1065 2629 1188 2688; x_wconf 91' lang='lat' dir='ltr'>ideo</span> <span class='ocrx_word' id='word_1_275' title='bbox 1211 2634 1395 2688; x_wconf 87' lang='lat' dir='ltr'>vivum</span> <span class='ocrx_word' id='word_1_276' title='bbox 1429 2627 1551 2685; x_wconf 87' lang='lat' dir='ltr'>hinc</span> <span class='ocrx_word' id='word_1_277' title='bbox 1571 2649 1656 2684; x_wconf 88' lang='lat' dir='ltr'>me</span> <span class='ocrx_word' id='word_1_278' title='bbox 1676 2645 1845 2683; x_wconf 88' lang='lat' dir='ltr'>nemo</span> 
     </span>
    </p>

    <p class='ocr_par' dir='ltr' id='par_1_6' title="bbox 241 2707 1847 2794">
     <span class='ocr_line' id='line_1_32' title="bbox 241 2707 1847 2794; baseline -0.007 -19"><span class='ocrx_word' id='word_1_279' title='bbox 241 2716 501 2776; x_wconf 79' lang='lat' dir='ltr'>extrahet.</span> <span class='ocrx_word' id='word_1_280' title='bbox 536 2714 621 2773; x_wconf 92' lang='lat' dir='ltr'>sed</span> <span class='ocrx_word' id='word_1_281' title='bbox 642 2735 804 2794; x_wconf 87' lang='lat' dir='ltr'>quam</span> <span class='ocrx_word' id='word_1_282' title='bbox 824 2712 922 2772; x_wconf 90' lang='lat' dir='ltr'>tibi</span> <span class='ocrx_word' id='word_1_283' title='bbox 941 2711 1140 2770; x_wconf 85' lang='lat' dir='ltr'>famam</span> <span class='ocrx_word' id='word_1_284' title='bbox 1161 2713 1409 2770; x_wconf 83' lang='lat' dir='ltr'>allaturus</span> <span class='ocrx_word' id='word_1_285' title='bbox 1428 2709 1489 2767; x_wconf 87' lang='lat' dir='ltr'>fit</span> <span class='ocrx_word' id='word_1_286' title='bbox 1509 2713 1622 2767; x_wconf 88' lang='lat' dir='ltr'>talis</span> <span class='ocrx_word' id='word_1_287' title='bbox 1647 2707 1847 2766; x_wconf 86' lang='lat' dir='ltr'>Belisa-</span> 
     </span>
    </p>

    <p class='ocr_par' dir='ltr' id='par_1_7' title="bbox 241 2792 1847 2960">
     <span class='ocr_line' id='line_1_33' title="bbox 241 2792 1847 2860; baseline -0.007 -3"><span class='ocrx_word' id='word_1_288' title='bbox 241 2803 306 2857; x_wconf 90' lang='lat' dir='ltr'>rii</span> <span class='ocrx_word' id='word_1_289' title='bbox 325 2803 501 2858; x_wconf 83' lang='lat' dir='ltr'>exitus</span> <span class='ocrx_word' id='word_1_290' title='bbox 519 2838 534 2860; x_wconf 73' lang='lat'><em>2</em></span> <span class='ocrx_word' id='word_1_291' title='bbox 567 2800 629 2855; x_wconf 88' lang='lat' dir='ltr'>tu</span> <span class='ocrx_word' id='word_1_292' title='bbox 662 2796 873 2855; x_wconf 79' lang='lat' dir='ltr'>videris·</span> <span class='ocrx_word' id='word_1_293' title='bbox 920 2799 1024 2855; x_wconf 87' lang='lat' dir='ltr'>His</span> <span class='ocrx_word' id='word_1_294' title='bbox 1056 2792 1284 2853; x_wconf 81' lang='lat' dir='ltr'>Belisarii</span> <span class='ocrx_word' id='word_1_295' title='bbox 1312 2795 1478 2851; x_wconf 89' lang='lat' dir='ltr'>literis</span> <span class='ocrx_word' id='word_1_296' title='bbox 1513 2814 1626 2849; x_wconf 89' lang='lat' dir='ltr'>non</span> <span class='ocrx_word' id='word_1_297' title='bbox 1659 2794 1847 2850; x_wconf 79' lang='lat' dir='ltr'>leviter</span> 
     </span>
     <span class='ocr_line' id='line_1_34' title="bbox 241 2874 1846 2960; baseline -0.007 -20"><span class='ocrx_word' id='word_1_298' title='bbox 241 2901 432 2940; x_wconf 87' lang='lat' dir='ltr'>motus</span> <span class='ocrx_word' id='word_1_299' title='bbox 463 2887 762 2960; x_wconf 84' lang='lat' dir='ltr'>Imperator</span> <span class='ocrx_word' id='word_1_300' title='bbox 797 2880 1025 2937; x_wconf 85' lang='lat' dir='ltr'>militem</span> <span class='ocrx_word' id='word_1_301' title='bbox 1056 2898 1118 2935; x_wconf 88' lang='lat' dir='ltr'>ac</span> <span class='ocrx_word' id='word_1_302' title='bbox 1147 2898 1307 2935; x_wconf 84' lang='lat' dir='ltr'>naves</span> <span class='ocrx_word' id='word_1_303' title='bbox 1347 2897 1542 2956; x_wconf 83' lang='lat' dir='ltr'>magna</span> <span class='ocrx_word' id='word_1_304' title='bbox 1571 2874 1846 2953; x_wconf 79' lang='lat' dir='ltr'>diligentia</span> 
     </span>
    </p>
   </div>
   <div class='ocr_carea' id='block_1_2' title="bbox 244 2959 1849 3114">
    <p class='ocr_par' dir='ltr' id='par_1_8' title="bbox 244 2959 1849 3114">
     <span class='ocr_line' id='line_1_35' title="bbox 244 2959 1848 3093; baseline -0.009 -67"><span class='ocrx_word' id='word_1_305' title='bbox 244 2962 599 3026; x_wconf 72' lang='lat' dir='ltr'>contrahebat</span> <span class='ocrx_word' id='word_1_306' title='bbox 635 2986 651 3022; x_wconf 74' lang='lat' dir='ltr'>x</span> <span class='ocrx_word' id='word_1_307' title='bbox 708 2962 1164 3046; x_wconf 78' lang='lat' dir='ltr'>Valerianumque</span> <span class='ocrx_word' id='word_1_308' title='bbox 1207 2967 1261 3018; x_wconf 85' lang='lat'>&amp;</span> <span class='ocrx_word' id='word_1_309' title='bbox 1298 2959 1579 3020; x_wconf 83' lang='lat' dir='ltr'>Marinum</span> <span class='ocrx_word' id='word_1_310' title='bbox 1617 2959 1848 3093; x_wconf 52' lang='lat' dir='ltr'>celergre</span> 
     </span>
     <span class='ocr_line' id='line_1_36' title="bbox 1513 3053 1849 3114; baseline -0.006 -18"><span class='ocrx_word' id='word_1_311' title='bbox 1513 3058 1516 3061; x_wconf 83' lang='lat'>·</span> <span class='ocrx_word' id='word_1_312' title='bbox 1679 3057 1739 3114; x_wconf 74' lang='lat' dir='ltr'>Ju</span> <span class='ocrx_word' id='word_1_313' title='bbox 1784 3053 1849 3094; x_wconf 59' lang='lat' dir='ltr'>m</span> 
     </span>
    </p>
   </div>
  </div>
 </body>
</html>
