1888 3428
241 188 703 251 Gom-mem
742 187 1145 249 Htw-oium
1187 190 1459 255 L113.1V.
1486 204 1490 209 ’
1546 192 1671 276 4⁷4}

52 271 313 333 rabantur
329 314 347 341 ,
380 291 680 353 penetraret
697 315 715 343 ,
734 290 938 330 turrem
953 276 1007 329 &
1028 267 1382 350 superstantes
1393 276 1570 337 Persas
1588 283 1670 338 in-

53 357 258 416 cendit.
301 356 562 414 cadebant
600 352 796 437 perusti
826 373 947 433 pars
975 355 1114 410 intra
1133 358 1323 414 maenia
1350 379 1465 436 pars
1499 381 1666 429 extra,

52 460 170 520 quo
192 440 317 497 loco
340 438 596 498 machinae
615 479 632 505 ‚
663 457 955 515 earumque
975 439 1168 494 auxilia
1200 439 1439 496 Romani
1468 444 1670 503 consti-

52 539 255 580 terant.
296 520 364 578 fic
380 519 586 580 factum
604 521 699 586 est,
718 538 775 577 ut
793 521 1292 599 quiRomanorum
1311 521 1376 579 ad
1398 528 1538 581 muri
1557 529 1672 583 rui-

51 624 148 661 nas
181 603 531 683 pugnabant‚
572 602 817 662 hostibus
856 604 1037 660 minus
1070 603 1347 672 animose,
1385 605 1671 686 minusque

51 686 339 766 diligenter
359 709 475 746 rem
491 682 1006 751 administrantibu8‚
1023 687 1383 767 irrumperent
1397 728 1413 754 ‚
1435 692 1673 747 Petram-

51 789 160 848 que
183 772 234 825 vi
267 788 531 849 caperent.
579 770 869 848 quingenti
901 765 1208 837 Persarum,
1249 789 1518 849 occupato
1539 775 1672 831 arcis

51 849 292 930 praesidio
310 892 326 919 ,
359 852 437 909 ibi
453 850 504 909 se
522 892 539 919 ,
562 851 690 908 nihil
712 853 785 908 rei
806 869 1024 930 agentes
1042 892 1056 912 ‚
1076 871 1317 911 tenuere:
1362 872 1584 913 caeteros
1602 876 1673 913 o-

52 953 210 990 mnes
238 937 332 1012 qui
359 930 627 992 interfeffi
662 954 778 991 non
808 930 1023 991 fuerant
1070 934 1303 1009 (horum
1328 958 1585 995 numerus
1604 940 1671 996 ad

50 1013 422 1094 septingentos
452 1021 507 1073 &
542 1016 764 1096 triginta
794 1016 1182 1094 perveniebat)
1222 1020 1463 1078 Romani
1498 1025 1673 1100 capti-

50 1118 152 1157 vos
186 1094 375 1155 fecere.
420 1101 479 1157 in
510 1098 593 1156 his
612 1097 746 1155 οᾶο
777 1102 972 1180 integri
995 1099 1431 1178 reperiebantur,
1474 1104 1674 1183 reliqui

49 1179 366 1238 vulneribus
413 1184 659 1261 acceptis.
718 1178 807 1238 sed
841 1188 895 1239 &
943 1183 1328 1241 Romanorum
1372 1185 1672 1244 ceciderant

52 1263 210 1318 multi
231 1302 248 1330 ‚
293 1282 350 1319 ac
367 1259 538 1322 ferme
554 1266 800 1343 optimus
819 1261 1043 1343 quisque
1062 1308 1076 1328 ,
1113 1271 1167 1323 &
1188 1266 1293 1345 ipse
1315 1266 1556 1325 Thomae
1575 1273 1671 1324 Io-

48 1340 254 1402 hannes
287 1344 460 1422 lapide
489 1344 517 1402 a
546 1344 793 1403 Barbaris
823 1344 1089 1426 percussus
1129 1367 1292 1425 caput
1312 1390 1329 1417 ,
1383 1353 1439 1406 in
1474 1350 1670 1407 urbem

50 1424 184 1483 durn
204 1429 455 1507 irrumpit
472 1470 489 1494 ,
521 1426 641 1505 post
660 1428 978 1487 admirandae
997 1431 1206 1485 virtutis
1224 1428 1341 1487 ausa
1361 1433 1416 1486 in
1436 1429 1672 1491 hostem.

47 1507 314 1568 Postridie
334 1512 576 1568 Romani
594 1509 874 1576 Barbaros,
904 1513 959 1567 in
978 1531 1150 1567 arcem
1171 1515 1265 1590 qui
1288 1511 1671 1595 confugerant,

49 1590 339 1650 obfidione
375 1591 664 1660 claudunt,
694 1590 958 1671 simulque
986 1591 1163 1651 verbis
1185 1597 1425 1652 mulcent
1447 1637 1465 1664 ,
1500 1601 1673 1677 parati

48 1671 215 1731 fidem
236 1673 358 1731 dare
377 1674 444 1731 de
463 1676 570 1730 vita
588 1672 708 1753 ipsis
738 1671 1019 1739 servanda,
1060 1671 1148 1751 spe
1167 1683 1428 1755 concepta
1460 1676 1580 1736 fore
1606 1697 1671 1737 ut

47 1753 202 1813 fracti
236 1758 427 1813 animis
457 1753 622 1814 Persae
656 1754 822 1812 semet
857 1756 1134 1830 dederent.
1177 1761 1256 1816 At
1288 1760 1365 1815 illi
1392 1762 1669 1842 colloquia

50 1835 339 1918 aspernati,
362 1838 426 1896 ad
445 1835 794 1896 resistendum
811 1837 860 1896 se
882 1859 1199 1917 comparant
1213 1882 1229 1908 ,
1249 1863 1363 1900 non
1383 1844 1535 1922 quod
1553 1865 1668 1902 crex

50 1919 239 1979 derent
266 1920 358 1979 diu
379 1920 429 1979 se
455 1923 512 1978 in
545 1919 749 2000 quibus
782 1939 932 1978 erant
966 1923 1118 1978 malis
1153 1923 1342 1981 durare
1361 1923 1507 2002 posse
1528 1967 1545 1994 ,
1578 1924 1668 1985 sed

49 2006 246 2061 mortis
263 2001 497 2061 honestae
517 2003 670 2061 avidi.
714 2006 926 2059 Verum
944 2001 1073 2060 Besa
1092 2045 1108 2070 ,
1149 2026 1273 2063 cum
1291 2005 1429 2064 hanc
1447 2009 1547 2065 illis
1567 2010 1669 2066 ob-

49 2082 394 2144 stinationem
417 2104 662 2144 excutere
685 2091 740 2142 &
775 2086 1167 2144 incolumitatis
1201 2087 1520 2147 desiderium
1541 2094 1663 2168 inji-

49 2187 166 2228 cere
186 2170 382 2236 vellet‚
415 2170 643 2226 militem
679 2168 951 2247 quendam
986 2170 1307 2229 Romanum
1338 2173 1479 2231 adire
1498 2195 1666 2253 quam

48 2255 327 2332 proxime,
361 2257 416 2309 &
451 2250 758 2309 sermonem
780 2248 1168 2324 sociarejuffit‚
1205 2274 1325 2334 quae
1344 2254 1568 2315 dicenda
1586 2258 1668 2316 es-

49 2334 162 2393 sent
194 2335 526 2416 praecipiens.
568 2339 618 2390 Is
639 2333 732 2390 ubi
753 2332 1062 2391 constiterat
1083 2336 1226 2393 unde
1256 2338 1497 2402 exaudiri
1518 2336 1674 2405 facile-

50 2415 219 2497 poffet
236 2458 254 2485 ,
284 2415 353 2473 fic
377 2415 528 2475 orsus
546 2414 639 2473 est.
687 2419 814 2483 Qua
832 2417 896 2474 de
927 2415 1077 2475 causa
1107 2421 1226 2476 irati
1246 2418 1667 2500 vobismetipfis,

50 2501 247 2579 optimi
263 2497 427 2558 Persae
444 2541 463 2569 ‚
502 2497 785 2557 extenditis
804 2520 1064 2557 aerumnas
1087 2543 1103 2569 ‚
1135 2506 1191 2558 in
1218 2504 1445 2561 exitialia
1461 2501 1670 2564 stolido.

52 2599 268 2644 ruentes
292 2585 499 2659 impetu
514 2623 532 2650 ,
566 2602 692 2638 cum
713 2602 847 2639 verae
865 2585 1081 2640 virtutis
1098 2593 1424 2650 contemtu?
1466 2589 1667 2667 Neque

3 2712 8 2717 .
53 2667 198 2727 enim
215 2661 556 2722 fortitudinis
575 2663 650 2721 est
669 2683 856 2727 contra
888 2665 1216 2726 inevitabilia
1231 2669 1419 2727 luctari
1437 2711 1455 2738 ,
1487 2692 1667 2750 neque

53 2745 349 2824 prudentiae
376 2748 563 2806 cedere
582 2749 725 2805 nolle
753 2747 1051 2805 victoribus
1070 2790 1087 2817 ,
1116 2771 1293 2831 neque
1312 2766 1469 2833 turpe
1495 2757 1664 2811 vitam

54 2826 247 2886 ducere
265 2826 495 2889 fortunae
529 2849 944 2911 congruentem.
991 2831 1287 2891 Neceffitas
1307 2874 1324 2902 ,
1361 2839 1447 2892 cui
1464 2832 1578 2914 spes
1596 2856 1664 2890 o-

55 2913 197 2968 mnis
212 2910 359 2969 bona
382 2910 525 2971 abest
542 2954 559 2981 ,
593 2915 789 2969 merito
807 2910 836 2970 ὲ
853 2912 1116 2972 dedecore
1135 2915 1300 2973 libera
1318 2913 1393 2973 est
1409 2959 1427 2985 ,
1458 2913 1665 2974 etiamsi

54 2991 120 3054 ad
140 2993 288 3055 aestus
320 2997 498 3058 veniat
542 2998 835 3076 caeteroqui
868 2992 1061 3061 faedos‚‚
1105 2998 1308 3059 malum
1329 2994 1473 3057 enim
1493 3018 1662 3056 omne

1509 3099 1662 3156 cujus
