1888 3428
213 165 337 251 '442
570 168 957 229 Pnocopn'
1013 162 1549 226 CiffisARm-:Nsi's'

212 251 465 336 spondit:
498 249 773 310 inhiberi&
806 248 856 309 se
887 250 1364 329 oppugnationem
1382 270 1497 307 non
1518 245 1659 329 pofle
1679 287 1697 315 ,
1732 248 1827 310 xre-3

215 358 340 395 rum
363 334 399 394 fi
435 337 530 416 qui
567 333 632 394 de
663 335 831 414 pactis
858 331 1037 390 secum
1057 333 1298 411 colloqui
1331 333 1557 398 vellent,
1589 331 1831 391 dum-di-

217 422 479 479 micarent
499 420 671 481 caeteri
687 459 704 485 ,
743 415 792 473 se
814 415 1055 474 cumillis
1073 415 1137 472 ad
1156 414 1308 471 aliam
1333 418 1600 472 moenium
1620 433 1828 493 partem

215 500 528 561 secessurum
558 545 574 566 ,
627 506 681 556 δε
710 499 897 556 locum
931 496 1280 556 monstrabat.
1322 499 1422 554 illis
1453 497 1507 555 id
1540 519 1655 555 non
1690 501 1830 555 acci-

215 585 492 664 pientibus
515 624 530 644 ,
561 579 875 640 recrudescit
902 602 1083 661 pugna
1102 621 1118 647 ‚
1147 583 1297 660 gravi
1317 578 1521 637 collisu.
1563 583 1829 660 Dumque
1885 609 1888 614 Α

215 667 294 725 ibi
328 667 499 724 dubio
531 666 709 722 Marte
743 682 1008 731 certatur,
1041 665 1138 720 alia
1160 668 1382 744 regione
1402 682 1626 730 murus,
1662 684 1830 742 quem
1886 720 1888 735 ,

216 746 473 808 adfodere
505 748 747 804 Romani
780 747 950 805 modo
988 745 1281 812 desierant,
1321 743 1505 803 subito
1529 745 1831 807 coflabitur.
1887 759 1888 819 ξ

219 830 508 890 concursus
525 851 591 887 eo
609 830 816 888 multus
831 828 893 886 fit
909 831 1181 908 utrinque.
1226 830 1467 886 Romani
1484 848 1718 885 numero
1737 849 1832 884 va·
1887 845 1888 850 ’

216 915 434 973 lidiores
455 956 471 981 ,
501 932 811 991 quanquam
831 917 886 969 in
906 911 1038 969 duas
1059 910 1292 969 distracti
1311 929 1507 989 partes,
1527 915 1731 986 majore
1748 909 1835 968 et-

217 999 327 1054 iam
342 1018 504 1077 quam
526 1013 646 1051 ante
671 998 881 1073 impetu
903 994 1181 1051 trudentes
1196 1034 1212 1059 ‚
1242 998 1496 1069 jacientes
1514 1033 1532 1058 ,
1570 992 1711 1050 hosti
1733 1014 1834 1049 ne·-

216 1083 436 1159 gotium
457 1081 648 1158 ingens
677 1072 1011 1134 faceffebant.
1053 1077 1218 1133 Persae
1256 1078 1512 1155 utrinque
1533 1078 1837 1155 oppugnati

217 1159 523 1219 resistebant
555 1159 898 1238 languidiu8‚
944 1164 1000 1216 &
1035 1157 1334 1215 notabilior
1367 1174 1478 1215 erat
1508 1160 1565 1214 in
1603 1157 1835 1214 diduc‘Ptis

218 1245 473 1321 paucitas.
517 1243 642 1297 Hos
669 1244 809 1297 inter
843 1238 1086 1308 laboreS‚
1126 1240 1258 1298 dum
1292 1261 1391 1296 nec
1416 1238 1584 1296 Persae
1619 1243 1838 1296 incum-

217 1326 410 1381 bentes
446 1322 541 1380 fibi
583 1319 765 1378 hostes
793 1339 1005 1401 queunt
1034 1321 1299 1401 depellere
1318 1363 1336 1389 ,
1374 1337 1564 1398 ‘neque
1593 1323 1838 1378 Romani

216 1410 360 1484 viam
382 1403 479 1462 fibi
513 1408 569 1461 in
596 1403 790 1461 urbem
811 1407 1134 1472 inveniunt,
1168 1406 1384 1476 juvenis
1413 1407 1712 1460 Armenius
1744 1409 1841 1461 Io-
1872 1471 1884 1485 ‚

217 1488 422 1548 hannes
442 1486 618 1546 dictus
638 1528 655 1555 ‚
673 1485 909 1544 Thomae
927 1483 1070 1543 filius
1087 1527 1104 1554 ,
1141 1486 1331 1543 Guzes
1349 1490 1646 1566 agnomine
1661 1527 1678 1552 ‚
1715 1488 1841 1543 reli-

219 1573 313 1630 ἃο
336 1573 478 1628 muri
494 1569 644 1626 hiatu
666 1571 799 1627 &iis
818 1570 911 1647 qui
931 1571 1066 1625 circa
1083 1589 1211 1628 eum
1229 1565 1599 1649 fatigabantur
1613 1610 1630 1636 ,
1643 1565 1839 1625 affum-

218 1658 288 1713 tis
319 1652 663 1732 popularium
699 1671 814 1707 non
846 1651 1063 1717 multiS,
1097 1671 1194 1728 per
1225 1670 1521 1730 praerupta,
1549 1658 1657 1731 qna
1690 1656 1840 1728 parte

219 1732 703 1814 inexpugnabilem
723 1731 914 1789 urbem
935 1752 1102 1788 nemo
1125 1753 1238 1789 non
1259 1733 1511 1790 credebat
1530 1771 1549 1797 ‚
1585 1732 1727 1790 vadit
1742 1774 1761 1801 ‚
1785 1735 1839 1792 vi

219 1832 656 1900 propugnatores
693 1811 1041 1894 aggressurus.
1083 1817 1269 1892 Atque
1289 1813 1383 1871 ubi
1414 1815 1479 1871 ad
1500 1817 1690 1892 pinnas
1716 1824 1863 1893 per-'

219 1918 470 1966 venerat,
492 1895 768 1955 Persarum
789 1895 1060 1974 quendam
1078 1894 1248 1954 visum
1266 1900 1406 1953 inter
1424 1896 1672 1954 custodes
1692 1906 1842 1955 acer·-

219 1987 421 2043 rimum
448 2021 463 2046 ,
493 1979 636 2036 hasta
654 1975 942 2035 interficit:
987 1998 1045 2033 ac
1064 1976 1130 2034 sic
1148 1977 1324 2037 aditus
1341 1978 1416 2034 ibi
1437 1982 1493 2036 in
1512 1977 1701 2037 urbem
1714 1980 1839 2038 -Ro-

221 2068 395 2122 manis
413 2061 585 2119 faetus
603 2060 697 2118 est.
741 2057 905 2118 Persae
926 2062 1129 2117 interea
1142 2102 1159 2128 ,
1195 2063 1287 2139 qui
1306 2063 1360 2116 in
1376 2078 1520 2118 turre
1536 2062 1715 2141 lignea
1732 2063 1836 2120 sta·-

221 2147 354 2205 bant
377 2187 394 2214 ,
431 2145 573 2202 dolia
591 2184 607 2211 ‚
644 2141 843 2222 quibus
861 2143 1113 2199 alimenta
1138 2147 1351 2223 ignium
1371 2145 1579 2201 inerant
1597 2185 1615 2211 ‚
1647 2164 1840 2203 accen-
1886 2201 1887 2204 ,

222 2230 362 2292 dunt
394 2228 623 2306 plurima
643 2267 660 2293 ,
692 2242 751 2281 ut
779 2226 1104 2300 injectorum
1143 2228 1296 2302 copia
1329 2244 1544 2297 urerent
1566 2227 1840 2292 machinas

224 2309 504 2390 virosque,
545 2328 668 2365 cum
700 2328 814 2363 non
846 2304 1051 2386 possent
1075 2306 1103 2363 a
1123 2306 1489 2365 machinarum
1520 2317 1838 2389 propugna—

223 2393 436 2452 toribus
472 2391 663 2451 cuncffiza
683 2387 842 2446 simul
874 2392 1048 2446 contis
1077 2388 1297 2469 dispelli..
1338 2387 1427 2447 sed
1458 2391 1634 2469 aspera
1662 2395 1725 2448 ac
1740 2414 1838 2467 ve-

223 2476 449 2541 hemens
469 2472 625 2530 austri
659 2475 769 2539 νίς,
809 2468 988 2529 subito
1012 2475 1067 2529 in
1096 2473 1218 2530 illos
1241 2494 1441 2552 magno
1461 2486 1586 2530 cum
1612 2471 1837 2553 strepitu

223 2557 274 2623 se
307 2554 541 2615 inferens
561 2597 577 2624 ‚
619 2557 800 2612 retulit
831 2551 1104 2613 flammam
1126 2595 1142 2621 ,
1174 2558 1245 2611 ita
1265 2571 1324 2612 ut
1341 2557 1501 2612 turris
1530 2553 1835 2614 tabularum

227 2661 393 2699 unam
422 2640 612 2697 leviter
655 2638 1015 2715 contingeret.
1058 2639 1230 2694 Dum
1270 2637 1324 2695 id
1357 2657 1472 2694 non
1500 2638 1837 2696 animadver‘

224 2739 414 2781 terunt
448 2718 608 2778 Persae
633 2761 649 2786 ‚
698 2723 721 2791 <
740 2721 811 2776 ita
844 2718 998 2776 labor
1022 2726 1077 2777 ὃς
1106 2720 1371 2777 tumuitus
1404 2722 1597 2799 ingens
1634 2719 1839 2777 metus-
1882 2788 1885 2790 q

226 2826 334 2885 que
356 2802 544 2862 animis
580 2799 634 2858 in
671 2819 823 2857 tanto
846 2803 1084 2878 periculo
1109 2801 1430 2880 perturbatis
1464 2800 1681 2859 sensum.
1708 2803 1837 2860 ade-‘-

227 2890 439 2958 metat)
477 2885 733 2963 paulatim
770 2882 1072 2964 progressus
1101 2888 1275 2964 igniS,
1319 2881 1495 2940 donec
1531 2883 1595 2940 ad
1622 2884 1834 2941 Medeae

230 2971 415 3029 oleum
435 2964 489 3030 δὲ
523 2987 639 3050 quae
668 2966 764 3024 alia
789 2970 846 3028 in
880 2968 1168 3046 pernitiem
1185 2965 1421 3025 hostium
1452 2968 1851 3042 continuo-pa-

1643 3045 1836 3105 raban-
