<?xml version="1.0" encoding="UTF-8"?>
<!DOCTYPE html PUBLIC "-//W3C//DTD XHTML 1.0 Transitional//EN"
    "http://www.w3.org/TR/xhtml1/DTD/xhtml1-transitional.dtd">
<html xmlns="http://www.w3.org/1999/xhtml" xml:lang="en" lang="en">
 <head>
  <title>
</title>
<meta http-equiv="Content-Type" content="text/html;charset=utf-8" />
  <meta name='ocr-system' content='tesseract 3.04.00' />
  <meta name='ocr-capabilities' content='ocr_page ocr_carea ocr_par ocr_line ocrx_word'/>
</head>
<body>
  <div class='ocr_page' id='page_1' title='image "./historiagotthoru00grot_0216.png"; bbox 0 0 1888 3428; ppageno 0'>
   <div class='ocr_carea' id='block_1_1' title="bbox 215 139 1888 2284">
    <p class='ocr_par' dir='ltr' id='par_1_1' title="bbox 215 139 1888 2284">
     <span class='ocr_line' id='line_1_1' title="bbox 231 139 1853 233; baseline -0.007 -23"><span class='ocrx_word' id='word_1_1' title='bbox 231 158 316 233; x_wconf 71' lang='lat'><strong>56</strong></span> <span class='ocrx_word' id='word_1_2' title='bbox 548 144 929 229; x_wconf 63' lang='lat' dir='ltr'><strong>PRO-comt</strong></span> <span class='ocrx_word' id='word_1_3' title='bbox 972 139 1517 203; x_wconf 61' lang='lat' dir='ltr'>CAEsAREENsw</span> <span class='ocrx_word' id='word_1_4' title='bbox 1851 211 1853 213; x_wconf 17' lang='lat'>¹</span> 
     </span>
     <span class='ocr_line' id='line_1_2' title="bbox 232 221 1853 308; baseline -0.006 -16"><span class='ocrx_word' id='word_1_5' title='bbox 232 236 383 292; x_wconf 86' lang='lat' dir='ltr'><strong>enim</strong></span> <span class='ocrx_word' id='word_1_6' title='bbox 400 228 596 294; x_wconf 75' lang='lat' dir='ltr'><strong>licebat·</strong></span> <span class='ocrx_word' id='word_1_7' title='bbox 610 230 827 294; x_wconf 86' lang='lat' dir='ltr'><strong>Hunno</strong></span> <span class='ocrx_word' id='word_1_8' title='bbox 847 231 1102 308; x_wconf 82' lang='lat' dir='ltr'>cuiquam</span> <span class='ocrx_word' id='word_1_9' title='bbox 1118 226 1329 289; x_wconf 86' lang='lat' dir='ltr'><strong>hostem</strong></span> <span class='ocrx_word' id='word_1_10' title='bbox 1346 224 1504 284; x_wconf 88' lang='lat' dir='ltr'><strong>ferire</strong></span> <span class='ocrx_word' id='word_1_11' title='bbox 1522 267 1541 296; x_wconf 85' lang='lat'>‚</span> <span class='ocrx_word' id='word_1_12' title='bbox 1559 221 1853 307; x_wconf 65' lang='lat' dir='ltr'><strong>antequani</strong></span> 
     </span>
     <span class='ocr_line' id='line_1_3' title="bbox 239 305 1855 395; baseline -0.004 -22"><span class='ocrx_word' id='word_1_13' title='bbox 239 316 309 373; x_wconf 84' lang='lat' dir='ltr'><strong>ab</strong></span> <span class='ocrx_word' id='word_1_14' title='bbox 344 320 458 392; x_wconf 92' lang='lat' dir='ltr'><strong>ejus</strong></span> <span class='ocrx_word' id='word_1_15' title='bbox 473 315 683 395; x_wconf 83' lang='lat' dir='ltr'><strong>generis</strong></span> <span class='ocrx_word' id='word_1_16' title='bbox 702 313 885 391; x_wconf 86' lang='lat' dir='ltr'><strong>aliquo</strong></span> <span class='ocrx_word' id='word_1_17' title='bbox 905 332 1101 391; x_wconf 83' lang='lat' dir='ltr'><strong>pugnae</strong></span> <span class='ocrx_word' id='word_1_18' title='bbox 1130 312 1347 366; x_wconf 80' lang='lat' dir='ltr'><strong>initium</strong></span> <span class='ocrx_word' id='word_1_19' title='bbox 1375 305 1584 366; x_wconf 62' lang='lat' dir='ltr'><strong>faotum</strong></span> <span class='ocrx_word' id='word_1_20' title='bbox 1599 310 1741 367; x_wconf 84' lang='lat' dir='ltr'><strong>effet.</strong></span> <span class='ocrx_word' id='word_1_21' title='bbox 1784 316 1855 378; x_wconf 84' lang='lat' dir='ltr'><strong>Is,</strong></span> 
     </span>
     <span class='ocr_line' id='line_1_4' title="bbox 237 387 1854 476; baseline -0.006 -20"><span class='ocrx_word' id='word_1_22' title='bbox 237 419 368 456; x_wconf 88' lang='lat' dir='ltr'><strong>cum</strong></span> <span class='ocrx_word' id='word_1_23' title='bbox 403 399 701 476; x_wconf 80' lang='lat' dir='ltr'><strong>nonlonge</strong></span> <span class='ocrx_word' id='word_1_24' title='bbox 723 398 865 452; x_wconf 86' lang='lat' dir='ltr'><strong>inter</strong></span> <span class='ocrx_word' id='word_1_25' title='bbox 897 394 948 452; x_wconf 85' lang='lat' dir='ltr'><strong>se</strong></span> <span class='ocrx_word' id='word_1_26' title='bbox 979 387 1333 450; x_wconf 82' lang='lat' dir='ltr'><strong>constitissent</strong></span> <span class='ocrx_word' id='word_1_27' title='bbox 1366 393 1663 453; x_wconf 84' lang='lat' dir='ltr'><strong>exercitus,</strong></span> <span class='ocrx_word' id='word_1_28' title='bbox 1706 412 1854 470; x_wconf 88' lang='lat' dir='ltr'><strong>equo</strong></span> 
     </span>
     <span class='ocr_line' id='line_1_5' title="bbox 244 473 1854 561; baseline -0.005 -24"><span class='ocrx_word' id='word_1_29' title='bbox 244 482 494 561; x_wconf 78' lang='lat' dir='ltr'><strong>proxime</strong></span> <span class='ocrx_word' id='word_1_30' title='bbox 512 478 782 538; x_wconf 84' lang='lat' dir='ltr'><strong>Vandalos</strong></span> <span class='ocrx_word' id='word_1_31' title='bbox 798 517 817 544; x_wconf 88' lang='lat'>‚</span> <span class='ocrx_word' id='word_1_32' title='bbox 848 479 1146 535; x_wconf 89' lang='lat' dir='ltr'><strong>comitante</strong></span> <span class='ocrx_word' id='word_1_33' title='bbox 1165 476 1379 532; x_wconf 88' lang='lat' dir='ltr'><strong>nemine</strong></span> <span class='ocrx_word' id='word_1_34' title='bbox 1401 509 1418 542; x_wconf 64' lang='lat'>5</span> <span class='ocrx_word' id='word_1_35' title='bbox 1448 474 1742 552; x_wconf 62' lang='lat' dir='ltr'><strong>provectus</strong></span> <span class='ocrx_word' id='word_1_36' title='bbox 1758 473 1854 530; x_wconf 89' lang='lat' dir='ltr'><strong>est.-</strong></span> 
     </span>
     <span class='ocr_line' id='line_1_6' title="bbox 239 553 1855 630; baseline -0.006 -9"><span class='ocrx_word' id='word_1_37' title='bbox 239 567 324 621; x_wconf 82' lang='lat' dir='ltr'><strong>At</strong></span> <span class='ocrx_word' id='word_1_38' title='bbox 340 562 569 623; x_wconf 81' lang='lat' dir='ltr'>Vandali</span> <span class='ocrx_word' id='word_1_39' title='bbox 588 603 607 630; x_wconf 84' lang='lat'>‚</span> <span class='ocrx_word' id='word_1_40' title='bbox 643 559 750 617; x_wconf 82' lang='lat' dir='ltr'><strong>sive</strong></span> <span class='ocrx_word' id='word_1_41' title='bbox 780 558 1023 617; x_wconf 87' lang='lat' dir='ltr'><strong>admirati</strong></span> <span class='ocrx_word' id='word_1_42' title='bbox 1055 555 1260 619; x_wconf 88' lang='lat' dir='ltr'><strong>fortem</strong></span> <span class='ocrx_word' id='word_1_43' title='bbox 1291 557 1391 615; x_wconf 86' lang='lat' dir='ltr'><strong>viri</strong></span> <span class='ocrx_word' id='word_1_44' title='bbox 1415 558 1658 613; x_wconf 88' lang='lat' dir='ltr'><strong>animum</strong></span> <span class='ocrx_word' id='word_1_45' title='bbox 1682 595 1700 623; x_wconf 87' lang='lat'><strong>,</strong></span> <span class='ocrx_word' id='word_1_46' title='bbox 1745 553 1855 614; x_wconf 79' lang='lat' dir='ltr'><strong>five</strong></span> 
     </span>
     <span class='ocr_line' id='line_1_7' title="bbox 237 636 1879 723; baseline -0.007 -19"><span class='ocrx_word' id='word_1_47' title='bbox 237 645 434 704; x_wconf 89' lang='lat' dir='ltr'><strong>dolum</strong></span> <span class='ocrx_word' id='word_1_48' title='bbox 464 648 698 723; x_wconf 82' lang='lat' dir='ltr'><strong>aliquem</strong></span> <span class='ocrx_word' id='word_1_49' title='bbox 725 640 979 699; x_wconf 87' lang='lat' dir='ltr'>hostilem</span> <span class='ocrx_word' id='word_1_50' title='bbox 1007 637 1357 719; x_wconf 72' lang='lat' dir='ltr'><strong>suspicante8‚</strong></span> <span class='ocrx_word' id='word_1_51' title='bbox 1403 659 1582 718; x_wconf 87' lang='lat' dir='ltr'><strong>neque</strong></span> <span class='ocrx_word' id='word_1_52' title='bbox 1614 636 1666 695; x_wconf 86' lang='lat' dir='ltr'><strong>se</strong></span> <span class='ocrx_word' id='word_1_53' title='bbox 1695 657 1879 702; x_wconf 68' lang='lat' dir='ltr'><strong>com-‚</strong></span> 
     </span>
     <span class='ocr_line' id='line_1_8' title="bbox 218 717 1857 804; baseline -0.005 -18"><span class='ocrx_word' id='word_1_54' title='bbox 218 747 467 795; x_wconf 46' lang='lat' dir='ltr'><strong>„movere</strong></span> <span class='ocrx_word' id='word_1_55' title='bbox 495 767 514 796; x_wconf 89' lang='lat'>‚</span> <span class='ocrx_word' id='word_1_56' title='bbox 563 746 743 804; x_wconf 90' lang='lat' dir='ltr'><strong>neque</strong></span> <span class='ocrx_word' id='word_1_57' title='bbox 773 721 947 801; x_wconf 85' lang='lat' dir='ltr'><strong>ipsum</strong></span> <span class='ocrx_word' id='word_1_58' title='bbox 978 724 1091 780; x_wconf 92' lang='lat' dir='ltr'><strong>telo</strong></span> <span class='ocrx_word' id='word_1_59' title='bbox 1129 723 1241 779; x_wconf 93' lang='lat' dir='ltr'><strong>ullo</strong></span> <span class='ocrx_word' id='word_1_60' title='bbox 1277 724 1539 798; x_wconf 79' lang='lat' dir='ltr'><strong>impetere</strong></span> <span class='ocrx_word' id='word_1_61' title='bbox 1574 718 1682 777; x_wconf 77' lang='lat' dir='ltr'><strong>ausi</strong></span> <span class='ocrx_word' id='word_1_62' title='bbox 1712 717 1857 777; x_wconf 62' lang='lat' dir='ltr'><strong>sunta</strong></span> 
     </span>
     <span class='ocr_line' id='line_1_9' title="bbox 215 801 1855 888; baseline -0.007 -19"><span class='ocrx_word' id='word_1_63' title='bbox 215 810 430 869; x_wconf 54' lang='lat' dir='ltr'><strong>*Credo</strong></span> <span class='ocrx_word' id='word_1_64' title='bbox 459 829 745 888; x_wconf 88' lang='lat' dir='ltr'><strong>nunquam</strong></span> <span class='ocrx_word' id='word_1_65' title='bbox 781 802 1200 884; x_wconf 69' lang='lat' dir='ltr'><strong>Massagetarum</strong></span> <span class='ocrx_word' id='word_1_66' title='bbox 1237 805 1408 882; x_wconf 69' lang='lat' dir='ltr'><strong>praelia</strong></span> <span class='ocrx_word' id='word_1_67' title='bbox 1442 820 1693 882; x_wconf 82' lang='lat' dir='ltr'><strong>expertos</strong></span> <span class='ocrx_word' id='word_1_68' title='bbox 1714 842 1732 869; x_wconf 83' lang='lat'>‚</span> <span class='ocrx_word' id='word_1_69' title='bbox 1767 801 1855 859; x_wconf 90' lang='lat' dir='ltr'><strong>sed</strong></span> 
     </span>
     <span class='ocr_line' id='line_1_10' title="bbox 236 883 1855 969; baseline -0.006 -20"><span class='ocrx_word' id='word_1_70' title='bbox 236 891 421 951; x_wconf 82' lang='lat' dir='ltr'><strong>audita</strong></span> <span class='ocrx_word' id='word_1_71' title='bbox 449 893 661 952; x_wconf 81' lang='lat' dir='ltr'><strong>virtutis</strong></span> <span class='ocrx_word' id='word_1_72' title='bbox 691 886 929 969; x_wconf 88' lang='lat' dir='ltr'><strong>ipsorum</strong></span> <span class='ocrx_word' id='word_1_73' title='bbox 949 885 1123 955; x_wconf 85' lang='lat' dir='ltr'><strong>fama,</strong></span> <span class='ocrx_word' id='word_1_74' title='bbox 1157 883 1347 944; x_wconf 84' lang='lat' dir='ltr'><strong>stetiffe</strong></span> <span class='ocrx_word' id='word_1_75' title='bbox 1365 887 1431 944; x_wconf 89' lang='lat' dir='ltr'><strong>ad</strong></span> <span class='ocrx_word' id='word_1_76' title='bbox 1454 886 1750 966; x_wconf 88' lang='lat' dir='ltr'><strong>periculum</strong></span> <span class='ocrx_word' id='word_1_77' title='bbox 1770 901 1855 940; x_wconf 90' lang='lat' dir='ltr'><strong>at-</strong></span> 
     </span>
     <span class='ocr_line' id='line_1_11' title="bbox 237 965 1856 1053; baseline -0.006 -21"><span class='ocrx_word' id='word_1_78' title='bbox 237 977 467 1033; x_wconf 69' lang='lat' dir='ltr'><strong>tonitos·</strong></span> <span class='ocrx_word' id='word_1_79' title='bbox 496 973 603 1031; x_wconf 66' lang='lat' dir='ltr'><strong>&#39;Ille</strong></span> <span class='ocrx_word' id='word_1_80' title='bbox 622 974 787 1053; x_wconf 82' lang='lat' dir='ltr'><strong>igitur</strong></span> <span class='ocrx_word' id='word_1_81' title='bbox 804 971 870 1031; x_wconf 89' lang='lat' dir='ltr'><strong>ad</strong></span> <span class='ocrx_word' id='word_1_82' title='bbox 889 971 1179 1049; x_wconf 84' lang='lat' dir='ltr'><strong>populares</strong></span> <span class='ocrx_word' id='word_1_83' title='bbox 1194 968 1245 1027; x_wconf 89' lang='lat' dir='ltr'><strong>se</strong></span> <span class='ocrx_word' id='word_1_84' title='bbox 1266 965 1502 1032; x_wconf 82' lang='lat' dir='ltr'><strong>referens</strong></span> <span class='ocrx_word' id='word_1_85' title='bbox 1521 1010 1537 1035; x_wconf 89' lang='lat'>,</span> <span class='ocrx_word' id='word_1_86' title='bbox 1559 970 1745 1033; x_wconf 83' lang='lat' dir='ltr'><strong>Deus,</strong></span> <span class='ocrx_word' id='word_1_87' title='bbox 1767 970 1856 1023; x_wconf 60' lang='lat' dir='ltr'><strong>in:-</strong></span> 
     </span>
     <span class='ocr_line' id='line_1_12' title="bbox 236 1050 1873 1136; baseline -0.005 -22"><span class='ocrx_word' id='word_1_88' title='bbox 236 1060 359 1135; x_wconf 85' lang='lat' dir='ltr'><strong>quit</strong></span> <span class='ocrx_word' id='word_1_89' title='bbox 375 1098 393 1125; x_wconf 87' lang='lat'>,</span> <span class='ocrx_word' id='word_1_90' title='bbox 437 1073 639 1136; x_wconf 83' lang='lat' dir='ltr'><strong>paratas</strong></span> <span class='ocrx_word' id='word_1_91' title='bbox 664 1052 825 1111; x_wconf 88' lang='lat' dir='ltr'><strong>nobis</strong></span> <span class='ocrx_word' id='word_1_92' title='bbox 847 1056 1032 1132; x_wconf 84' lang='lat' dir='ltr'><strong>epulas</strong></span> <span class='ocrx_word' id='word_1_93' title='bbox 1048 1052 1150 1109; x_wconf 89' lang='lat' dir='ltr'><strong>hos</strong></span> <span class='ocrx_word' id='word_1_94' title='bbox 1171 1051 1426 1109; x_wconf 90' lang='lat' dir='ltr'><strong>homines</strong></span> <span class='ocrx_word' id='word_1_95' title='bbox 1447 1050 1674 1130; x_wconf 77' lang='lat' dir='ltr'><strong>praebet.</strong></span> <span class='ocrx_word' id='word_1_96' title='bbox 1718 1052 1873 1127; x_wconf 51' lang='lat' dir='ltr'><strong>Q,</strong></span> 
     </span>
     <span class='ocr_line' id='line_1_13' title="bbox 236 1131 1857 1215; baseline -0.004 -20"><span class='ocrx_word' id='word_1_97' title='bbox 236 1139 390 1196; x_wconf 58' lang='lat' dir='ltr'><strong>dioto</strong></span> <span class='ocrx_word' id='word_1_98' title='bbox 408 1180 424 1205; x_wconf 90' lang='lat'>,</span> <span class='ocrx_word' id='word_1_99' title='bbox 460 1141 728 1215; x_wconf 86' lang='lat' dir='ltr'><strong>impetum</strong></span> <span class='ocrx_word' id='word_1_100' title='bbox 748 1137 807 1191; x_wconf 87' lang='lat' dir='ltr'><strong>in</strong></span> <span class='ocrx_word' id='word_1_101' title='bbox 829 1133 876 1192; x_wconf 91' lang='lat' dir='ltr'><strong>se</strong></span> <span class='ocrx_word' id='word_1_102' title='bbox 891 1132 1152 1194; x_wconf 80' lang='lat' dir='ltr'><strong>facientes</strong></span> <span class='ocrx_word' id='word_1_103' title='bbox 1164 1137 1409 1213; x_wconf 73' lang='lat' dir='ltr'><strong>Hunnos</strong></span> <span class='ocrx_word' id='word_1_104' title='bbox 1426 1155 1542 1191; x_wconf 91' lang='lat' dir='ltr'><strong>non</strong></span> <span class='ocrx_word' id='word_1_105' title='bbox 1562 1131 1857 1190; x_wconf 85' lang='lat' dir='ltr'><strong>sustinuere</strong></span> 
     </span>
     <span class='ocr_line' id='line_1_14' title="bbox 234 1215 1857 1292; baseline -0.006 -13"><span class='ocrx_word' id='word_1_106' title='bbox 234 1217 503 1288; x_wconf 83' lang='lat' dir='ltr'><strong>Vandali,</strong></span> <span class='ocrx_word' id='word_1_107' title='bbox 535 1218 623 1277; x_wconf 89' lang='lat' dir='ltr'><strong>sed</strong></span> <span class='ocrx_word' id='word_1_108' title='bbox 653 1216 841 1275; x_wconf 86' lang='lat' dir='ltr'><strong>solutis</strong></span> <span class='ocrx_word' id='word_1_109' title='bbox 873 1215 1160 1277; x_wconf 81' lang='lat' dir='ltr'><strong>ordinibus</strong></span> <span class='ocrx_word' id='word_1_110' title='bbox 1181 1256 1196 1277; x_wconf 75' lang='lat'><em>2</em></span> <span class='ocrx_word' id='word_1_111' title='bbox 1232 1218 1387 1276; x_wconf 88' lang='lat' dir='ltr'><strong>nullo</strong></span> <span class='ocrx_word' id='word_1_112' title='bbox 1406 1217 1471 1273; x_wconf 88' lang='lat' dir='ltr'><strong>ad</strong></span> <span class='ocrx_word' id='word_1_113' title='bbox 1493 1219 1751 1292; x_wconf 85' lang='lat' dir='ltr'><strong>virtutem</strong></span> <span class='ocrx_word' id='word_1_114' title='bbox 1771 1235 1857 1270; x_wconf 87' lang='lat' dir='ltr'><strong>re-</strong></span> 
     </span>
     <span class='ocr_line' id='line_1_15' title="bbox 234 1297 1856 1381; baseline -0.004 -21"><span class='ocrx_word' id='word_1_115' title='bbox 234 1299 423 1381; x_wconf 67' lang='grc' dir='ltr'>[Ρεᾶιι</span> <span class='ocrx_word' id='word_1_116' title='bbox 451 1300 673 1380; x_wconf 85' lang='lat' dir='ltr'><strong>peffime</strong></span> <span class='ocrx_word' id='word_1_117' title='bbox 707 1301 999 1377; x_wconf 86' lang='lat' dir='ltr'><strong>perierunt.</strong></span> <span class='ocrx_word' id='word_1_118' title='bbox 1057 1297 1183 1353; x_wconf 88' lang='lat' dir='ltr'><strong>Nos</strong></span> <span class='ocrx_word' id='word_1_119' title='bbox 1217 1301 1421 1354; x_wconf 88' lang='lat' dir='ltr'><strong>interea</strong></span> <span class='ocrx_word' id='word_1_120' title='bbox 1450 1297 1638 1354; x_wconf 87' lang='lat' dir='ltr'><strong>harum</strong></span> <span class='ocrx_word' id='word_1_121' title='bbox 1673 1316 1856 1353; x_wconf 86' lang='lat' dir='ltr'><strong>rerum</strong></span> 
     </span>
     <span class='ocr_line' id='line_1_16' title="bbox 235 1376 1858 1463; baseline -0.004 -22"><span class='ocrx_word' id='word_1_122' title='bbox 235 1386 411 1463; x_wconf 84' lang='lat' dir='ltr'><strong>ignari</strong></span> <span class='ocrx_word' id='word_1_123' title='bbox 432 1384 497 1441; x_wconf 86' lang='lat' dir='ltr'><strong>ad</strong></span> <span class='ocrx_word' id='word_1_124' title='bbox 513 1385 810 1440; x_wconf 87' lang='lat' dir='ltr'><strong>Decimum</strong></span> <span class='ocrx_word' id='word_1_125' title='bbox 828 1379 1059 1437; x_wconf 83' lang='lat' dir='ltr'><strong>ibamuS.</strong></span> <span class='ocrx_word' id='word_1_126' title='bbox 1104 1379 1678 1437; x_wconf 77' lang='lat' dir='ltr'><strong>AtBelisariuslocum</strong></span> <span class='ocrx_word' id='word_1_127' title='bbox 1699 1419 1716 1446; x_wconf 92' lang='lat'>,</span> <span class='ocrx_word' id='word_1_128' title='bbox 1749 1376 1858 1435; x_wconf 86' lang='lat' dir='ltr'><strong>sta-</strong></span> 
     </span>
     <span class='ocr_line' id='line_1_17' title="bbox 232 1462 1858 1545; baseline -0.004 -21"><span class='ocrx_word' id='word_1_129' title='bbox 232 1466 322 1525; x_wconf 86' lang='lat' dir='ltr'><strong>dia</strong></span> <span class='ocrx_word' id='word_1_130' title='bbox 339 1468 562 1545; x_wconf 84' lang='lat' dir='ltr'><strong>triginta</strong></span> <span class='ocrx_word' id='word_1_131' title='bbox 581 1472 636 1522; x_wconf 85' lang='lat'>&amp;</span> <span class='ocrx_word' id='word_1_132' title='bbox 659 1469 905 1543; x_wconf 84' lang='lat' dir='ltr'><strong>quinque</strong></span> <span class='ocrx_word' id='word_1_133' title='bbox 925 1466 1233 1520; x_wconf 87' lang='lat' dir='ltr'><strong>citeriorem</strong></span> <span class='ocrx_word' id='word_1_134' title='bbox 1249 1464 1488 1520; x_wconf 91' lang='lat' dir='ltr'><strong>Decimo</strong></span> <span class='ocrx_word' id='word_1_135' title='bbox 1509 1502 1525 1524; x_wconf 87' lang='lat'><em>‚</em></span> <span class='ocrx_word' id='word_1_136' title='bbox 1564 1462 1750 1523; x_wconf 90' lang='lat' dir='ltr'><strong>videns</strong></span> <span class='ocrx_word' id='word_1_137' title='bbox 1767 1481 1858 1518; x_wconf 82' lang='lat' dir='ltr'><strong>ca-</strong></span> 
     </span>
     <span class='ocr_line' id='line_1_18' title="bbox 233 1541 1858 1626; baseline -0.004 -21"><span class='ocrx_word' id='word_1_138' title='bbox 233 1545 351 1606; x_wconf 79' lang='lat' dir='ltr'><strong>stris</strong></span> <span class='ocrx_word' id='word_1_139' title='bbox 382 1547 656 1626; x_wconf 88' lang='lat' dir='ltr'><strong>ponendis</strong></span> <span class='ocrx_word' id='word_1_140' title='bbox 690 1545 988 1612; x_wconf 81' lang='lat' dir='ltr'><strong>idoneum,</strong></span> <span class='ocrx_word' id='word_1_141' title='bbox 1017 1545 1159 1602; x_wconf 89' lang='lat' dir='ltr'><strong>vallo</strong></span> <span class='ocrx_word' id='word_1_142' title='bbox 1181 1566 1310 1603; x_wconf 89' lang='lat' dir='ltr'><strong>eum</strong></span> <span class='ocrx_word' id='word_1_143' title='bbox 1339 1546 1511 1601; x_wconf 87' lang='lat' dir='ltr'><strong>ambit</strong></span> <span class='ocrx_word' id='word_1_144' title='bbox 1538 1542 1755 1623; x_wconf 83' lang='lat' dir='ltr'><strong>pulchre</strong></span> <span class='ocrx_word' id='word_1_145' title='bbox 1773 1541 1858 1600; x_wconf 46' lang='lat' dir='ltr'><strong>faa·</strong></span> 
     </span>
     <span class='ocr_line' id='line_1_19' title="bbox 232 1625 1888 1708; baseline -0.002 -21"><span class='ocrx_word' id='word_1_146' title='bbox 232 1632 360 1698; x_wconf 74' lang='grc' dir='ltr'><strong>ἃο,</strong></span> <span class='ocrx_word' id='word_1_147' title='bbox 392 1629 578 1708; x_wconf 88' lang='lat' dir='ltr'><strong>ibique</strong></span> <span class='ocrx_word' id='word_1_148' title='bbox 611 1626 849 1706; x_wconf 87' lang='lat' dir='ltr'><strong>peditem</strong></span> <span class='ocrx_word' id='word_1_149' title='bbox 880 1627 1152 1686; x_wconf 80' lang='lat' dir='ltr'><strong>collocans</strong></span> <span class='ocrx_word' id='word_1_150' title='bbox 1185 1632 1509 1684; x_wconf 88' lang='lat' dir='ltr'><strong>concionem</strong></span> <span class='ocrx_word' id='word_1_151' title='bbox 1542 1625 1859 1683; x_wconf 86' lang='lat' dir='ltr'><strong>advocatam</strong></span> <span class='ocrx_word' id='word_1_152' title='bbox 1886 1675 1888 1684; x_wconf 93' lang='lat'><em>.</em></span> 
     </span>
     <span class='ocr_line' id='line_1_20' title="bbox 232 1706 1857 1790; baseline -0.004 -21"><span class='ocrx_word' id='word_1_153' title='bbox 232 1710 305 1769; x_wconf 84' lang='lat' dir='ltr'><strong>fic</strong></span> <span class='ocrx_word' id='word_1_154' title='bbox 326 1712 642 1790; x_wconf 88' lang='lat' dir='ltr'><strong>alloquitur.</strong></span> <span class='ocrx_word' id='word_1_155' title='bbox 666 1709 998 1765; x_wconf 87' lang='lat' dir='ltr'><strong>Certaminis</strong></span> <span class='ocrx_word' id='word_1_156' title='bbox 1013 1714 1123 1782; x_wconf 85' lang='lat' dir='ltr'><strong>jam</strong></span> <span class='ocrx_word' id='word_1_157' title='bbox 1140 1729 1220 1765; x_wconf 90' lang='lat' dir='ltr'><strong>res</strong></span> <span class='ocrx_word' id='word_1_158' title='bbox 1239 1706 1335 1777; x_wconf 84' lang='lat' dir='ltr'><strong>est,</strong></span> <span class='ocrx_word' id='word_1_159' title='bbox 1350 1710 1695 1766; x_wconf 76' lang='lat' dir='ltr'><strong>commilites·</strong></span> <span class='ocrx_word' id='word_1_160' title='bbox 1725 1712 1857 1766; x_wconf 63' lang='lat' dir='ltr'><strong>Sen—</strong></span> 
     </span>
     <span class='ocr_line' id='line_1_21' title="bbox 233 1790 1855 1871; baseline -0.002 -19"><span class='ocrx_word' id='word_1_161' title='bbox 233 1798 315 1852; x_wconf 87' lang='lat' dir='ltr'><strong>tio</strong></span> <span class='ocrx_word' id='word_1_162' title='bbox 335 1793 544 1851; x_wconf 86' lang='lat' dir='ltr'><strong>hostem</strong></span> <span class='ocrx_word' id='word_1_163' title='bbox 563 1812 731 1871; x_wconf 82' lang='lat' dir='ltr'><strong>prope</strong></span> <span class='ocrx_word' id='word_1_164' title='bbox 753 1831 771 1859; x_wconf 83' lang='grc'>,</span> <span class='ocrx_word' id='word_1_165' title='bbox 800 1811 962 1848; x_wconf 75' lang='lat' dir='ltr'><strong>naves</strong></span> <span class='ocrx_word' id='word_1_166' title='bbox 978 1791 1144 1870; x_wconf 82' lang='lat' dir='ltr'><strong>longe</strong></span> <span class='ocrx_word' id='word_1_167' title='bbox 1165 1810 1352 1848; x_wconf 81' lang='lat' dir='ltr'><strong>natura</strong></span> <span class='ocrx_word' id='word_1_168' title='bbox 1371 1793 1620 1849; x_wconf 82' lang='lat' dir='ltr'><strong>locorum</strong></span> <span class='ocrx_word' id='word_1_169' title='bbox 1644 1790 1855 1866; x_wconf 87' lang='lat' dir='ltr'><strong>disjun-</strong></span> 
     </span>
     <span class='ocr_line' id='line_1_22' title="bbox 234 1869 1888 1957; baseline -0.004 -23"><span class='ocrx_word' id='word_1_170' title='bbox 234 1894 402 1957; x_wconf 79' lang='lat' dir='ltr'><strong>gente</strong></span> <span class='ocrx_word' id='word_1_171' title='bbox 422 1917 441 1944; x_wconf 84' lang='lat'>,</span> <span class='ocrx_word' id='word_1_172' title='bbox 483 1880 558 1932; x_wconf 87' lang='lat' dir='ltr'><strong>ita</strong></span> <span class='ocrx_word' id='word_1_173' title='bbox 594 1892 655 1931; x_wconf 87' lang='lat' dir='ltr'><strong>ut</strong></span> <span class='ocrx_word' id='word_1_174' title='bbox 689 1874 872 1929; x_wconf 88' lang='lat' dir='ltr'><strong>omnis</strong></span> <span class='ocrx_word' id='word_1_175' title='bbox 901 1869 1034 1931; x_wconf 87' lang='lat' dir='ltr'><strong>salus</strong></span> <span class='ocrx_word' id='word_1_176' title='bbox 1068 1878 1124 1935; x_wconf 91' lang='lat' dir='ltr'><strong>in</strong></span> <span class='ocrx_word' id='word_1_177' title='bbox 1160 1873 1411 1931; x_wconf 83' lang='lat' dir='ltr'><strong>manibus</strong></span> <span class='ocrx_word' id='word_1_178' title='bbox 1442 1872 1516 1931; x_wconf 76' lang='lat' dir='ltr'><strong>fit.</strong></span> <span class='ocrx_word' id='word_1_179' title='bbox 1557 1875 1694 1931; x_wconf 86' lang='lat' dir='ltr'><strong>Non</strong></span> <span class='ocrx_word' id='word_1_180' title='bbox 1712 1871 1854 1930; x_wconf 87' lang='lat' dir='ltr'><strong>socia</strong></span> <span class='ocrx_word' id='word_1_181' title='bbox 1884 1898 1888 1927; x_wconf 66' lang='lat'><em>÷</em></span> 
     </span>
     <span class='ocr_line' id='line_1_23' title="bbox 235 1953 1888 2035; baseline 0.001 -21"><span class='ocrx_word' id='word_1_182' title='bbox 235 1959 367 2016; x_wconf 87' lang='lat' dir='ltr'><strong>urbs</strong></span> <span class='ocrx_word' id='word_1_183' title='bbox 388 1959 515 2019; x_wconf 83' lang='lat' dir='ltr'><strong>ulla,</strong></span> <span class='ocrx_word' id='word_1_184' title='bbox 537 1958 735 2014; x_wconf 86' lang='lat' dir='ltr'><strong>muniti</strong></span> <span class='ocrx_word' id='word_1_185' title='bbox 755 1953 886 2011; x_wconf 87' lang='lat' dir='ltr'><strong>nihil</strong></span> <span class='ocrx_word' id='word_1_186' title='bbox 906 1998 920 2019; x_wconf 82' lang='lat'><strong>,</strong></span> <span class='ocrx_word' id='word_1_187' title='bbox 942 1958 999 2010; x_wconf 87' lang='lat' dir='ltr'><strong>in</strong></span> <span class='ocrx_word' id='word_1_188' title='bbox 1017 1977 1131 2034; x_wconf 81' lang='lat' dir='ltr'><strong>quo</strong></span> <span class='ocrx_word' id='word_1_189' title='bbox 1152 1955 1295 2034; x_wconf 80' lang='lat' dir='ltr'><strong>spem</strong></span> <span class='ocrx_word' id='word_1_190' title='bbox 1313 1959 1468 2014; x_wconf 88' lang='lat' dir='ltr'><strong>liceat</strong></span> <span class='ocrx_word' id='word_1_191' title='bbox 1486 1977 1707 2035; x_wconf 85' lang='lat' dir='ltr'><strong>ponere.</strong></span> <span class='ocrx_word' id='word_1_192' title='bbox 1747 1955 1855 2014; x_wconf 80' lang='lat' dir='ltr'><strong>Sed</strong></span> <span class='ocrx_word' id='word_1_193' title='bbox 1885 1981 1888 2014; x_wconf 46' lang='grc' dir='ltr'>Δ</span> 
     </span>
     <span class='ocr_line' id='line_1_24' title="bbox 235 2036 1888 2119; baseline -0.002 -22"><span class='ocrx_word' id='word_1_194' title='bbox 235 2037 276 2097; x_wconf 88' lang='lat' dir='ltr'><strong>fi</strong></span> <span class='ocrx_word' id='word_1_195' title='bbox 311 2043 412 2099; x_wconf 89' lang='lat' dir='ltr'><strong>viri</strong></span> <span class='ocrx_word' id='word_1_196' title='bbox 444 2038 627 2097; x_wconf 85' lang='lat' dir='ltr'><strong>sumus</strong></span> <span class='ocrx_word' id='word_1_197' title='bbox 646 2079 662 2105; x_wconf 85' lang='lat'>‚</span> <span class='ocrx_word' id='word_1_198' title='bbox 698 2036 924 2096; x_wconf 84' lang='lat' dir='ltr'><strong>confido</strong></span> <span class='ocrx_word' id='word_1_199' title='bbox 946 2058 1049 2094; x_wconf 89' lang='lat' dir='ltr'><strong>nos</strong></span> <span class='ocrx_word' id='word_1_200' title='bbox 1077 2040 1257 2096; x_wconf 83' lang='lat' dir='ltr'><strong>Marte</strong></span> <span class='ocrx_word' id='word_1_201' title='bbox 1289 2036 1590 2119; x_wconf 52' lang='lat' dir='ltr'><strong>superiore&amp;</strong></span> <span class='ocrx_word' id='word_1_202' title='bbox 1620 2036 1769 2096; x_wconf 88' lang='lat' dir='ltr'><strong>fore:</strong></span> <span class='ocrx_word' id='word_1_203' title='bbox 1812 2037 1853 2095; x_wconf 84' lang='lat' dir='ltr'>fi</span> <span class='ocrx_word' id='word_1_204' title='bbox 1882 2062 1888 2093; x_wconf 58' lang='grc' dir='ltr'><strong>ς</strong></span> 
     </span>
     <span class='ocr_line' id='line_1_25' title="bbox 231 2118 1852 2201; baseline 0.001 -22"><span class='ocrx_word' id='word_1_205' title='bbox 231 2123 365 2201; x_wconf 86' lang='lat' dir='ltr'><strong>quid</strong></span> <span class='ocrx_word' id='word_1_206' title='bbox 383 2125 730 2188; x_wconf 76' lang='lat' dir='ltr'><strong>remittimuS,</strong></span> <span class='ocrx_word' id='word_1_207' title='bbox 749 2118 904 2179; x_wconf 78' lang='lat' dir='ltr'><strong>restat</strong></span> <span class='ocrx_word' id='word_1_208' title='bbox 920 2139 979 2176; x_wconf 86' lang='lat' dir='ltr'><strong>ut</strong></span> <span class='ocrx_word' id='word_1_209' title='bbox 1002 2119 1066 2177; x_wconf 89' lang='lat' dir='ltr'><strong>ad</strong></span> <span class='ocrx_word' id='word_1_210' title='bbox 1086 2122 1306 2179; x_wconf 57' lang='lat' dir='ltr'><strong>vietoris</strong></span> <span class='ocrx_word' id='word_1_211' title='bbox 1329 2122 1550 2181; x_wconf 87' lang='lat' dir='ltr'><strong>Vandali</strong></span> <span class='ocrx_word' id='word_1_212' title='bbox 1570 2120 1852 2180; x_wconf 84' lang='lat' dir='ltr'><strong>arbitrium</strong></span> 
     </span>
     <span class='ocr_line' id='line_1_26' title="bbox 232 2198 1853 2284; baseline -0.005 -21"><span class='ocrx_word' id='word_1_213' title='bbox 232 2206 374 2263; x_wconf 88' lang='lat' dir='ltr'><strong>male</strong></span> <span class='ocrx_word' id='word_1_214' title='bbox 406 2225 705 2284; x_wconf 83' lang='lat' dir='ltr'><strong>pereamus.</strong></span> <span class='ocrx_word' id='word_1_215' title='bbox 767 2205 943 2281; x_wconf 86' lang='lat' dir='ltr'><strong>Atqui</strong></span> <span class='ocrx_word' id='word_1_216' title='bbox 976 2203 1147 2260; x_wconf 82' lang='lat' dir='ltr'><strong>multa</strong></span> <span class='ocrx_word' id='word_1_217' title='bbox 1178 2203 1346 2261; x_wconf 77' lang='lat' dir='ltr'><strong>nobis.</strong></span> <span class='ocrx_word' id='word_1_218' title='bbox 1369 2206 1652 2262; x_wconf 63' lang='lat' dir='ltr'><strong>viEtoriam</strong></span> <span class='ocrx_word' id='word_1_219' title='bbox 1685 2198 1853 2282; x_wconf 58' lang='lat' dir='ltr'><strong>sponss-</strong></span> 
     </span>
    </p>
   </div>
   <div class='ocr_carea' id='block_1_2' title="bbox 234 2284 1888 3083">
    <p class='ocr_par' dir='ltr' id='par_1_2' title="bbox 234 2284 1888 3026">
     <span class='ocr_line' id='line_1_27' title="bbox 234 2284 1852 2367; baseline -0.004 -20"><span class='ocrx_word' id='word_1_220' title='bbox 234 2287 366 2347; x_wconf 86' lang='lat' dir='ltr'><strong>dent</strong></span> <span class='ocrx_word' id='word_1_221' title='bbox 389 2309 404 2343; x_wconf 78' lang='grc' dir='ltr'>ε</span> <span class='ocrx_word' id='word_1_222' title='bbox 441 2286 601 2344; x_wconf 86' lang='lat' dir='ltr'><strong>causae</strong></span> <span class='ocrx_word' id='word_1_223' title='bbox 626 2287 841 2363; x_wconf 85' lang='lat' dir='ltr'><strong>aequitas</strong></span> <span class='ocrx_word' id='word_1_224' title='bbox 874 2284 1078 2356; x_wconf 81' lang='lat' dir='ltr'><strong>(nostra</strong></span> <span class='ocrx_word' id='word_1_225' title='bbox 1095 2289 1242 2344; x_wconf 89' lang='lat' dir='ltr'><strong>enim</strong></span> <span class='ocrx_word' id='word_1_226' title='bbox 1260 2291 1550 2367; x_wconf 81' lang='lat' dir='ltr'><strong>repetitum</strong></span> <span class='ocrx_word' id='word_1_227' title='bbox 1572 2289 1852 2357; x_wconf 84' lang='lat' dir='ltr'><strong>venimus)</strong></span> 
     </span>
     <span class='ocr_line' id='line_1_28' title="bbox 236 2361 1888 2449; baseline -0.002 -22"><span class='ocrx_word' id='word_1_228' title='bbox 236 2375 292 2428; x_wconf 82' lang='lat'>&amp;</span> <span class='ocrx_word' id='word_1_229' title='bbox 311 2368 680 2438; x_wconf 72' lang='lat' dir='ltr'><strong>Vandalorum</strong></span> <span class='ocrx_word' id='word_1_230' title='bbox 701 2370 901 2425; x_wconf 87' lang='lat' dir='ltr'><strong>alienus</strong></span> <span class='ocrx_word' id='word_1_231' title='bbox 919 2367 1225 2427; x_wconf 81' lang='lat' dir='ltr'><strong>dominanti</strong></span> <span class='ocrx_word' id='word_1_232' title='bbox 1244 2373 1475 2429; x_wconf 83' lang='lat' dir='ltr'><strong>animus.</strong></span> <span class='ocrx_word' id='word_1_233' title='bbox 1507 2367 1670 2426; x_wconf 85' lang='lat' dir='ltr'><strong>causae</strong></span> <span class='ocrx_word' id='word_1_234' title='bbox 1688 2371 1857 2449; x_wconf 83' lang='lat' dir='ltr'><strong>aequi-.</strong></span> <span class='ocrx_word' id='word_1_235' title='bbox 1878 2361 1888 2439; x_wconf 72' lang='lat' dir='ltr'><strong>l</strong></span> 
     </span>
     <span class='ocr_line' id='line_1_29' title="bbox 235 2443 1888 2526; baseline 0.001 -17"><span class='ocrx_word' id='word_1_236' title='bbox 235 2456 336 2509; x_wconf 87' lang='lat' dir='ltr'><strong>tati</strong></span> <span class='ocrx_word' id='word_1_237' title='bbox 355 2453 512 2508; x_wconf 89' lang='lat' dir='ltr'><strong>Deus</strong></span> <span class='ocrx_word' id='word_1_238' title='bbox 539 2450 710 2508; x_wconf 84' lang='lat' dir='ltr'><strong>sedat</strong></span> <span class='ocrx_word' id='word_1_239' title='bbox 730 2449 1035 2525; x_wconf 85' lang='lat' dir='ltr'><strong>adjutorem</strong></span> <span class='ocrx_word' id='word_1_240' title='bbox 1059 2473 1073 2507; x_wconf 72' lang='grc' dir='ltr'>ε</span> <span class='ocrx_word' id='word_1_241' title='bbox 1115 2451 1351 2509; x_wconf 83' lang='lat' dir='ltr'><strong>infensus</strong></span> <span class='ocrx_word' id='word_1_242' title='bbox 1368 2453 1674 2510; x_wconf 88' lang='lat' dir='ltr'><strong>dominanti</strong></span> <span class='ocrx_word' id='word_1_243' title='bbox 1696 2452 1851 2507; x_wconf 86' lang='lat' dir='ltr'><strong>miles</strong></span> <span class='ocrx_word' id='word_1_244' title='bbox 1877 2443 1888 2526; x_wconf 54' lang='grc' dir='ltr'><strong>ἐξ</strong></span> 
     </span>
     <span class='ocr_line' id='line_1_30' title="bbox 236 2529 1880 2612; baseline -0.001 -21"><span class='ocrx_word' id='word_1_245' title='bbox 236 2531 455 2591; x_wconf 83' lang='lat' dir='ltr'><strong>fortiter</strong></span> <span class='ocrx_word' id='word_1_246' title='bbox 477 2529 648 2590; x_wconf 87' lang='lat' dir='ltr'><strong>facere</strong></span> <span class='ocrx_word' id='word_1_247' title='bbox 666 2531 847 2589; x_wconf 87' lang='lat' dir='ltr'><strong>nescit.</strong></span> <span class='ocrx_word' id='word_1_248' title='bbox 891 2533 984 2590; x_wconf 84' lang='lat' dir='ltr'><strong>Ad</strong></span> <span class='ocrx_word' id='word_1_249' title='bbox 1001 2532 1109 2593; x_wconf 82' lang='lat' dir='ltr'><strong>haec</strong></span> <span class='ocrx_word' id='word_1_250' title='bbox 1130 2556 1233 2592; x_wconf 90' lang='lat' dir='ltr'><strong>nos</strong></span> <span class='ocrx_word' id='word_1_251' title='bbox 1252 2538 1308 2601; x_wconf 75' lang='lat' dir='ltr'><strong>in</strong></span> <span class='ocrx_word' id='word_1_252' title='bbox 1326 2534 1503 2592; x_wconf 77' lang='lat' dir='ltr'><strong>Persas</strong></span> <span class='ocrx_word' id='word_1_253' title='bbox 1521 2577 1539 2603; x_wconf 85' lang='lat'>,</span> <span class='ocrx_word' id='word_1_254' title='bbox 1559 2541 1612 2593; x_wconf 88' lang='lat' dir='ltr'><strong>in</strong></span> <span class='ocrx_word' id='word_1_255' title='bbox 1632 2531 1855 2612; x_wconf 21' lang='lat' dir='ltr'><strong>Scythas*</strong></span> <span class='ocrx_word' id='word_1_256' title='bbox 1876 2533 1880 2588; x_wconf 75' lang='grc' dir='ltr'><em>ἔ</em></span> 
     </span>
     <span class='ocr_line' id='line_1_31' title="bbox 237 2592 1879 2695; baseline -0.001 -22"><span class='ocrx_word' id='word_1_257' title='bbox 237 2618 493 2673; x_wconf 75' lang='lat' dir='ltr'><strong>exerciti:</strong></span> <span class='ocrx_word' id='word_1_258' title='bbox 535 2615 764 2673; x_wconf 87' lang='lat' dir='ltr'><strong>Vandali</strong></span> <span class='ocrx_word' id='word_1_259' title='bbox 792 2654 811 2680; x_wconf 95' lang='lat'>,</span> <span class='ocrx_word' id='word_1_260' title='bbox 843 2635 906 2672; x_wconf 82' lang='lat' dir='ltr'><strong>ex</strong></span> <span class='ocrx_word' id='word_1_261' title='bbox 938 2637 1051 2695; x_wconf 86' lang='lat' dir='ltr'><strong>quo</strong></span> <span class='ocrx_word' id='word_1_262' title='bbox 1079 2614 1321 2676; x_wconf 86' lang='lat' dir='ltr'><strong>Africam</strong></span> <span class='ocrx_word' id='word_1_263' title='bbox 1352 2635 1543 2674; x_wconf 89' lang='lat' dir='ltr'><strong>tenent</strong></span> <span class='ocrx_word' id='word_1_264' title='bbox 1576 2658 1594 2684; x_wconf 84' lang='lat'>‚</span> <span class='ocrx_word' id='word_1_265' title='bbox 1634 2614 1849 2673; x_wconf 83' lang='lat' dir='ltr'><strong>hostem</strong></span> <span class='ocrx_word' id='word_1_266' title='bbox 1876 2592 1879 2654; x_wconf 55' lang='lat' dir='ltr'><strong>i</strong></span> 
     </span>
     <span class='ocr_line' id='line_1_32' title="bbox 236 2689 1888 2779; baseline -0.001 -24"><span class='ocrx_word' id='word_1_267' title='bbox 236 2719 354 2756; x_wconf 88' lang='lat' dir='ltr'><strong>non</strong></span> <span class='ocrx_word' id='word_1_268' title='bbox 373 2697 551 2756; x_wconf 76' lang='lat' dir='ltr'><strong>videre</strong></span> <span class='ocrx_word' id='word_1_269' title='bbox 570 2738 588 2765; x_wconf 93' lang='lat'>‚</span> <span class='ocrx_word' id='word_1_270' title='bbox 623 2695 718 2754; x_wconf 91' lang='lat' dir='ltr'><strong>nis1</strong></span> <span class='ocrx_word' id='word_1_271' title='bbox 737 2696 964 2754; x_wconf 86' lang='lat' dir='ltr'><strong>Mauros</strong></span> <span class='ocrx_word' id='word_1_272' title='bbox 987 2739 1005 2766; x_wconf 85' lang='lat'>‚</span> <span class='ocrx_word' id='word_1_273' title='bbox 1032 2700 1210 2758; x_wconf 91' lang='lat' dir='ltr'><strong>nudos</strong></span> <span class='ocrx_word' id='word_1_274' title='bbox 1229 2721 1473 2779; x_wconf 85' lang='lat' dir='ltr'><strong>corpora.</strong></span> <span class='ocrx_word' id='word_1_275' title='bbox 1519 2699 1664 2772; x_wconf 65' lang='lat' dir='ltr'><strong>Quis‘</strong></span> <span class='ocrx_word' id='word_1_276' title='bbox 1681 2695 1848 2754; x_wconf 81' lang='lat' dir='ltr'><strong>nescit</strong></span> <span class='ocrx_word' id='word_1_277' title='bbox 1874 2689 1888 2770; x_wconf 74' lang='lat' dir='ltr'><strong>l</strong></span> 
     </span>
     <span class='ocr_line' id='line_1_33' title="bbox 236 2779 1856 2862; baseline 0 -24"><span class='ocrx_word' id='word_1_278' title='bbox 236 2783 296 2845; x_wconf 82' lang='lat' dir='ltr'><strong>in</strong></span> <span class='ocrx_word' id='word_1_279' title='bbox 311 2779 472 2838; x_wconf 84' lang='lat' dir='ltr'><strong>rebus</strong></span> <span class='ocrx_word' id='word_1_280' title='bbox 486 2779 748 2838; x_wconf 86' lang='lat' dir='ltr'><strong>omnibus</strong></span> <span class='ocrx_word' id='word_1_281' title='bbox 764 2785 995 2858; x_wconf 76' lang='lat' dir='ltr'><strong>expertis</strong></span> <span class='ocrx_word' id='word_1_282' title='bbox 1012 2781 1180 2841; x_wconf 74' lang='lat' dir='ltr'><strong>adesse</strong></span> <span class='ocrx_word' id='word_1_283' title='bbox 1198 2785 1442 2862; x_wconf 87' lang='lat' dir='ltr'><strong>peritiam</strong></span> <span class='ocrx_word' id='word_1_284' title='bbox 1460 2823 1478 2851; x_wconf 87' lang='lat'>,</span> <span class='ocrx_word' id='word_1_285' title='bbox 1512 2783 1856 2840; x_wconf 36' lang='lat' dir='ltr'><strong>contrarium&lt;</strong></span> 
     </span>
     <span class='ocr_line' id='line_1_34' title="bbox 236 2861 1845 2945; baseline -0.001 -25"><span class='ocrx_word' id='word_1_286' title='bbox 236 2865 526 2943; x_wconf 82' lang='lat' dir='ltr'><strong>inexpertis</strong></span> <span class='ocrx_word' id='word_1_287' title='bbox 546 2868 568 2920; x_wconf 86' lang='lat'>?</span> <span class='ocrx_word' id='word_1_288' title='bbox 610 2862 829 2920; x_wconf 86' lang='lat' dir='ltr'><strong>Vallum</strong></span> <span class='ocrx_word' id='word_1_289' title='bbox 849 2861 955 2919; x_wconf 93' lang='lat' dir='ltr'><strong>hoc</strong></span> <span class='ocrx_word' id='word_1_290' title='bbox 967 2905 985 2932; x_wconf 84' lang='lat'>‚</span> <span class='ocrx_word' id='word_1_291' title='bbox 1006 2867 1266 2944; x_wconf 86' lang='lat' dir='ltr'><strong>quamdiu</strong></span> <span class='ocrx_word' id='word_1_292' title='bbox 1286 2863 1496 2923; x_wconf 86' lang='lat' dir='ltr'><strong>differre</strong></span> <span class='ocrx_word' id='word_1_293' title='bbox 1516 2866 1760 2945; x_wconf 82' lang='lat' dir='ltr'><strong>praelium</strong></span> <span class='ocrx_word' id='word_1_294' title='bbox 1780 2882 1845 2919; x_wconf 82' lang='lat' dir='ltr'><strong>ex</strong></span> 
     </span>
     <span class='ocr_line' id='line_1_35' title="bbox 237 2941 1845 3026; baseline -0.004 -22"><span class='ocrx_word' id='word_1_295' title='bbox 237 2942 423 3004; x_wconf 82' lang='lat' dir='ltr'><strong>nostro</strong></span> <span class='ocrx_word' id='word_1_296' title='bbox 438 2942 534 3006; x_wconf 90' lang='lat' dir='ltr'><strong>usu</strong></span> <span class='ocrx_word' id='word_1_297' title='bbox 554 2942 627 3004; x_wconf 89' lang='lat' dir='ltr'><strong>est</strong></span> <span class='ocrx_word' id='word_1_298' title='bbox 646 2984 667 3018; x_wconf 86' lang='lat'><em>,</em></span> <span class='ocrx_word' id='word_1_299' title='bbox 683 2941 888 3003; x_wconf 60' lang='lat' dir='ltr'><strong>fastum</strong></span> <span class='ocrx_word' id='word_1_300' title='bbox 907 2950 1114 3026; x_wconf 84' lang='lat' dir='ltr'><strong>optime</strong></span> <span class='ocrx_word' id='word_1_301' title='bbox 1134 2947 1342 3012; x_wconf 82' lang='lat' dir='ltr'><strong>videtis.</strong></span> <span class='ocrx_word' id='word_1_302' title='bbox 1383 2950 1526 3008; x_wconf 86' lang='lat' dir='ltr'><strong>Heic</strong></span> <span class='ocrx_word' id='word_1_303' title='bbox 1544 2968 1709 3022; x_wconf 79' lang='lat' dir='ltr'><strong>arma,</strong></span> <span class='ocrx_word' id='word_1_304' title='bbox 1728 2944 1845 3002; x_wconf 87' lang='lat' dir='ltr'><strong>heic</strong></span> 
     </span>
    </p>

    <p class='ocr_par' dir='ltr' id='par_1_3' title="bbox 1746 3026 1874 3083">
     <span class='ocr_line' id='line_1_36' title="bbox 1746 3026 1874 3083; baseline 0 0"><span class='ocrx_word' id='word_1_305' title='bbox 1746 3026 1847 3083; x_wconf 74' lang='lat' dir='ltr'><strong>alia</strong></span> <span class='ocrx_word' id='word_1_306' title='bbox 1871 3033 1874 3075; x_wconf 70' lang='grc' dir='ltr'><em>ἕ</em></span> 
     </span>
    </p>
   </div>
   <div class='ocr_carea' id='block_1_3' title="bbox 1870 2794 1888 3140">
    <p class='ocr_par' dir='ltr' id='par_1_4' title="bbox 1870 2794 1888 3140">
     <span class='ocr_line' id='line_1_37' title="bbox 1870 2794 1888 3140; baseline 0 0"><span class='ocrx_word' id='word_1_307' title='bbox 1870 2794 1888 3140; x_wconf 95' lang='lat' dir='ltr'><strong>  </strong></span> 
     </span>
    </p>
   </div>
  </div>
 </body>
</html>
