1888 3428
250 101 365 171 556
492 93 869 158 EXCE'RPTA
909 117 985 157 Ex
1028 104 1409 165 AGATHIAE
1450 107 1662 170 H13‘rss
1879 174 1882 176 ,

247 177 554 256 Campaniae
575 180 843 259 pleraque·
861 181 1124 250 vastabat,
1163 207 1291 245 mox
1325 193 1380 246 in
1415 190 1706 252 Lucaniam
1726 199 1864 257 Bru-⁴

243 263 463 338 tiosque
497 279 780 338 penetrans
811 260 1013 320 fretum
1047 266 1210 346 usque
1243 272 1536 352 pergebat,
1571 278 1721 357 quod
1756 285 1870 338 Ita--

241 344 368 398 liam
389 347 643 405 extimam
666 344 732 400 ab
750 344 912 402 insula
937 349 1109 404 Sicilia
1128 348 1383 430 dispescit.
1427 353 1709 416 Leutbaris
1727 381 1855 420 cum
1880 360 1884 363 ⁸

240 426 441 503 reliqua
463 447 626 482 manu
644 429 896 504 Apuliam
920 428 1291 511 Calabrosque
1306 434 1611 497 infestabat:
1633 461 1689 497 ac
1705 443 1867 520 post-⁸

241 528 404 586 quam
423 508 770 585 Hydruntem
791 513 939 567 venit
957 552 974 578 ‚
1004 519 1098 591 qui
1116 516 1170 569 in
1187 513 1300 591 ipso
1319 518 1563 578 confinio
1584 521 1657 578 est
1674 524 1875 584 Adriae·

240 593 456 646 &Ionii
474 594 662 657 mariS‚
698 611 979 671 quotquot
1015 595 1231 653 aderant
1264 619 1428 677 gente
1449 604 1632 661 Franci
1656 627 1885 686 magna¹

238 671 503 748 religione
519 692 575 728 ac
595 678 888 731 reverentia
913 673 1061 733 sacris
1088 677 1292 736 aed‘ibus
1325 684 1608 759 parcebant
1627 726 1644 752 ,
1679 707 1737 745 ut
1757 694 1865 768 qui-

239 753 811 833 retfftaslegirimasque
831 757 894 813 de
916 759 1042 814 Deo
1062 758 1347 819 sententias
1375 762 1722 846 sequerentur
1741 812 1758 838 ‚
1791 791 1853 830 ut

237 834 346 891 dixi
371 832 539 903 alibi,
571 833 807 915 ritusque
845 837 1103 899 haberent
1134 845 1400 903 Romanis
1434 850 1853 911 concordanteS.

238 918 703 985 AtAle‘mannicae
722 924 945 999 originis
963 928 1056 1001 qui
1076 944 1222 983 erant
1241 967 1256 987 ‚
1291 932 1492 1008 quippe
1522 936 1618 990 alia
1636 933 1850 1012 persua-

261 1020 276 1053 1
347 999 546 1076 templa
568 1000 790 1078 diripere
809 1023 867 1059 ac
884 1007 1119 1062 nudare:
1151 1011 1344 1066 multas
1364 1011 1571 1072 auferre
1590 1018 1849 1088 urnas-sa-

239 1101 309 1137 cri
375 1080 540 1136 dietas
575 1080 786 1149 ufibus,
822 1087 991 1143 multa
1024 1109 1170 1166 aquae
1210 1091 1433 1150 lustralis
1463 1102 1864 1175 conceptacula

236 1183 416 1218 aurata
434 1203 450 1228 ,
483 1163 675 1239 pocula
706 1186 801 1221 nec
821 1171 998 1223 minus
1019 1208 1033 1229 ,
1065 1177 1117 1226 &
1139 1172 1394 1231 canistros
1412 1183 1465 1234 &
1483 1201 1598 1256 quae
1621 1184 1718 1237 alia
1731 1180 1846 1239 {an-

235 1243 477 1300 &issimis
497 1249 826 1303 caeremoniis
856 1246 1143 1307 inserviunt
1162 1291 1178 1317 ,
1213 1274 1380 1334 eaque
1403 1264 1594 1318 cuncfta
1624 1283 1723 1340 pro
1746 1262 1874 1321 suis»

232 1325 443 1383 habere.
487 1348 664 1404 neque
683 1327 763 1384 his
784 1336 1058 1396 contenti,
1092 1337 1427 1415 templorum
1447 1344 1586 1400 tecta
1603 1345 1845 1420 dejicere,

234 1429 459 1466 movere
502 1407 874 1475 fundamenta,
921 1415 1208 1474 manabant
1239 1418 1459 1479 delubra
1492 1424 1669 1494 sanie,
1704 1433 1847 1508 agri·
1875 1435 1882 1502 j

172 1528 175 1532 -
233 1513 342 1569 que
377 1488 653 1569 insepultis
689 1494 891 1572 ubique
939 1497 1259 1577 corporibus
1300 1498 1658 1572 foedabantur.
1708 1511 1847 1569 Non

236 1574 386 1630 tarda
411 1571 688 1652 sacrilegos
718 1574 893 1634 secuta
930 1577 1003 1635 est
1044 1601 1224 1658 paena:
1256 1585 1390 1642 alios
1434 1588 1638 1648 bellum
1660 1633 1676 1658 ‚
1711 1594 1848 1652 alios

236 1654 464 1713 morbus
482 1653 764 1725 absumsit,
798 1681 895 1717 nec
923 1665 1175 1741 cuiquam
1216 1686 1323 1723 rata
1356 1665 1461 1726 fui-t
1484 1669 1694 1731 fruendi
1712 1675 1847 1752 spes·

234 1741 583 1817 quippejuris
611 1740 832 1818 Deique
865 1761 1175 1802 contemtus
1206 1747 1512 1809 detestanda
1540 1753 1747 1834 semper
1762 1776 1845 1815 at-

231 1841 338 1898 que
360 1821 583 1876 exitialia
607 1861 624 1886 ,
653 1818 740 1878 sed
772 1821 1032 1902 nusquam
1055 1831 1224 1906 magis
1242 1852 1403 1908 quam
1426 1836 1480 1890 in
1515 1827 1659 1893 bello
1678 1857 1841 1918 atque
1882 1910 1884 1914 y

232 1905 358 1958 acie.
404 1906 632 1958 Patriam
670 1907 830 1961 tutari
861 1906 1109 1987 legesque
1141 1915 1336 1979 avitaS,
1367 1913 1476 1972 haec
1511 1921 1837 1980 violantibus

230 1982 359 2042 nihil
379 1983 566 2039 cedere
583 2025 598 2050 ‚
619 1988 751 2062 quin
769 1991 922 2044 omni
942 1990 1112 2047 modo
1132 2011 1225 2048 eos
1253 1994 1459 2063 ulcisci,
1479 2003 1625 2077 pium
1644 2023 1701 2059 ac
1718 2001 1838 2062 for-

229 2083 284 2122 te
317 2065 498 2137 haberi
522 2062 671 2135 fero,
715 2072 791 2123 At
826 2072 920 2147 qui
960 2074 1092 2129 lucri
1125 2076 1408 2152 cupidine,
1458 2102 1549 2138 aut
1577 2086 1833 2164 improbo

228 2146 395 2212 odio,
428 2144 550 2202 cum
572 2147 948 2226 nihbilhabeant
968 2155 1251 2232 quodjure
1286 2161 1419 2217 alios
1449 2167 1830 2236 criminentur,
1876 2196 1881 2217 ε

228 2230 422 2286 alienas
438 2231 909 2294 terrasinvadunt‚
945 2237 1331 2297 innocentibus
1347 2266 1535 2323 graves
1557 2287 1573 2308 ‚
1607 2247 1659 2305 hi
1678 2249 1834 2308 infla-
1884 2248 1888 2252 ’

227 2315 269 2367 ti
300 2308 828 2375 sunt&insolentes‚
873 2335 1018 2374 extra
1049 2325 1185 2398 aequi
1225 2322 1467 2404 bonique
1486 2326 1688 2386 sensum
1709 2372 1727 2398 ‚
1749 2337 1833 2390 ni·-
1882 2368 1885 2372 -

224 2392 411 2470 hilque
461 2390 604 2471 peufi
641 2392 839 2453 habent
874 2420 939 2455 an
987 2403 1174 2459 Deum
1207 2401 1360 2464 factis
1394 2407 1496 2466 suis
1529 2409 1830 2475 offendant,
1883 2405 1886 2427 ²

226 2475 495 2553 Supplicia
512 2476 678 2553 igitur
710 2497 804 2534 eos
822 2478 1117 2559 sequuntur
1147 2486 1330 2543 acerba
1350 2531 1378 2566 ,Ι
1402 2495 1456 2547 &
1490 2494 1827 2554 calamitosus
1880 2496 1886 2509 '

222 2577 405 2612 rerum
424 2558 631 2624 exitus,
670 2579 977 2639 quanquam
1009 2565 1074 2622 ad
1093 2583 1306 2644 tempus
1339 2568 1515 2628 felices
1551 2577 1780 2635 creditos
1805 2600 1826 2634 :-

223 2639 397 2715 qualia
429 2642 484 2693 &
510 2638 763 2696 Leutbari
795 2640 918 2701 huic
948 2651 1000 2703 &
1020 2650 1260 2705 Butilino
1292 2653 1517 2717 evenisse
1543 2659 1826 2729 jamvide-

223 2718 422 2783 bimus.
465 2722 606 2776 Nam
627 2721 909 2798 postquam
940 2728 1212 2806 impiaista
1229 2752 1589 2810 patraverant,
1622 2740 1824 2799 onusti-

220 2822 328 2878 que
348 2816 496 2857 erant
516 2799 727 2859 nefariis
757 2803 932 2881 spoliis
953 2849 970 2875 ‚
998 2818 1242 2891 verejam
1262 2816 1436 2895 elapso
1454 2859 1470 2885 ‚
1500 2820 1669 2878 aesta‘te
1687 2827 1823 2901 quin
1878 2817 1883 2839 '⁷

220 2887 382 2945 etiam
404 2883 576 2948 adulta
594 2916 620 2951 ,·
649 2886 898 2947 Leuthari
918 2890 1116 2954 ducum
1150 2898 1294 2955 alteri
1315 2900 1558 2979 ⁴placebat
1586 2904 1820 2963 domum
1879 2902 1882 2920 ⁵

1318 3001 1331 3008 ‘·
1621 2986 1817 3056 redire,
