1888 3428
206 173 638 230 Go‘rTHICAE
677 168 1050 225 H1sTon1AE
1090 167 1373 226 L1B.111.
1527 189 1635 248 315

38 253 203 312 nobis
220 273 513 333 concepere
526 254 732 319 anim0,
754 249 993 307 attollere
1010 248 1170 306 vobis
1186 247 1436 306 fiduciam
1457 251 1641 310 debet.

34 339 170 395 Non
191 340 247 393 in
269 336 398 392 alios
419 337 582 404 imm,
597 355 758 412 quam
778 334 873 412 qui
884 337 997 408 jam
1019 329 1190 414 modo
1209 371 1227 397 ,
1246 351 1373 387 cum
1395 351 1642 393 tenerent

34 423 313 478 Veronam
335 457 352 482 ‚
396 438 512 474 eam
545 416 573 473 ἐ
607 415 854 473 manibus
889 412 1073 470 misere
1095 453 1110 479 ‚
1149 422 1309 491 atque
1327 415 1640 491 impellente

32 503 250 558 nemine
268 497 458 559 faedam
477 516 731 577 ceperunt
748 493 953 576 fugam.
998 496 1104 552 His
1122 494 1278 552 dictis
1303 496 1517 553 Totilas
1536 515 1642 556 tre-

32 601 221 639 centos
238 581 458 640 suorum
472 579 627 656 jubet
659 579 722 637 ad
753 580 945 657 viginti
966 576 1261 634 stadiorum
1291 579 1639 638 intervallum

33 686 192 721 amne
222 661 441 722 transito
477 659 714 719 hostium
751 681 894 740 pone
914 657 1075 716 castra
1092 657 1140 716 se
1159 678 1341 717 tenere
1361 665 1414 716 &
1441 660 1532 716 ubi
1551 664 1641 718 in-

29 744 262 805 caluisset
281 746 522 825 praelium
538 741 767 804 insistere
783 746 944 822 tergis
962 782 979 808 ‚
1009 743 1261 817 injectare
1278 743 1405 811 tela,
1423 746 1640 822 &quic-

27 829 161 907 quid
182 832 409 886 noxium
426 868 444 894 ,
488 843 549 883 ut
576 827 642 883 illi
661 846 716 882 re
732 829 957 905 inopina
973 826 1176 882 turbati
1205 828 1418 885 virtutis
1435 824 1640 884 oblivi-

19 910 311 987 scerentur.
353 907 463 988 Ipse
500 910 656 965 omni
684 928 809 967 cum
832 911 1068 965 exercitu
1086 906 1295 964 Padum
1314 906 1636 987 transposito

27 994 170 1050 reeta
187 996 243 1050 in
260 989 471 1049 hostem
490 989 789 1049 incedebat.
833 1009 1149 1048 occurrente
1165 992 1447 1056 RomanO,
1469 1008 1530 1048 ut
1548 994 1637 1054 in-

25 1092 109 1132 ter
123 1073 173 1132 se
205 1072 399 1132 adversi
431 1071 781 1132 constiterant
804 1112 823 1138 ,
867 1072 1118 1130 Gotthus
1137 1073 1351 1131 Viliaris
1384 1076 1635 1141 nomine,

23 1177 253 1234 corpore
271 1160 350 1215 vir
367 1158 561 1236 ingens
583 1196 600 1218 ‚
616 1177 713 1213 ore
733 1155 983 1214 terribilis
999 1196 1015 1222 ‚
1036 1174 1153 1212 acer
1171 1159 1355 1213 animo
1378 1156 1636 1235 belloque

23 1238 207 1310 bonus
226 1279 245 1306 ‚
284 1256 433 1296 extra
450 1259 646 1319 agmen
684 1260 829 1319 equo
866 1239 1155 1317 provefflms
1182 1281 1196 1301 ‚
1235 1237 1331 1295 ubi
1364 1242 1419 1296 in
1449 1239 1632 1296 medio

23 1320 263 1378 constitit
278 1342 469 1400 campo
488 1361 505 1387 ,
542 1321 796 1378 loricatus
815 1326 867 1377 δε
883 1321 1122 1400 galeatus
1135 1359 1152 1386 ,
1183 1320 1473 1378 Romanos
1506 1342 1635 1399 pro-

24 1402 253 1462 vocabat
269 1443 286 1470 ,
325 1402 362 1459 fi
379 1406 501 1481 quis
517 1399 694 1460 secum
713 1401 975 1482 singulare
994 1419 1264 1459 certamen
1286 1405 1421 1460 inire
1452 1404 1634 1461 vellet.

22 1488 224 1545 caeteris
240 1483 533 1544 formidine
567 1482 618 1542 se
651 1484 1058 1542 continentibus
1078 1525 1094 1552 ‚
1131 1483 1427 1542 Artabazes
1443 1485 1507 1543 ad
1529 1507 1633 1563 pu*

19 1588 187 1647 gnam
205 1571 350 1625 exiit.
392 1587 627 1647 cumque
645 1565 810 1624 ambo
826 1588 1002 1646 equos
1023 1563 1370 1634 concitassent
1388 1609 1405 1634 ‚
1433 1586 1492 1625 ut
1510 1589 1634 1624 mo-

21 1649 145 1708 dico
163 1648 330 1729 spatio
350 1649 725 1708 dividebantur
741 1688 758 1714 ,
774 1647 943 1705 hastas
961 1648 1192 1707 vibrant.
1234 1653 1498 1706 Praevenit
1518 1653 1631 1706 Ar·-

19 1731 230 1788 tabazes
248 1772 263 1797 ,
293 1730 593 1809 vulnusque
606 1732 796 1788 Viliari
812 1731 991 1812 adegit
1011 1729 1267 1788 dextrum
1287 1732 1515 1787 inlatus.
1548 1732 1630 1788 le-

17 1811 158 1870 thale
174 1814 227 1870 id
246 1810 349 1870 fuit
370 1853 388 1879 ,
422 1812 840 1893 resupinatoque
858 1833 1087 1891 corpore
1106 1815 1162 1869 in
1196 1831 1393 1870 terram
1412 1812 1630 1871 cecidis-

16 1893 94 1954 set
110 1892 342 1960 Viliaris,
364 1895 459 1954 nisi
477 1914 621 1953 retro
641 1894 785 1952 hasta
803 1894 964 1975 ipfius
982 1894 1098 1952 solo
1116 1895 1302 1952 saxoso
1318 1893 1480 1953 infixa
1500 1916 1626 1974 pro-2

15 1975 264 2048 hibuiffet
282 1977 512 2037 humum
544 1981 881 2058 contingere.
924 1983 1003 2035 At
1030 1976 1328 2035 Artabazes
1349 1977 1520 2037 adhuc
1539 1981 1626 2040 in„

14 2057 183 2117 stabat
200 2059 397 2118 hastam
415 2065 471 2119 in
489 2061 705 2119 Viliaris
724 2059 914 2118 viscera
931 2060 1143 2118 trudere
1165 2101 1178 2122 ,
1200 2060 1450 2118 nondum
1471 2082 1625 2123 mor-

14 2140 168 2204 tifera
189 2144 342 2223 plaga
380 2144 678 2221 percuffum
703 2140 978 2222 suspicans,
1023 2145 1110 2199 Sic
1128 2144 1337 2209 evenit,
1371 2161 1430 2200 ut
1453 2141 1635 2222 cuspis

11 2243 180 2303 prope
201 2228 375 2282 eredita
393 2224 546 2285 hastae
564 2265 582 2292 ,
600 2245 714 2302 quae
736 2228 924 2283 Viliari
939 2224 1204 2286 exciderat
1218 2264 1236 2290 ,
1256 2224 1514 2301 Artabazi
1533 2247 1626 2305 pe·

9 2301 129 2372 stus
151 2326 400 2387 tangeret
419 2348 437 2374 ,
473 2305 786 2387 lapsumque
805 2329 899 2387 per
927 2328 1095 2365 omne
1122 2309 1309 2386 pelstus
1335 2307 1399 2365 ad
1419 2310 1629 2384 collum·

10 2394 311 2466 perveniret
336 2431 351 2453 ‚
397 2390 490 2448 ubi
509 2388 802 2447 exstantem
832 2386 974 2448 forte
995 2412 1189 2448 venam
1212 2388 1363 2448 scidit
1380 2388 1622 2450 ferrum:

11 2472 314 2552 multusque
332 2476 379 2530 ei
406 2471 617 2554 sanguis
645 2470 802 2529 fiuxit
823 2513 841 2541 ‚
872 2475 1022 2530 nullo
1040 2470 1189 2530 sensu
1206 2473 1434 2530 doloris.
1476 2474 1550 2530 Et
1577 2476 1623 2530 is

10 2554 230 2633 quidem
253 2577 396 2635 equo
433 2554 483 2612 se
503 2555 683 2612 retulit
701 2556 764 2612 ad
783 2557 1101 2614 Romanum
1120 2559 1315 2636 agmen
1345 2577 1359 2611 z
1409 2558 1623 2614 Viliaris

9 2655 263 2698 mortuus
295 2638 546 2696 concidit.
589 2637 693 2718 Sed
725 2637 1024 2696 Artabazes
1051 2659 1165 2695 non
1201 2637 1472 2696 desinente
1500 2635 1621 2706 san·

8 2722 199 2797 guinis
219 2718 496 2797 profluvio¹
522 2722 684 2778 tertio
716 2720 800 2778 die
833 2726 888 2778 &
916 2719 1024 2800 ipse
1044 2722 1210 2779 vitam
1242 2718 1439 2777 finiens
1473 2723 1622 2778 mul-

7 2819 126 2871 tum
146 2800 364 2881 infregit
383 2823 463 2860 res
479 2805 887 2861 Romanorum.
927 2805 1073 2862 Nam
1094 2809 1149 2861 &
1167 2824 1235 2861 eo
1261 2799 1377 2882 ipso
1403 2820 1621 2880 tempo-

7 2902 87 2950 re,
100 2884 251 2961 quod
272 2882 515 2946 abfuerat
532 2883 561 2942 a
578 2886 760 2963 praelio
780 2927 796 2953 ‚
815 2907 929 2943 non
949 2907 1136 2966 parum
1157 2902 1415 2942 nocuerat
1431 2884 1614 2941 rebus·

5 2965 262 3052 Namque
297 2966 431 3053 dum
463 2987 607 3031 extra
639 2970 744 3029 tela
785 2967 992 3048 pofitus
1025 2969 1235 3032 vulneri
1264 2965 1617 3052 medebatur,

1432 3064 1614 3104 coiere
