1888 3428
235 169 349 231 390
553 142 1535 211 PRoc01211‘CAEsAREENs1s

236 228 498 311 imposuit
514 233 739 312 gratiam
774 235 818 290 is
845 230 1011 290 debet
1047 230 1111 289 ad
1141 245 1311 310 quem
1344 230 1622 289 volentem
1640 223 1848 289 fructus

234 316 393 374 redit.
437 312 513 373 fin
548 334 680 375 vero
698 315 948 373 nondum
966 317 1150 388 inique
1184 315 1348 390 raptis
1368 312 1565 371 volunt
1579 308 1850 384 absistere,

233 396 366 478 quid
401 397 466 455 ad
484 397 620 458 hanc
653 398 913 457 malitiam
943 396 1096 470 adjici
1124 393 1338 473 potest?
1381 397 1516 452 Haec
1536 396 1704 474 igitur
1720 392 1849 450 fim-

231 481 469 560 plicitate
498 478 770 537 barbarica
795 479 1086 537 verborum
1129 481 1294 555 inope
1323 479 1560 535 multum
1578 473 1714 533 infra
1733 496 1850 534 rem

205 596 208 597 ⁷
231 562 375 620 diota
392 559 571 620 sunto.
614 566 694 619 At
713 580 769 618 tu
779 568 889 623 dm
897 579 1131 641 perator,
1149 580 1248 639 pro
1269 577 1360 617 tua
1379 560 1667 638 prudentia
1685 560 1847 615 etiam

232 645 323 702 illa
341 648 648 725 accogitans
667 665 784 722 quae
821 666 925 701 nos
964 647 1143 701 minus
1161 664 1325 722 quam
1349 659 1572 721 oportet
1588 641 1850 720 prolocu-

231 728 275 783 ti
292 724 477 784 sumus
494 769 512 796 ‚
556 748 617 783 ea
635 724 898 801 constitue
913 745 1034 806 quae
1054 727 1320 784 Romanis
1340 723 1847 804 Langobardisque,

230 806 528 868 secundum
556 811 845 866 Romanos
880 812 987 866 tuis
1006 850 1023 875 ,
1059 807 1362 886 expedient.
1409 813 1601 865 Praeter
1631 808 1727 863 alia
1743 806 1850 863 hoc

209 906 459 971 'quoque
480 891 746 970 expendas
765 891 923 953 velim
947 934 964 960 ,
993 888 1366 971 Langobardis
1383 892 1476 967 qui
1505 888 1572 946 de
1597 890 1723 945 Deo
1738 891 1848 963 jam
1884 890 1888 894 ’

234 973 371 1030 olim
390 973 577 1032 eadem
596 970 832 1031 sentiunt
850 1014 867 1042 ‚
901 971 939 1029 fi
970 994 1133 1052 opem
1154 973 1393 1029 Romani
1422 969 1600 1029 ferant
1620 1011 1638 1038 ‚
1673 967 1852 1028 factu-

230 1075 325 1112 ros
343 1056 495 1136 quod
532 1061 621 1130 jus
651 1052 839 1134 fasque
858 1052 957 1112 est.
997 1055 1226 1134 Gepidis
1258 1076 1422 1116 vero,
1459 1071 1519 1111 ut
1540 1056 1633 1133 qui
1659 1055 1850 1110 Ariani

231 1135 369 1204 fiat,
402 1139 488 1197 vel
517 1136 624 1195 hoc
642 1136 756 1216 ipso
774 1159 871 1194 eos
901 1135 1083 1195 hostes
1118 1135 1217 1194 effe
1254 1136 1460 1195 debere.
1504 1135 1851 1216 Langobardi

232 1218 344 1277 haec
379 1219 639 1278 dixerant.
689 1217 941 1297 postridie
970 1217 1177 1293 admissi
1206 1219 1546 1296 Gepidarum
1578 1220 1741 1297 legati
1768 1222 1888 1273 ta?

231 1302 340 1358 lem
360 1304 666 1359 orationem
685 1301 941 1365 habuere.
982 1307 1081 1359 Par
1100 1300 1174 1359 est
1201 1307 1502 1380 Imperator
1519 1340 1539 1367 ‚
1571 1299 1851 1378 quisocie-

229 1399 400 1441 tatem
420 1387 654 1464 petitum
674 1386 901 1442 veniunt
924 1425 942 1452 ‚
970 1386 1004 1441 ii
1032 1401 1092 1441 ut
1110 1383 1393 1442 ostendant
1417 1389 1472 1441 &
1505 1390 1659 1461 aequa
1676 1380 1725 1439 se
1744 1403 1850 1461 po-

229 1462 422 1525 stulare
454 1470 591 1525 &iis
626 1487 768 1546 quos
800 1468 1125 1546 compellant
1157 1465 1442 1547 profutura
1462 1509 1480 1536 ,
1525 1482 1685 1544 atque
1717 1468 1770 1521 in
1793 1463 1848 1523 id
1875 1470 1878 1473 ’

229 1566 510 1628 utrunque
540 1550 830 1630 legationis
852 1546 954 1607 suae
983 1548 1208 1629 dirigere
1241 1547 1567 1607 sermonem.
1611 1550 1665 1604 A
1698 1550 1848 1605 Lan-

227 1629 485 1707 gobardis
504 1652 607 1688 nos
624 1634 816 1706 injuria
835 1629 970 1688 affici
990 1636 1071 1690 vel
1088 1632 1212 1690 inde
1246 1651 1460 1711 apparet
1481 1674 1498 1700 ,
1534 1630 1685 1711 quod
1703 1629 1875 1713 arbim-t

225 1729 377 1769 trum
409 1715 644 1792 accipere
682 1710 1001 1771 definiendis
1021 1735 1136 1792 quae
1158 1714 1500 1772 controversa
1526 1712 1648 1769 sunt
1680 1714 1846 1790 parati

225 1791 428 1852 sumus.
478 1798 532 1854 vi
565 1812 748 1853 autem
778 1799 858 1853 uti
876 1798 930 1851 in
950 1817 1044 1852 eos
1074 1796 1389 1874 quijudicio
1417 1797 1465 1853 se
1501 1798 1843 1873 permittunt,

227 1875 610 1934 inhumanum.
654 1883 767 1935 Iam
788 1899 916 1935 vero
936 1882 990 1933 &
1009 1899 1239 1934 numero
1261 1877 1549 1935 hominum
1570 1883 1625 1934 &
1645 1880 1843 1933 virtute

154 2006 157 2007 ν
225 1961 464 2016 multum
483 1959 723 2039 Gepidas
741 1957 998 2017 antestare
1015 1959 1388 2040 Langobardis
1420 2000 1436 2025 ,
1465 1961 1648 2016 multis
1667 1957 1843 2017 verbis

227 2040 423 2116 docere
446 2043 578 2121 quid
604 2063 744 2119 opus
778 2041 917 2120 apud
951 2064 1150 2121 gnaros
1174 2050 1194 2100 ?
1236 2043 1530 2099 Neminem
1556 2060 1737 2103 autern
1756 2044 1842 2098 cui

225 2123 400 2183 modo
419 2126 615 2181 mentis
628 2122 690 2181 fit
709 2123 910 2202 aliquid
922 2124 1238 2182 arbitramur
1257 2126 1640 2193 ele&urum,ut
1658 2125 1844 2190 invaliss
1877 2172 1882 2176 ,

227 2205 472 2263 dioribus
502 2209 560 2263 in
590 2208 877 2263 certamine
898 2203 947 2262 se
989 2209 1253 2286 applicans
1284 2211 1339 2264 in
1377 2211 1511 2266 mala
1532 2208 1841 2286 praevisair*

224 2306 503 2356 ruat‚cum
523 2310 585 2345 ex
605 2290 930 2367 potentioris
947 2286 1194 2346 societate
1213 2290 1491 2367 westonam
1512 2289 1702 2347 habere
1723 2287 1842 2370 pos-

225 2369 290 2427 fit
306 2369 415 2427 fine
437 2375 693 2450 periculo.
719 2376 772 2426 in
792 2370 1066 2449 posterum
1087 2393 1310 2451 quoque
1329 2373 1554 2452 Gepidae
1573 2375 1628 2429 in
1645 2371 1840 2451 quem-

227 2473 443 2531 cunque
484 2455 672 2511 voletis
706 2452 916 2509 hostem
945 2453 1100 2512 vobis
1130 2458 1326 2513 auxilio
1353 2476 1544 2521 erunt,
1593 2454 1837 2511 obstristi
1872 2465 1874 2468 ’

225 2533 499 2592 beneficio
516 2575 532 2602 ,
569 2534 659 2592 ubi
684 2533 862 2601 vestris
881 2538 1023 2593 aucti
1052 2540 1250 2594 viribus
1272 2536 1337 2593 de
1369 2534 1472 2593 suis
1492 2535 1733 2594 hostibus
1754 2539 1839 2594 vi-

228 2618 459 2674 &oriam
480 2619 886 2696 reportaverint.
930 2619 1061 2675 illud
1082 2617 1291 2697 insuper
1320 2622 1376 2675 in
1401 2639 1641 2677 mentem
1677 2617 1837 2677 vobis

226 2701 409 2756 venire
431 2720 644 2779 aequum
676 2697 749 2754 est
766 2739 783 2765 ,
826 2701 1230 2778 Langobardos,
1248 2720 1484 2760 recentes
1502 2700 1611 2759 esse¹
1632 2706 1834 2759 amicos
1866 2692 1878 2699 Χ

144 2808 145 2814 ’
224 2783 644 2839 Romanorum:
688 2780 927 2858 Gepidas
941 2789 1052 2859 jam
1075 2785 1207 2840 olim
1226 2780 1496 2853 federatos
1516 2792 1566 2842 &
1584 2784 1722 2841 bene
1742 2805 1832 2841 co·-

223 2867 424 2942 gnitos.
480 2866 737 2920 Amicitia
770 2880 949 2920 autem
970 2887 1084 2944 quae
1127 2867 1297 2946 longo
1331 2886 1576 2945 tempore
1598 2869 1828 2940 coa-luit,

223 2966 338 3002 non
356 2942 506 3004 facile
526 2945 808 3004 dirimitur.
838 2948 1016 3026 itaque
1039 2952 1238 3007 amicos
1257 2970 1358 3008 nos
1378 2949 1642 3009 habebitis
1663 2956 1717 3007 &
1735 2969 1829 3005 va-
1875 2969 1879 2976 ’

1688 3029 1827 3089 lidos
1887 3073 1888 3093 ;

1887 3100 1888 3122 η

1794 3216 1801 3220 ’
1885 3155 1888 3265 ἰ

1884 3270 1888 3310 1
