1888 3428
246 121 363 203 ⁶51²
605 110 1543 189 PnociopuCAEsAmzflNsts

244 208 483 264 mittere,
529 199 567 260 fi
589 222 829 282 unquam
859 203 981 259 alias
1010 200 1117 258 hoc
1134 218 1278 258 certe
1303 218 1550 281 tempore
1568 197 1856 261 manifesto

247 284 570 367 hominibxus
588 287 829 364 apparuit
844 325 862 352 ,
892 304 1033 364 quos
1054 301 1236 341 manet
1252 284 1519 340 calamitas
1539 323 1557 351 ,
1582 285 1647 340 iis
1665 290 1719 340 &
1737 304 1855 362 quae

248 362 607 450 prosperrima
637 366 923 432 videntur,
955 363 1200 444 pestifera
1218 363 1353 422 fieri.
1398 362 1685 444 Saepissime
1707 368 1856 423 enim

248 470 512 508 votorum
531 466 819 526 compotes
836 469 928 526 per
942 468 1002 504 ea
1019 467 1139 526 quae
1158 465 1495 526 optaverant,
1512 465 1761 525 pereunt.
1787 445 1856 504 sic

252 536 472 590 Senatui
493 533 809 611 populoque
828 532 1086 588 Romano
1113 529 1223 586 haec
1240 527 1347 606 ipsa
1366 531 1752 587 Romanorum
1774 534 1867 586 vi--

250 617 424 673 &oria
453 617 699 692 ingentes
734 613 906 670 clades
938 612 1121 669 attulit
1154 611 1236 668 his
1274 632 1415 688 quos
1448 612 1621 670 dicam
1658 611 1858 668 modis-

248 701 496 757 Primum
532 694 733 752 Gotthi
765 694 896 752 dum
927 695 1083 751 Italiae
1119 691 1440 773 poffeffione
1476 691 1743 773 desperata
1766 691 1859 751 fu-

249 783 413 858 giunt
432 814 450 845 ,
471 777 980 844 immisericorditer,
999 797 1065 833 ne
1088 779 1143 832 in
1161 773 1454 833 transcursu
1472 776 1604 833 nihil
1621 793 1858 855 agerent,

249 863 540 919 Romanos
559 879 917 939 quoscunque
935 876 1240 936 repererant
1259 900 1275 925 ‚
1297 861 1462 915 morti
1480 856 1695 915 dabant.
1715 858 1861 915 Rur-

250 942 368 1001 sum
401 946 494 1022 qui
527 944 791 998 Romanis
826 942 1128 997 militabant
1144 940 1360 998 Barbari
1389 944 1444 998 in
1465 940 1613 997 urbis
1631 941 1860 997 introitu

252 1026 453 1083 obvios
484 1044 680 1080 omnes
720 1021 984 1079 hostiliter
1010 1023 1324 1080 tratftabant.
1384 1020 1616 1080 Accessit
1650 1021 1718 1079 ad
1749 1020 1861 1079 haec

253 1109 394 1165 aliud
432 1107 668 1162 malum:
712 1104 871 1160 multi
905 1104 1108 1181 pridem
1142 1103 1392 1162 senatorii
1426 1105 1629 1162 ordinis
1659 1105 1859 1161 Totilae

245 1187 384 1265 jussu
405 1191 461 1244 in
481 1188 781 1264 Campania
798 1185 1165 1243 morabantur.
1208 1188 1287 1242 Hi
1317 1184 1470 1243 simul
1488 1186 1863 1243 intellexerant

252 1274 416 1328 armis
451 1271 719 1327 Romanis
751 1268 992 1324 Romam
1013 1271 1213 1333 teneri,
1257 1264 1479 1347 profugi
1511 1265 1540 1323 ὲ
1561 1268 1863 1345 Campania

254 1345 448 1412 urbem
468 1350 743 1429 petebant.
787 1350 938 1407 Cum
968 1349 1023 1407 id
1041 1347 1155 1406 fieri
1173 1348 1428 1407 sentirent
1448 1348 1651 1406 Gotthi
1681 1352 1863 1427 proxi*

254 1457 344 1495 ma
365 1431 593 1514 praefidia
628 1449 876 1499 tenentes
894 1473 911 1499 ‚
943 1430 1277 1512 conquisitos
1308 1430 1493 1489 sedulo
1520 1453 1616 1489 eos
1633 1434 1730 1511 qui
1757 1437 1862 1489 Pa-

251 1521 391 1577 tricii
409 1533 675 1574 vocantur
690 1556 707 1583 ,
752 1535 845 1594 per
862 1515 1009 1575 villas
1028 1535 1298 1595 agrosque
1318 1511 1628 1572 interfecere
1646 1534 1864 1571 omnes.

250 1605 316 1658 In
333 1599 416 1656 his
433 1605 488 1656 δε
509 1599 784 1655 Maximus
801 1594 907 1654 fuit
920 1638 936 1665 ,
951 1597 1126 1654 dietus
1144 1597 1274 1654 mihi
1286 1602 1397 1672 jam
1419 1614 1559 1653 ante.
1603 1601 1863 1654 Praeterea

257 1690 386 1739 cum
421 1679 666 1737 adversus
699 1678 979 1737 Narsetem
1002 1683 1099 1736 iret
1118 1681 1334 1736 Totilas
1367 1679 1625 1736 omnibus
1656 1699 1724 1736 ex
1752 1700 1863 1757 op—

251 1764 392 1844 pidis
412 1762 683 1820 nobilium
702 1763 1083 1821 Romanorum
1104 1760 1283 1818 liberis
1303 1761 1367 1817 ad
1382 1759 1430 1817 se
1448 1761 1666 1838 perduci
1681 1758 1860 1834 juffis,

252 1862 534 1905 trecentos
562 1844 685 1901 inde
715 1845 948 1923 elegerat
968 1884 984 1910 ‚
1019 1847 1234 1922 egregia
1261 1846 1503 1921 corporis
1520 1839 1687 1921 specie
1706 1882 1724 1907 ,
1760 1864 1861 1900 co-

255 1928 417 1986 mites
446 1923 660 1983 futuros
679 1965 694 1991 ‚
730 1942 996 2002 quantum
1031 1924 1340 2003 parentibus
1369 1923 1608 2003 ipsorum
1643 1924 1861 1982 diceba-

253 2028 376 2076 tur,
412 2012 591 2065 rever'a
624 2005 855 2066 obfides,
899 2008 1011 2063 Eos
1043 2028 1170 2063 vero
1189 2025 1320 2063 tunc
1337 2008 1550 2063 Totilas
1585 2025 1729 2063 trans
1755 2013 1860 2065 Pa-

253 2093 385 2151 dum
420 2086 864 2167 deponijusserat.
907 2086 994 2146 sed
1029 2108 1264 2165 repertos
1295 2088 1371 2144 ibi
1391 2091 1558 2145 Te‘ias
1577 2088 1683 2145 hoc
1715 2108 1860 2146 tem-

253 2195 386 2255 pore
405 2171 603 2229 occidit
623 2168 912 2227 universos.
954 2175 1032 2227 At
1052 2173 1313 2250 Ragnaris
1334 2169 1582 2227 Gotthus
1596 2211 1612 2236 ‚
1630 2174 1725 2250 qui
1742 2175 1860 2229 Ta·-

253 2258 471 2315 rentino
503 2251 739 2331 praesidio
769 2272 1022 2333 praeerat,
1060 2275 1371 2332 quanquam
1405 2252 1675 2310 aPacurio
1691 2251 1858 2312 fidem

253 2338 604 2416 Imperatoris
621 2333 780 2412 ipsius
802 2337 1055 2392 mandatu
1071 2355 1338 2412 acceperat
1355 2377 1371 2403 ‚
1403 2342 1456 2391 &
1476 2375 1492 2402 ,
1515 2353 1573 2392 ut
1590 2353 1713 2392 ante
1727 2336 1855 2401 dixi,

253 2418 626 2477 transitionem
645 2417 990 2495 promiserat,
1022 2415 1298 2475 obsidibus
1318 2419 1480 2474 etiam
1511 2418 1565 2472 in
1593 2417 1874 2494 paetada*

254 2505 324 2560 tis
343 2500 599 2558 Gotthici
620 2500 858 2555 nominis
879 2539 893 2563 ,
929 2498 1215 2578 postquam
1236 2497 1439 2555 faetum
1470 2497 1497 2554 a
1525 2497 1753 2554 Gotthis
1771 2521 1856 2556 re-

250 2585 379 2665 gem
407 2586 605 2639 Te'iam
639 2581 965 2637 intellexerat
986 2623 1002 2649 ‚
1044 2588 1096 2639 &
1121 2579 1186 2638 ab
1222 2603 1288 2637 eo
1325 2583 1556 2637 Francos
1595 2579 1658 2637 ad
1686 2579 1854 2638 socie-'

255 2685 425 2723 tatem
457 2662 719 2721 sollicitari
742 2703 758 2729 ‚
799 2668 1021 2741 jamque
1057 2667 1131 2720 ire
1149 2684 1274 2719 eum
1305 2662 1452 2739 justo
1475 2683 1599 2736 cum
1620 2666 1858 2720 exercitu

249 2749 475 2806 obviam
493 2743 767 2815 hostibus,-
801 2747 1106 2821 paenitentia
1128 2744 1323 2802 duetus
1341 2741 1858 2823 promissa-noluerat

251 2831 476 2908 implere
494 2868 509 2893 ,
542 2826 629 2884 sed
651 2847 748 2904 pro
770 2825 1046 2883 obsidibus
1064 2831 1249 2885 anxius
1268 2868 1284 2892 ‚
1330 2849 1423 2883 eos
1447 2845 1504 2883 ut
1524 2844 1859 2904 recuperaret

250 2913 341 2972 tali
357 2909 481 2970 usus
500 2926 607 2968 erat
633 2908 762 2968 astu‘.
811 2907 1022 2968 miserat
1050 2910 1114 2969 ad
1136 2912 1418 2969 Pacurium
1441 2949 1457 2977 ‚
1493 2929 1690 2990 rogans
1709 2925 1766 2965 ut
1787 2907 1863 2978 ah

1667 3010 1733 3048 eo
1753 3009 1859 3048 mi·-
