1888 3428
210 161 652 221 GoTTHmAE
692 152 1096 216 Hts'rORIAE
1135 159 1365 217 L1ss.1.
1528 179 1646 233 219

25 245 102 305 cis
125 248 385 325 primum,
404 233 597 302 deinde
619 240 880 300 Graeculis
898 258 986 296 aut
1011 236 1229 296 Isauris:
1257 238 1405 300 facile
1427 243 1549 301 illos
1564 250 1650 322 ub

25 327 293 385 ciscemini
315 369 332 395 ‚
367 327 394 384 Ξι
429 325 630 407 quibus
658 324 1152 404 caeperuntinjuriae
1171 327 1652 405 contumeliaeque.

24 412 149 469 Nos
169 410 202 467 fi
227 415 421 467 virtute
443 451 459 477 ,
485 408 520 466 fi
539 427 770 466 numero
791 447 807 474 ‚
843 403 878 461 si
916 403 1077 463 rebus
1106 405 1370 463 omnibus
1393 429 1650 465 momen-

26 511 144 550 tum
165 494 229 551 ad
250 494 451 550 bellum
472 489 793 549 habentibus
814 484 1470 568 praestaredicamusmihil
1493 501 1652 546 men—

24 573 245 633 tiamur.
273 577 358 632 illi
382 595 526 632 nunc
544 572 739 631 nostris
757 572 906 628 malis
927 570 1094 629 inflati
1116 568 1387 637 ferociunt
1413 611 1430 637 ,
1474 593 1649 631 unum

26 657 286 715 habentes
305 654 885 735 praefidium‚nostram
908 656 1169 713 incuriam
1192 694 1209 720 ,
1246 652 1512 733 pascitque
1533 659 1653 713 ina-

26 761 120 797 nes
143 745 351 796 animos
386 738 492 797 line
521 742 718 806 merito
749 735 986 795 felicitas.
1030 739 1163 794 Haec
1201 741 1518 814 prolocutus
1548 742 1654 796 Vi-⁵

25 825 157 901 tigis
174 824 439 879 ordinavit
459 819 637 900 &ipse
657 823 848 887 aciem,
867 818 933 877 fic
954 839 1011 878 ut
1029 820 1273 878 medium
1292 823 1477 878 locum
1494 837 1652 877 tene-

26 925 145 962 rent
167 906 369 983 pedites
391 946 408 971 ‚
439 924 644 961 cornua
675 906 967 982 equitatus.
1009 901 1282 982 Vtrosque
1304 901 1466 960 castra
1485 924 1653 983 quam

25 993 205 1064 potuit
228 989 471 1066 proxime
490 985 690 1066 posuit,
711 1006 769 1044 ut
791 984 881 1043 ubi
904 984 1035 1065 pulsi
1058 984 1220 1044 effent
1240 985 1420 1043 hostes
1439 1026 1453 1050 ‚
1479 991 1653 1061 major

23 1070 222 1149 strages
237 1070 504 1138 ederetur,
521 1073 759 1127 multum
779 1091 873 1148 per
892 1070 1118 1149 spatium
1139 1067 1452 1148 insequente
1473 1071 1654 1128 νιᾶο-

25 1172 97 1208 re.
140 1155 284 1209 Nam
306 1153 434 1226 illud
458 1151 605 1233 quasi
639 1171 845 1210 certum
880 1171 1232 1232 praeceperat,
1262 1151 1298 1207 fi
1317 1154 1451 1209 locis
1472 1172 1654 1232 aequa-

24 1233 166 1291 libus
188 1233 562 1298 consisteretur
583 1275 597 1297 ‚
634 1238 925 1294 Romanos
945 1257 1010 1292 ne
1033 1235 1304 1291 tantillum
1323 1234 1548 1312 quidem
1566 1255 1655 1292 re-

24 1314 269 1385 Βίωνος,
285 1315 465 1375 fallace
485 1318 683 1374 duffms
701 1336 1026 1396 argumento
1047 1357 1063 1383 ‚
1098 1316 1249 1395 quod
1272 1319 1444 1374 multo
1467 1320 1655 1385 mino-

24 1419 108 1456 res
141 1397 244 1457 suis
270 1398 435 1457 essent
454 1398 694 1457 hostium
726 1401 913 1478 copiae.
956 1401 1142 1457 Primo
1181 1420 1341 1455 mane
1379 1397 1654 1478 commiffi

26 1486 260 1540 exercitu
283 1523 298 1549 ,
321 1481 442 1540 suos
466 1481 493 1539 ὲ
514 1500 669 1562 tergo
688 1483 750 1538 ad
771 1482 1082 1540 audendum
1103 1481 1461 1539 excitantibus
1481 1479 1501 1550 ‚¹
1530 1500 1654 1541 tum

25 1567 236 1647 Vitigi,
274 1582 390 1623 tum
424 1563 690 1621 Belisario.
733 1567 891 1620 Initia
913 1567 1180 1621 Romanis
1201 1562 1485 1643 prospera,
1516 1564 1653 1623 dum

28 1646 241 1705 barbari
275 1645 557 1704 missilibus
592 1645 761 1702 crebri
800 1645 1193 1722 procumbunt.
1249 1666 1427 1724 neque
1466 1665 1654 1705 tamen

22 1725 155 1809 fuga
191 1746 341 1808 capta
359 1726 434 1785 est
454 1770 470 1795 ,
503 1732 558 1784 in
589 1746 738 1784 tanta
760 1727 1108 1785 Gotthorum
1131 1727 1484 1787 multitudine
1502 1726 1653 1787 facile

25 1813 82 1868 in
102 1811 409 1870 cadentium
431 1811 614 1868 locum
652 1812 762 1867 aliis
783 1809 833 1868 se
859 1809 1314 1868 substituentibus
1335 1852 1350 1872 ‚
1382 1813 1455 1868 ita
1476 1831 1535 1869 ut
1556 1810 1652 1871 dae

27 1904 219 1952 mnu'm
258 1915 323 1950 ne
361 1893 644 1950 sentiretur
679 1893 941 1973 quidem:
967 1894 1038 1950 Et
1070 1895 1314 1951 Romani
1333 1911 1489 1951 tanto
1513 1915 1653 1973 pau-2

27 1981 195 2035 ciores
213 1974 328 2034 satis
347 1975 619 2035 habebant
648 1974 899 2054 depuliffe
921 1976 1218 2055 periculum
1239 2018 1256 2043 ,
1287 1997 1524 2057 cumque
1538 1982 1651 2050 jam

26 2079 196 2139 prope
216 2061 496 2118 meridiem
518 2080 757 2139 pugnam
789 2058 885 2116 snb
906 2057 1095 2116 hostile
1117 2062 1311 2117 vallum
1332 2061 1651 2138 perducstam

24 2140 341 2208 tolerassent,
363 2164 479 2199 non
496 2143 598 2199 levi
620 2146 674 2198 in
698 2163 792 2199 eos
810 2140 981 2222 strage
1004 2141 1165 2207 edita,
1183 2146 1237 2198 in
1259 2140 1449 2201 urbem
1470 2163 1653 2201 rever-

26 2227 104 2292 ti,
139 2243 261 2283 tuto
284 2226 454 2283 modo
471 2222 681 2303 possent
698 2267 714 2292 ,
734 2224 983 2283 avebant.
1028 2229 1082 2283 in
1102 2225 1207 2282 hoc
1228 2222 1489 2285 conflieffl
1506 2227 1651 2285 viros

25 2304 75 2365 se
94 2311 343 2388 egregios
364 2328 471 2365 tres
490 2307 851 2386 praestiterunt
866 2353 878 2373 ,
900 2307 1297 2366 Athenodorus
1315 2308 1489 2367 domo
1505 2306 1656 2369 Isau-2

25 2408 113 2449 rus
131 2395 186 2448 in
200 2391 429 2449 Belisarii
446 2389 690 2449 satellitio
712 2393 1072 2459 ineren5‚clari
1093 2395 1172 2450 vir
1186 2390 1652 2459 nominiS‚Theo·=.

27 2471 352 2554 doretusque
374 2480 425 2532 &
448 2474 726 2555 Georgius
748 2475 995 2542 Martini,
1019 2472 1260 2532 satellites
1285 2480 1339 2532 &
1358 2472 1452 2552 ipsi
1468 2514 1483 2539 ,
1507 2475 1652 2553 Cape

32 2556 260 2635 padoces
279 2556 464 2614 ambot
479 2559 652 2637 quide
668 2554 849 2615 fronte
867 2559 1098 2637 agminis
1115 2555 1304 2635 saepius
1318 2553 1506 2637 egreffi
1527 2559 1650 2634 plum.-

31 2639 200 2695 rimos
228 2639 584 2697 barbarorum
617 2637 775 2697 hastis
794 2638 1170 2699 confoderant.
1214 2641 1285 2697 Et
1305 2639 1399 2697 ista
1420 2639 1647 2721 quidem

31 2740 94 2777 ea
127 2723 182 2778 in
221 2741 364 2801 parte
392 2722 734 2804 gerebantur.
785 2727 930 2782 Atin
951 2725 1192 2803 planitie,
1211 2725 1296 2781 cui
1317 2724 1648 2783 Neronianae

32 2805 359 2862 vocabulum
381 2827 595 2863 manere
613 2806 847 2866 diximus
864 2848 880 2874 ‚
901 2808 994 2865 diu
1014 2805 1212 2865 adversi
1230 2808 1369 2865 inter
1387 2803 1436 2864 se
1454 2803 1648 2863 stetere

32 2888 248 2965 utrique
263 2929 281 2955 ‚
298 2907 507 2947 tantum
533 2911 624 2968 per
642 2888 886 2946 excursus
905 2888 1282 2966 hastarumque
1297 2890 1470 2963 jaGtus
1490 2889 1650 2945 Mau*

29 2969 103 3028 ris
118 2969 366 3031 Gotthos
384 2973 700 3035 vexantibus
720 3011 736 3035 2
771 2993 946 3054 neque
965 2972 1291 3033 audentibus
1310 2968 1546 3110 Gotthi}
1561 2971 1650 3024 in-

1537 3069 1650 3114 erre
