1888 3428
246 160 369 238 '336
598 161 991 216 PRo'coPu
1037 156 1629 227 CAESAREENs-i'&

241 255 566 318 cumagen·te
584 243 775 297 exitus.
805 257 991 296 contra
1011 237 1352 307 infortunato
1369 238 1581 297 homini
1597 244 1711 312 non
1729 241 1861 300 con-'3

240 325 407 402 tingit
428 343 544 399 quae
561 319 801 379 salutaria
820 319 939 379 sunt
959 324 1215 400 cogitare,
1234 321 1389 401 quod·
1404 326 1658 379 notitiam
1680 332 1860 383 rerum

241 401 520 482 re&asque
543 405 904 480 judicationes
924 401 1128 461 auferat
1147 403 1469 481 impendens
1488 407 1536 460 ei
1557 405 1759 462 malum
1778 403 1862 463 fa-

240 504 362 543 tum
382 504 395 542 ':
417 487 569 561 quod
589 486 624 542 fi
644 493 697 543 &
713 508 772 543 ea
791 508 908 563 quae
926 504 1149 562 oportet
1168 489 1225 542 in
1247 482 1486 543 mentem
1508 490 1747 555 veniant,
1766 488 1863 544 ad-

242 567 394 627 verso
413 566 544 624 flatu
565 567 613 626 se
632 586 919 648 opponens
951 566 1171 626 fortuna
1192 568 1532 645 prudentiam
1559 572 1615 625 in
1634 566 1863 625 tristisfi⁴

244 651 370 707 mos
410 650 556 707 casus
589 654 741 728 rapit.
788 651 1063 711 Caeterum
1091 654 1147 707 in
1177 648 1426 707 Belisario
1461 668 1642 707 utrum
1677 647 1861 718 fuerit5

243 730 390 792 haud
423 750 625 790 temere
659 730 1050 790 affirmaverim.
1095 737 1200 811 qui¹
1219 732 1504 812 postquam
1537 753 1662 789 cum
1683 719 1864 812 paukis

242 812 510 872 Iustinum
533 816 801 872 Ravennae
822 817 885 873 ad
905 818 1129 872 tutelam
1151 817 1384 892 reliquit,
1405 814 1509 894 ipse
1532 836 1623 893 per
1640 815 1864 872 Dalmaa

246 899 375 952 tiam
410 900 566 975 eique
605 895 836 954 finitima
867 899 1232 976 Epidamnum
1250 895 1422 953 fertur
1444 939 1460 965 ‚
1492 896 1676 976 ibique
1694 918 1863 953 novas

243 974 272 1034 ᾖ
290 981 552 1056 Byzantio
575 983 754 1056 copias
771 984 1057 1058 opperiens
1077 978 1347 1037 confidet:
1382 978 1648 1058 miffisque
1668 979 1732 1036 ad
1751 984 1864 1035 Im:-

245 1079 550 1138 peratorem
572 1064 736 1118 literis
752 1059 1032 1140 praesentes
1061 1063 1290 1119 miserias
1308 1067 1553 1140 exponit.
1598 1083 1695 1118 nec
1717 1062 1882 1117 mulss·

244 1160 306 1198 to
339 1142 458 1221 post
491 1141 812 1199 Iustinianus
842 1143 1140 1201 Iohannem
1175 1145 1368 1201 Vitalis
1405 1141 1561 1200 fratre
1585 1147 1861 1222 „genitumj

243 1222 561 1302 Isaacenque
580 1228 904 1282 Armenium
925 1229 1096 1282 Aratii
1114 1224 1453 1303 Narsetisque
1475 1223 1716 1292 fratrem,
1736 1246 1863 1283 cum

242 1305 389 1379 justo
410 1308 582 1362 mittit
600 1309 832 1363 exercitu
870 1305 900 1363 ὲ
928 1309 1197 1365 Romanis
1223 1305 1558 1385 barbarisque
1591 1304 1863 1384 compo-[3⁴

246 1407 308 1444 to
346 1411 360 1445 :
398 1390 901 1469 QEpidamnum
918 1391 1154 1468 pervecti
1174 1431 1191 1457 ,
1222 1389 1865 1470 Belisariumibirepere-

245 1487 393 1527 runt.
439 1470 541 1528 Sed
560 1478 612 1529 δε
636 1472 943 1551 Spadonem
961 1470 1238 1529 Narsetem
1272 1471 1338 1529 ad
1357 1473 1692 1530 Herulorum
1714 1476 1864 1551 prin-

244 1557 389 1631 cipes
423 1552 563 1610 misit
594 1559 929 1632 Imperator,
962 1574 1023 1612 ut
1044 1576 1137 1611 eos
1172 1558 1227 1610 in
1250 1557 1453 1611 Italiam
1474 1557 1548 1611 ire
1567 1555 1863 1611 militatum

245 1635 542 1692 induceret.
585 1637 704 1692 Nec
721 1640 877 1714 pauci
896 1658 1022 1694 eum
1042 1638 1205 1694 secuti
1227 1635 1346 1702 sunt
1365 1677 1381 1704 ‚
1416 1637 1548 1694 duce
1576 1640 1714 1694 inter
1732 1639 1877 1694 alios-

244 1716 543 1773 Philimuth
563 1757 578 1781 ,
611 1717 873 1797 simulque
892 1722 946 1774 in
965 1720 1206 1775 Thraciae
1226 1719 1346 1774 loca
1365 1740 1490 1775 cum
1510 1717 1859 1786 deveniffent5

243 1798 322 1855 ibi
341 1820 496 1879 egere
520 1798 769 1877 hyemem
791 1823 807 1864 ,-
842 1798 1200 1875 exspe&antes
1222 1818 1279 1856 ut
1297 1804 1473 1879 primo
1496 1822 1616 1858 vere
1636 1801 1699 1856 ad
1717 1802 1861 1856 Beli-e

244 1878 436 1937 sarium
468 1883 624 1937 irent.
675 1881 878 1939 Aderat
916 1888 969 1939 δέ
1002 1881 1271 1938 Iohannes
1302 1886 1388 1938 cui
1420 1900 1888 1962 cognomentum·-

242 1962 434 2042 Phagae
455 1965 649 2041 vulgus
667 1962 862 2020 fecerat
883 2005 898 2031 ‚
935 1963 1467 2042 prosperrimumque
1495 1965 1594 2020 illis
1612 1967 1666 2020 in
1683 1985 1749 2021 eo
1769 1968 1861 2037 iti-

244 2066 370 2101 nere
392 2042 570 2101 evenit
588 2085 604 2111 ‚
638 2065 697 2102 ut
718 2044 993 2125 infigniter
1023 2068 1135 2102 rem
1164 2048 1474 2103 Romanam
1492 2037 1740 2122 juvarent}
1760 2065 1860 2102 nec

242 2129 552 2204 opinantes.
592 2131 760 2184 Paulo
779 2132 977 2206 quippe
999 2147 1120 2185 ante
1141 2132 1332 2207 ingens
1352 2127 1726 2195 barbarorum,
1745 2131 1863 2185 Sla-

245 2212 296 2267 vi
333 2213 424 2286 qui
466 2229 725 2266 vocantur
751 2251 766 2275 ‚
804 2232 1001 2288 agmen
1040 2233 1153 2267 non
1190 2215 1261 2267 ita
1299 2213 1504 2286 pridem
1535 2211 1860 2268 Danubium
1886 2226 1888 2230 ⁴

244 2289 572 2356 transierant,
590 2294 691 2347 lare
710 2292 1077 2369 populabundi
1101 2334 1117 2359 ‚
1153 2292 1455 2371 multosque
1473 2295 1858 2352 Romanorum

244 2376 488 2450 captivos
506 2373 853 2430 abduxerant.
898 2396 1020 2431 cum
1041 2374 1122 2431 his
1142 2397 1323 2454 pugna
1347 2375 1570 2432 fortuita
1589 2374 1858 2455 congressi

243 2456 435 2512 Heruli
459 2499 473 2518 ‚
511 2473 698 2532 praeter
715 2454 857 2533 spem
877 2497 894 2521 ,
927 2478 1051 2514 cum
1068 2479 1299 2514 numero
1320 2459 1555 2514 multum
1577 2459 1859 2514 vinceren-²
1886 2475 1888 2530 s

241 2558 330 2594 tur
350 2578 365 2599 ,
394 2538 626 2594 mekotes
643 2535 792 2594 fuere
812 2580 828 2605 ,
867 2544 921 2594 δε
957 2543 1323 2597 internecione
1341 2537 1480 2595 facia
1497 2561 1594 2596 eos
1613 2558 1753 2618 quos
1770 2560 1859 2595 ca-
1884 2536 1888 2575 1

245 2638 370 2697 ptos
399 2618 697 2676 habuerant
731 2622 865 2675 Slavi
886 2656 901 2685 s
929 2621 1158 2677 domum
1189 2643 1462 2700 quemque
1489 2622 1635 2678 suam
1656 2621 1888 2695 liberos‘-{

242 2699 501 2757 dimisere.
547 2704 676 2757 Hoc
706 2699 818 2778 ipso
854 2702 1044 2760 Narses
1062 2722 1309 2781 tempore
1329 2721 1453 2760 cum
1471 2703 1752 2760 hominem
1770 2708 1858 2761 in-

243 2781 487 2849 venisset,
501 2787 593 2861 qui
611 2782 704 2839 fibi
725 2783 1004 2841 Chilbudii
1023 2807 1228 2842 nomen
1245 2784 1548 2844 inscriberet
1565 2828 1579 2854 ,
1601 2788 1699 2843 viri
1716 2789 1858 2852 inter
1878 2793 1888 2841 ’ἓ

243 2866 530 2934 Romanos
549 2864 1123 2945 conspicui,q-uondam
1143 2874 1196 2924 δε
1213 2872 1542 2926 exercituum
1563 2869 1731 2934 duciS‚
1750 2868 1861 2925 do-¹
1877 2888 1888 2901 ¹·

243 2948 358 3006 ium
376 2945 527 3005 facile
545 2944 796 3007 discuffit.
837 2949 896 3009 Id
924 2952 1080 3030 quale
1098 2949 1260 3011 fuerit
1279 2972 1550 3031 exponere
1568 2950 1854 3028 haudgrae
1881 2976 1885 2987 2

1668 3031 1853 3095 vabors
1876 3055 1888 3094 ις
