1888 3428
258 155 701 213 GoTTHICAE
749 151 1161 212 HISTORIAE
1206 160 1460 222 VL113.11.
1547 186 1653 238 301

51 239 299 304 animm,
338 236 476 310 capti
511 233 576 288 ab
609 232 1032 302 infirmioribuS,
1063 254 1221 314 turpe
1239 239 1434 299 servitii
1454 266 1664 305 nomen

49 341 164 377 non
181 315 579 378 erubescebant.
598 356 600 358 ψ
623 318 917 373 Enimvero
942 320 1186 374 mulieres
1206 360 1222 386 ,
1242 323 1403 399 quaez‘t
1429 330 1673 399 virisaue

55 403 263 459 dietant
311 399 546 457 hostium
584 404 783 472 majora
825 398 972 453 mole
1009 420 1236 478 corpora
1272 410 1325 459 ὃ(
1368 426 1661 482 numerum

47 486 361 562 praecellere,
382 483 697 537 maritorum
719 499 811 534 ora
828 478 1195 556 conspuebant
1215 524 1231 550 ‚
1261 484 1352 541 ubi
1374 484 1662 548 Romanos

44 569 102 622 in
121 566 252 623 urbe
268 563 600 620 confidentes
622 561 1283 644 viderant,vi6t0ribusqne
1304 568 1476 647 digito
1497 593 1659 626 mon-

41 645 214 704 stratis
237 689 251 708 ‚
272 647 542 704 imbellem
568 642 670 699 suis
691 644 932 700 animum
953 645 1370 724 exprobrabant.
1420 656 1496 707 At
1520 656 1660 709 Viti-

40 732 156 808 gim
188 725 466 785 Belisarius
502 746 614 782 non
643 724 980 783 'inhonorata
1030 730 1085 784 in
1123 729 1359 789 custodia
1395 731 1652 791 habebat.

46 811 282 868 barbaris
302 829 476 867 autem
499 849 515 875 ,
535 805 733 885 quibus
750 810 820 863 cis
840 809 1044 872 Padum
1063 809 1206 868 sedes
1225 854 1241 879 ‚
1278 815 1574 891 imperabat
1593 818 1657 875 ad

38 914 161 951 rura
177 892 264 950 sua
283 888 494 970 digressi
512 911 569 945 ea
584 887 748 945 securi
769 892 1029 947 colerent.
1071 893 1222 951 Nihil
1241 899 1386 951 enim
1407 897 1530 954 inde
1549 898 1658 955 ho-

35 973 172 1043 stile,
188 976 358 1031 nullas
373 970 718 1029 Gotthotum
739 971 948 1030 infidias
967 976 1264 1044 metuebat,
1283 980 1434 1054 quod
1453 979 1517 1036 de
1534 982 1656 1038 Ro-

36 1078 201 1113 mano
232 1056 464 1112 exercitu
500 1057 762 1132 plurimos
794 1060 903 1126 jam
926 1075 1049 1112 ante
1070 1058 1255 1115 eadem
1291 1066 1346 1115 in
1374 1063 1488 1117 loca
1509 1062 1654 1119 able-

33 1138 217 1219 gaffet.
259 1139 328 1194 Et
358 1138 429 1194 illi
454 1131 685 1215 'quidem
721 1139 864 1194 villas
891 1135 1005 1194 suas
1024 1139 1209 1197 hilares
1231 1148 1483 1220 petivere.
1527 1146 1653 1203 Ro-

36 1225 207 1278 manis
227 1241 289 1277 ex
311 1241 379 1276 eo
400 1238 513 1276 tuta
533 1221 830 1277 Ravenna:
864 1227 1219 1296 numerojam
1241 1245 1355 1280 non
1378 1222 1652 1282 inferiori-

35 1301 155 1360 bus.
213 1305 366 1359 Tum
402 1299 430 1356 ἐ
456 1303 600 1380 regia
633 1303 881 1378 pecunias
916 1298 1133 1370 sumsit,
1171 1327 1301 1383 quas
1332 1311 1650 1385 Imperatori

33 1386 290 1443 mitteret.
335 1385 609 1441 Caeterum
639 1380 984 1440 Gotthotum
1017 1389 1219 1443 nemini
1247 1406 1338 1445 aut
1357 1393 1649 1469 quicquam

30 1471 228 1546 eripuit
247 1464 385 1544 ipse,
417 1483 506 1522 aut
544 1463 778 1543 permisit
813 1469 976 1542 eripi,
1006 1468 1154 1545 paGca
1187 1470 1431 1550 religiose
1463 1471 1648 1530 custo-

33 1550 204 1606 diens·
249 1554 323 1606 At
336 1546 619 1627 postquam
640 1544 1070 1625 barbari‚quibus
1091 1551 1439 1610 munitissima
1460 1575 1552 1632 per
1570 1555 1649 1613 di-·

32 1632 201 1688 versas
233 1633 483 1709 regiones
502 1627 737 1706 praefidia
757 1628 1088 1707 obtigerant,
1110 1638 1280 1689 teneri
1300 1634 1571 1693 Romanis
1592 1644 1647 1696 δι

28 1715 259 1792 Vitigim
279 1719 331 1769 &
354 1714 673 1772 Ravennam
692 1711 1000 1767 intellexere
1017 1752 1031 1776 ‚
1053 1713 1235 1771 misere
1257 1717 1320 1771 ad
1340 1715 1648 1775 Belisarium

27 1813 88 1852 ut
107 1793 264 1873 seque
302 1801 356 1851 &
393 1792 591 1850 credita
624 1790 744 1871 ipsis
782 1793 901 1847 loca
935 1795 1100 1870 1³³&ss
1137 1802 1417 1875 acciperet.
1460 1801 1530 1855 Et
1562 1803 1648 1858 ille

25 1874 190 1934 fidem
213 1877 340 1933 nihil
374 1876 654 1931 ςιωᾶειωε
678 1876 798 1931 dare
819 1874 1122 1933 Tarvilium
1147 1884 1200 1935 &
1221 1881 1364 1937 aliud
1385 1884 1437 1937 in
1461 1885 1647 1939 Vene=

25 1961 113 2015 tiis
133 1957 398 2016 castellum
420 1962 472 2014 in
495 1956 658 2013 fide-m
680 1961 899 2034 accepit.
945 1960 1067 2016 Sola
1085 1961 1157 2015 illi
1182 1961 1386 2020 Caefina
1405 1969 1456 2020 ὃ(
1475 1969 1646 2022 AEmi=

22 2042 89 2100 lia
111 2038 372 2097 restabant
394 2081 417 2111 ,ἶ
440 2061 562 2096 cum
584 2042 680 2096 alia
703 2038 857 2095 fimul
881 2060 1003 2096 cum
1023 2042 1126 2122 ipsa
1142 2044 1402 2101 Ravenna
1420 2046 1647 2126 accepis-

24 2120 119 2178 set.
162 2127 253 2201 qui
286 2121 528 2200 praefidiis
563 2119 881 2199 praefuerant
915 2123 1115 2180 Gotthi
1137 2166 1151 2191 ,
1182 2124 1334 2182 simul
1367 2125 1501 2184 fides
1518 2130 1642 2186 data

29 2201 133 2261 fuit
151 2243 168 2269 ,
201 2204 263 2261 ad
298 2197 602 2261 Belisarium
627 2210 680 2260 ὃ(
702 2224 888 2261 venere
909 2203 999 2282 ipsi
1022 2247 1037 2272 ‚
1071 2214 1124 2263 ὃς
1158 2208 1364 2266 ibidem
1389 2209 1642 2269 mansere,

23 2289 182 2343 Vnus
214 2286 531 2351 Ildibaldus,
572 2290 753 2365 magni
787 2290 864 2342 vir
897 2291 1137 2344 nominis
1158 2330 1173 2356 ‚
1209 2298 1295 2348 cui
1332 2294 1581 2350 mandata
1612 2293 1640 2350 a

2 2367 252 2425 ‘Gotthis
268 2365 443 2425 fuerat
460 2372 692 2426 Veronae
713 2367 953 2425 custodia
975 2409 989 2430 ,
1023 2368 1160 2428 misit
1173 2375 1392 2451 quidem
1415 2378 1475 2432 acl
1495 2378 1644 2443 Beli-

20 2448 213 2507 sarium
233 2451 458 2508 eandem
480 2472 644 2528 quam
665 2451 747 2506 alii
770 2451 845 2506 ob
868 2451 1070 2508 causam
1095 2475 1108 2517 3
1140 2476 1238 2511 nec
1257 2461 1455 2512 mirum
1479 2498 1493 2522 ‚
1513 2480 1640 2515 cum

19 2530 220 2589 liberos
252 2530 410 2611 ipsius
442 2535 714 2589 Ravennae
734 2552 935 2590 tenerer
962 2534 1235 2594 Belisarius
1271 2561 1284 2594 :
1321 2541 1640 2597 Ravennam

21 2629 202 2670 tamen
221 2615 326 2692 ipse
345 2635 457 2671 non
478 2618 593 2681 ivit,
617 2635 793 2692 neque
810 2618 863 2672 in
883 2616 1114 2673 Belisarii
1139 2623 1280 2676 venit
1300 2621 1641 2698 pote-itatem.

19 2697 387 2755 Intervenerat
424 2701 569 2753 enim
606 2694 747 2753 casus
784 2719 947 2775 quem
972 2708 1084 2775 jam
1120 2701 1453 2760 memorabo.
1503 2707 1642 2775 Qui-

19 2775 144 2833 dam
180 2777 208 2834 ἐ
236 2779 501 2835 Romanis
521 2778 751 2836 ducibus
767 2779 1071 2838 Belisarium
1094 2778 1639 2864 apud‘lmperatorem

20 2861 174 2937 regni
191 2858 422 2918 affectati
443 2858 774 2922 deferebant,
795 2863 1024 2921 alienum
1041 2904 1057 2930 ‚
1076 2863 1111 2920 si
1132 2870 1249 2941 quis
1273 2889 1508 2946 unquam
1530 2907 1547 2932 ,
1571 2865 1638 2922 ab

15 2959 91 2996 eo
125 2943 373 3003 crimine.
432 2947 730 3023 Imperator
763 2964 879 3020 non
914 2962 1025 3004 tam
1057 2949 1336 3015 calumniae
1369 2949 1635 3019 credulus,

134 3053 137 3056 -
1474 3048 1636 3086 cuam
