1888 3428
220 152 520 223 {GoTTH
540 168 669 211 IcAE
721 150 1131 210 HlsTomAE
1173 157 1455 216 L113.111.
1543 178 1650 240 395

42 252 105 295 ut
122 238 349 318 navigiis
365 279 383 307 ,
414 257 534 317 quae
550 235 846 295 dromonas
861 252 1058 297 vocant
1073 277 1088 300 ,
1121 237 1434 314 impositum
1454 247 1659 302 exerci-

39 336 164 378 tum
192 324 249 378 in
279 320 558 399 Ilauphem
585 321 836 377 mitteret.
882 317 985 375 Sed
1005 316 1060 374 hi
1079 337 1140 375 ut
1157 322 1472 378 Laureatam
1491 346 1660 383 vene-

39 423 119 468 re,
141 402 406 483 congreffi
427 401 628 482 praelio,
644 400 930 478 multoque
949 396 1250 469 inferiores,
1265 400 1393 482 fuga
1407 403 1499 461 fibi
1520 415 1658 465 'con-

39 482 317 543 suluerunt
339 526 357 554 ,
391 485 656 543 derelitstis
684 485 740 540 in
762 501 925 560 portu
943 482 1308 542 dromonibus
1326 485 1540 564 aliisque
1559 510 1657 546 na—

40 569 200 646 vigiis
230 589 348 648 quae
380 564 662 625 frumento
709 564 975 644 rebusque
1022 565 1136 622 aliis
1171 564 1462 624 neceffariis
1496 572 1655 647 plena

39 667 206 707 erant.
250 648 450 730 quibus
464 651 630 729 captis
645 645 831 726 Ilauph
848 653 901 705 ἃ
922 646 1123 705 Gotthi
1144 690 1159 715 ‚
1179 652 1456 733 multaque
1476 653 1531 707 in
1554 653 1657 709 ob-

41 735 158 788 vios
192 733 332 790 caede
363 747 657 811 perpetrata
676 734 731 786 &
752 733 934 809 rapina
960 751 1149 809 graves
1169 773 1186 799 ,
1217 732 1282 789 ad
1300 734 1550 791 Totilam
1571 755 1656 792 re-

38 811 201 873 diere.
245 814 490 872 Finiebat
512 832 630 871 tum
666 811 854 891 hyems
874 833 1090 891 unaque
1110 836 1283 871 annus
1315 835 1536 895 quartus
1558 818 1659 887 de-

37 898 213 955 cimus
249 897 369 954 belli
387 902 501 972 ejus
517 894 668 975 quod
688 900 959 974 Procopio
980 895 1307 954 describitur.
1353 900 1506 955 Tum
1525 917 1651 957 toto

37 982 275 1036 exercitu
307 979 523 1036 Totilas
556 980 798 1036 Romam
833 980 875 1034 it
894 977 1180 1036 obsessum.
1224 982 1338 1036 Ter
1356 980 1499 1038 mille
1517 981 1654 1039 dile-

35 1060 156 1118 ἃοε
190 1083 254 1118 ex
285 1059 546 1118 omnibus
576 1063 815 1119 numeris
845 1058 1206 1119 custodiendae
1237 1062 1358 1119 urbi
1377 1061 1654 1123 Belisarius

30 1142 597 1223 reliquerat,praefe6to
615 1148 690 1201 eis
705 1145 962 1222 Diogene
980 1143 1200 1201 suorum
1218 1142 1501 1203 satellitum
1518 1168 1653 1215 une,

32 1228 150 1284 viro
164 1223 549 1305 spectatiffimae
570 1229 804 1293 virtutis,
822 1246 920 1282 nec
935 1227 1228 1303 prudentiae
1247 1230 1491 1285 minoris,
1533 1232 1652 1287 Diu

31 1308 197 1365 traffita
215 1305 291 1365 est
309 1306 521 1366 obsidio
543 1349 559 1370 ‚
594 1308 726 1366 dum
746 1306 935 1365 obseffi
954 1350 971 1375 ,
1003 1309 1153 1386 quod
1187 1330 1417 1366 numero
1449 1310 1651 1382 deerat,

31 1393 356 1469 comparatis
375 1390 440 1449 ad
464 1389 814 1448 Gotthorum
833 1393 1128 1447 exercitum
1148 1431 1163 1455 ‚
1199 1391 1252 1447 id
1275 1396 1470 1449 virtute
1491 1388 1651 1451 com-

29 1471 255 1551 pensant
269 1514 288 1542 ‚
307 1479 364 1531 &
383 1475 642 1554 pervigile
662 1492 784 1529 cura
813 1493 879 1529 ne
900 1476 1020 1552 quis
1039 1472 1320 1529 moenibus
1340 1496 1542 1532 noxam
1560 1480 1649 1534 in-

27 1549 195 1614 ferret
211 1574 362 1615 cavet
374 1558 661 1636 Diogenes
679 1597 695 1619 ,
726 1553 947 1632 satisque
967 1560 1104 1613 intra
1132 1553 1297 1633 ipsam
1318 1554 1509 1614 urbem
1528 1556 1646 1617 fru-

24 1635 188 1717 gibus
207 1659 276 1695 ne
293 1640 546 1697 alimenta
565 1633 732 1695 deesse
753 1635 961 1714 poffent
979 1639 1251 1715 providet.
1295 1641 1441 1718 Saepe
1462 1661 1646 1720 oppu—

24 1721 347 1800 gnationem
364 1719 735 1796 insultumque
751 1722 808 1775 in
829 1723 1032 1775 moenia
1049 1721 1156 1776 ausi
1176 1718 1388 1777 barbari
1407 1762 1425 1789 ,
1445 1727 1645 1782 virtute

10 1820 225 1880 >quanta
243 1822 481 1881 unquam
501 1800 551 1859 se
564 1799 982 1859 defendentibus
1002 1803 1289 1864 Romanis,
1304 1804 1485 1876 rejefti
1502 1804 1642 1863 sunt.

21 1888 221 1943 Portus
250 1902 431 1942 tamen
462 1884 668 1964 oppido
705 1886 902 1962 potiti,
933 1886 1197 1941 intentius
1220 1889 1330 1960 jam
1352 1887 1476 1944 inde
1496 1887 1644 1946 obfi-

22 1965 243 2026 dionem
265 1965 553 2047 urgebant.
595 1969 727 2025 Haec
744 1968 844 2024 illis
861 1967 917 2022 in
938 1968 1069 2025 locis
1088 1967 1402 2047 agebantur.
1436 1975 1515 2026 At
1533 1976 1640 2028 Im-

23 2068 234 2128 perator
252 2051 592 2115 Iustinianus,
616 2067 675 2106 ut
695 2048 1002 2107 Belisarium
1019 2052 1261 2129 Byzantii
1281 2051 1413 2110 vidit
1434 2093 1448 2113 ,
1472 2054 1638 2112 alium

21 2131 214 2191 ducem
248 2134 305 2191 in
337 2135 585 2190 Totilam
613 2130 967 2211 Gotthosque
1003 2153 1128 2189 cum
1163 2138 1397 2191 exercitu
1420 2138 1638 2194 mittere

23 2214 318 2277 constituit.
363 2215 514 2295 quod
549 2213 889 2293 propositum
910 2213 946 2270 fi
965 2212 1240 2272 exsecutus
1261 2214 1388 2274 effet
1407 2258 1423 2284 ‚
1454 2220 1639 2276 Roma

14 2295 192 2357 fadhuc
210 2296 306 2379 ipsi
322 2295 479 2366 salva,
495 2295 746 2377 salvisque
766 2296 1027 2353 militibus
1048 2319 1165 2355 eam
1185 2297 1643 2370 custodientibus2

19 2382 256 2460 quicum
280 2383 440 2439 novis
473 2378 502 2437 Ξι
533 2383 799 2459 Byzantio
835 2380 1044 2437 auxiliis
1076 2383 1421 2455 conjuras-{uri
1440 2380 1489 2438 se
1512 2381 1637 2441 fue—

18 2480 134 2520 rant
153 2501 170 2530 ,
202 2463 364 2522 credo
384 2504 401 2532 ‚
427 2463 604 2522 viotor
631 2460 808 2522 fuiffet
835 2461 1090 2521 hostium.
1134 2466 1190 2521 N
1198 2485 1300 2522 unc
1321 2486 1449 2524 vero
1467 2466 1636 2523 Libe-=

17 2542 356 2628 rium,quem
377 2545 571 2605 ducem
591 2544 941 2607 destinaverat
958 2586 975 2612 ,
1010 2549 1186 2605 virum
1215 2545 1465 2606 senatorii
1485 2548 1637 2611 ordi-

17 2630 121 2697 nis,
137 2648 378 2708 paratum
395 2632 573 2687 itineri
592 2628 690 2686 esse
703 2627 852 2705 juffit
868 2670 883 2696 ‚
900 2628 987 2686 sed
1007 2651 1136 2687 mox
1158 2633 1267 2689 aliis
1288 2671 1305 2697 ‚
1328 2650 1387 2688 ut
1405 2630 1639 2702 videtur2

15 2716 251 2791 negotiis
279 2711 645 2771 incidentibus
676 2712 742 2768 ab
778 2732 838 2769 ea
865 2731 990 2768 cura
1022 2711 1239 2772 destitit.
1280 2719 1392 2770 Iam
1412 2717 1467 2771 in
1489 2717 1634 2772 mul-

16 2810 135 2851 tum
153 2797 414 2874 temporis
431 2791 750 2874 procefferat
772 2793 915 2852 urbis
932 2793 1144 2854 obsidio
1166 2839 1184 2865 ,
1210 2817 1335 2853 cum
1355 2794 1515 2853 Isauri
1534 2798 1633 2854 ali-

16 2894 189 2955 quot,
212 2876 414 2958 quibus
442 2878 507 2936 ad
543 2895 754 2957 portam
775 2877 927 2935 Pauli
946 2878 1198 2956 Apostoli
1220 2899 1425 2936 nomen
1449 2878 1631 2935 feren-

13 2974 128 3018 tem
161 2959 394 3021 excubiae
426 2959 800 3030 obvenerant,
834 2964 1026 3040 partim
1064 2960 1306 3042 dequesti
1342 2980 1436 3039 per
1456 2979 1628 3097 anpos
1694 3004 1696 3006 v

1422 3061 1513 3097 mu
1539 3058 1626 3099 tos
