1888 3428
254 196 326 277 58
645 190 1590 271 PRoLEooMENJ'Ae*

248 297 377 337 men
410 278 465 334 in
501 295 564 333 ea
596 295 822 355 quoque
855 273 1122 331 nonnulla
1153 270 1230 329 est
1265 271 1487 328 utilitas,
1540 288 1649 349 ego
1675 268 1856 329 existi-

247 380 394 418 mem
419 361 632 438 utrique
649 355 774 414 huic
792 358 938 413 malo
960 354 1157 413 exitiali
1177 394 1195 422 ,
1216 371 1277 410 ut
1295 375 1349 411 re
1367 356 1647 432 apparuit,
1681 354 1860 411 reme-4

246 444 401 501 dium
432 440 671 499 adhiberi
700 433 970 518 potuisse:
1005 439 1170 516 priori
1183 435 1410 515 'quidem
1429 475 1445 496 ‚
1483 433 1521 492 fi
1551 456 1666 492 non
1692 435 1877 512 iidem÷

249 537 466 582 manere
482 528 536 581 in
557 523 717 602 partis
734 521 878 577 bello
895 519 1031 575 locis
1049 515 1282 598 permiffi
1298 514 1512 575 fuiffent
1528 558 1545 584 ‚
1575 516 1862 597 minusque

247 612 411 665 etiam
432 606 666 664 externis
700 601 750 660 se
770 600 1061 659 connubiis
1093 602 1340 680 alligare:
1377 599 1531 679 quod
1558 602 1863 667 initiocau-

245 708 367 748 tum
389 688 600 769 legibus
615 726 632 752 ‚
662 683 845 763 postea
861 680 1142 742 desueviffe
1162 681 1322 741 video
1345 705 1359 738 t
1404 680 1491 739 scd
1509 684 1675 761 aliqui
1691 700 1888 761 quot-2

248 776 403 830 annis
439 773 579 827 sorte
600 786 693 824 aut
722 767 925 845 judicio
946 762 1144 823 remiffi
1175 763 1339 822 effent
1365 765 1598 822 domum
1618 807 1635 831 ‚
1676 745 1888 844 locum}

249 853 440 912 &eluti
461 855 572 909 aliis
592 849 716 907 inde
736 852 977 909 venturis
1008 866 1099 906 aut
1130 865 1270 905 terra
1301 866 1393 904 aut
1414 851 1583 905 mari-2
1626 850 1701 904 ita
1718 845 1888 930 enimi

249 954 507 1015 perpetua
542 932 923 990 substitutione
944 973 962 999 ‚
996 949 1060 989 ut
1092 934 1148 988 in
1168 932 1404 987 externis
1430 928 1716 986 arboribus
1747 927 1888 995 fieri}

251 1018 386 1076 solet
404 1059 422 1086 ‚
455 1013 716 1074 mansisset
733 1016 977 1096 genitalis
1005 1015 1092 1074 ille
1110 1015 1268 1093 vigor
1287 1018 1341 1069 &
1372 1012 1643 1068 indomita
1662 1013 1741 1067 vis
1758 1006 1888 1075 ani-i

252 1103 326 1158 mi
349 1141 365 1166 ,
406 1097 692 1180 praesertim
711 1096 747 1153 si
770 1104 824 1155 &
843 1096 1012 1155 vestui
1030 1098 1309 1174 cultuique
1327 1094 1580 1152 adhibitae
1599 1091 1764 1151 effent
1785 1094 1888 1150 cli-³

252 1203 372 1263 gnae
390 1184 557 1262 patria
575 1183 719 1261 leges
735 1222 750 1247 ‚
781 1186 835 1238 &
862 1202 980 1259 quae
997 1179 1211 1259 legibus
1229 1178 1347 1256 plus
1364 1179 1541 1249 valent
1560 1179 1868 1255 principum

252 1269 495 1323 virorum
515 1265 758 1341 exempla
789 1285 803 1319 ε
847 1283 1021 1341 neque
1040 1258 1226 1317 omiffa
1245 1256 1373 1317 effet
1393 1263 1448 1316 in
1466 1263 1587 1316 otio
1607 1261 1888 1316 exercita-³

251 1351 332 1404 tio
367 1349 640 1411 militariS‚
675 1351 827 1420 cujus
862 1346 938 1400 rei
972 1362 1228 1420 magnam
1259 1338 1646 1397 Theudericho
1685 1360 1870 1398 curam

251 1426 401 1486 fuisse
435 1450 500 1486 ex
536 1425 868 1484 Caffiodoro
902 1424 1173 1483 discimus.
1231 1423 1458 1480 alterum
1494 1443 1627 1483 vero
1663 1422 1868 1480 malum

252 1514 395 1569 nulla
415 1507 723 1567 neceffitate
739 1505 1019 1565 admiffurn
1038 1506 1113 1564 est
1128 1551 1141 1572 ,
1174 1507 1466 1585 multoque
1480 1546 1497 1574 ‚
1512 1508 1569 1562 ni
1588 1502 1763 1571 fallor,
1784 1524 1871 1560 re-

252 1595 392 1651 &ius
411 1590 585 1649 fuerat
606 1632 622 1657 ‚
658 1593 919 1647 Romano
941 1610 1094 1646 more
1113 1630 1130 1656 ,
1161 1609 1329 1667 quem
1361 1595 1416 1645 δε
1450 1583 1869 1667 prudentiffimis

250 1679 308 1733 in
328 1677 582 1732 America
599 1671 774 1729 Inchis
790 1671 1007 1752 regibus
1024 1667 1270 1749 placuisse
1290 1668 1451 1727 video
1473 1712 1490 1739 ,
1524 1691 1685 1749 agros
1697 1666 1881 1726 faceret

255 1757 506 1836 pubiicos
525 1797 540 1823 ‚
579 1773 781 1834 partem
814 1772 995 1811 autem
1028 1751 1310 1816 frucstuum
1342 1751 1599 1832 afflgnare
1625 1755 1766 1833 regis
1788 1773 1876 1808 re-

253 1843 460 1920 gnique
481 1835 661 1894 ufibus
687 1878 705 1905 ,
738 1841 792 1894 in
813 1836 1012 1916 quibus
1031 1842 1084 1892 δε
1107 1833 1246 1892 sacra
1275 1833 1666 1912 comprehendi
1684 1836 1872 1895 velim,

253 1940 461 2001 partem
482 1922 719 1977 militum
738 1918 1011 1997 stipendiis
1028 1917 1160 1974 dum
1177 1915 1273 1974 sub
1290 1915 1449 1995 {ignis
1467 1914 1589 1974 sunt
1603 1956 1621 1982 ‚
1644 1923 1698 1974 &
1720 1938 1872 1974 eme-

254 2007 491 2061 ritorum
528 2003 757 2080 praerniis
788 2024 804 2067 3
852 2020 1056 2079 partem
1081 2000 1325 2057 mercede
1356 2021 1514 2080 agros
1550 2002 1871 2057 colentium.

254 2088 388 2143 Haec
408 2084 444 2141 si
462 2104 640 2142 curata
657 2082 872 2141 fuiffent
891 2123 906 2144 ‚
937 2081 1032 2140 nisi
1051 2085 1253 2161 quaevis
1281 2079 1657 2138 intercurriffet
1676 2086 1868 2158 major,

255 2185 395 2248 puto
417 2166 666 2224 duratura
686 2163 836 2224 fuisse
854 2167 1082 2243 Imperia
1097 2167 1185 2221 illa
1215 2185 1417 2245 magno
1436 2168 1740 2243 parentium
1765 2185 1872 2242 po-

198 2245 202 2247 ’
257 2253 513 2330 pulorum
534 2247 686 2306 bono
706 2290 723 2315 ,
759 2247 980 2328 quando
1001 2252 1056 2304 &
1087 2246 1249 2305 hodie
1273 2249 1381 2303 orti
1398 2246 1481 2304 isti
1515 2245 1541 2304 ὲ
1575 2244 1872 2326 Wisigot-

255 2331 362 2389 this
383 2329 647 2410 Hispaniae
665 2352 817 2409 reges
833 2329 1103 2387 latiffimas
1133 2328 1161 2386 ὲ
1187 2327 1236 2387 se
1267 2327 1464 2387 diffitas
1483 2331 1787 2409 provincias
1804 2329 1875 2385 il-

256 2416 320 2472 lis
338 2413 684 2475 cautionibus
718 2411 943 2470 feliciter
965 2410 1194 2472 servant.
1238 2412 1533 2492 Postquam
1548 2415 1678 2469 Deo
1700 2409 1869 2468 visum

256 2517 339 2553 res
366 2494 867 2577 Ostrogotthorum
898 2495 1429 2573 Wandalorumque
1461 2501 1515 2552 &
1547 2492 1871 2574 Langobar-r

255 2579 453 2637 dorum
476 2597 712 2637 evertere
728 2620 745 2646 ‚
791 2600 854 2636 ex
875 2580 1060 2637 eadem
1086 2579 1174 2636 illa
1193 2575 1362 2634 matre
1383 2579 1630 2635 virorum
1653 2578 1881 2634 Scanzia..

259 2661 430 2720 edidit
455 2657 504 2718 se
523 2665 1001 2720 Nortmannorum
1020 2682 1224 2718 nomen
1244 2701 1262 2726 ,
1294 2680 1536 2739 quorum
1557 2662 1739 2740 portio
1757 2698 1777 2725 ‚
1797 2673 1871 2715 'ut

254 2749 365 2819 jam
383 2744 491 2802 dixi
513 2785 528 2811 ,
550 2749 814 2823 praecipua
836 2748 1078 2809 Sueones
1096 2785 1113 2812 ‚
1132 2743 1301 2800 audiri
1321 2746 1558 2821 primum
1579 2748 1633 2799 in
1651 2744 1872 2822 longin-

257 2828 381 2904 quis
418 2844 676 2904 coeptum'
699 2828 831 2883 locis
863 2830 1001 2884 circa
1034 2824 1202 2884 finem
1234 2824 1400 2884 saeculi
1433 2824 1461 2881 ὲ
1491 2824 1709 2882 Christo
1740 2843 1868 2880 nato

258 2910 461 2967 octavi
481 2949 496 2974 ‚
531 2912 815 2988 ingentem
833 2909 1130 2967 occidentis
1160 2927 1362 2987 partem
1395 2926 1615 2965 tenente
1639 2909 1888 2971 Carolo„

258 2994 346 3050 cui
378 2997 434 3050 &
462 3011 643 3049 rerum
675 2995 731 3048 &
764 2993 975 3071 imperii
1007 2990 1329 3072 magnitudo
1360 3010 1567 3049 nomen
1601 2987 1695 3069 ipfi
1733 2991 1888 3072 conv}

1644 3088 1866 3132 veniens
