1888 3428
206 148 652 219 GoTTHICAE
689 144 1098 204 H1s-roR1AE
1143 146 1377 205 L1B.II.
1509 166 1619 229 235

12 231 166 292 fidias
181 230 360 289 hostes
378 231 783 289 admolirentur.
818 247 971 303 exeo
992 227 1145 285 nullae
1165 226 1242 284 ibi
1261 250 1456 309 pugnae
1479 273 1496 300 ,
1526 254 1631 292 nec

14 318 307 396 quicquam
336 312 479 372 hosti
514 310 835 393 suspectum.
875 311 996 367 Hac
1024 328 1180 389 porta
1198 313 1370 368 noctu
1390 353 1407 378 ‚
1448 336 1629 395 neque

11 418 185 478 gnaro
217 418 532 476 quoquam,
580 394 648 452 ab
675 390 1051 451 obstruffione
1081 391 1302 450 liberata
1335 401 1630 456 maximam

14 483 278 538 exercitus
298 500 500 558 partem
531 477 608 535 ibi
639 480 694 533 in
713 479 872 532 armis
896 475 1027 532 stare
1044 475 1214 549 juffit.
1258 482 1479 533 Interim
1500 500 1630 555 por-

12 581 65 621 ta
78 565 273 620 Picena
301 584 423 618 cum
452 558 726 639 equitibus
757 559 900 616 mille
919 559 1221 633 Trajanum
1240 564 1293 615 δε
1313 562 1634 639 Diogenem

7 644 164 722 jubet
183 646 364 724 egredi
395 685 410 708 ‚
446 643 710 720 castraque
730 639 969 699 hostium
985 643 1175 717 jaculis
1191 639 1429 699 laceffere
1451 684 1467 707 ‚
1514 665 1571 700 ac
1591 642 1630 700 fi

15 748 361 804 erumperent
380 767 396 793 ‚
443 723 583 804 fugae
619 724 852 782 dedecus
902 724 1031 783 nihil
1066 743 1310 782 verentes
1352 767 1368 792 ‚
1414 744 1629 804 quanto

13 808 225 888 pofl'ent
249 806 400 866 cursu
418 808 480 866 ad
504 810 706 865 moe-nia
732 811 947 866 reverti.
992 806 1252 885 quosdam
1275 813 1326 864 &
1349 812 1488 865 intra
1507 829 1628 866 eam

12 913 229 970 portam
248 890 537 968 instruffos
556 888 766 948 habuit.
812 890 962 948 Cum
973 893 1241 964 Trajanus
1261 891 1514 949 mandata
1533 894 1634 948 Be-

9 972 163 1032 lisarii
183 973 473 1053 exsequens
502 971 760 1030 barbaros
777 971 988 1031 iritaflet
1007 1014 1024 1041 ,
1062 971 1268 1031 Gotthi
1286 995 1350 1030 ex
1369 971 1633 1031 omnibus

12 1059 189 1114 coorti
224 1055 396 1113 castris
424 1054 475 1114 se
496 1056 861 1124 vindicarent,
893 1078 1011 1136 pars
1033 1076 1259 1134 utraque
1289 1077 1477 1113 muros
1509 1077 1634 1115 ver-

11 1136 96 1196 sus
127 1138 177 1196 se
196 1139 470 1206 contulit,
503 1140 748 1199 Romani
784 1136 1119 1219 fugientium
1153 1136 1276 1218 spe,
1311 1138 1518 1197 Gotthi
1538 1135 1632 1196 fu·-

11 1219 287 1300 gientibus
305 1219 576 1279 insistendi
596 1219 897 1300 proposito.
939 1220 1219 1282 Belisarius
1246 1240 1304 1278 ut
1322 1224 1487 1302 tergis
1504 1218 1634 1282 suo-

13 1319 138 1373 rum
156 1302 479 1361 inhaerentes
498 1303 632 1361 vidit
648 1301 828 1360 hostes
846 1343 863 1369 ‚
898 1307 953 1360 in
975 1307 1220 1361 incautos
1239 1321 1424 1361 totum
1453 1301 1482 1360 ὲ
1501 1324 1632 1382 por.-

15 1402 70 1442 ta
102 1387 363 1443 Flaminia
402 1384 652 1465 adaperta
684 1388 887 1443 emittit
919 1407 1137 1465 agmen.
1177 1387 1345 1442 Erant
1364 1390 1420 1442 in
1447 1387 1631 1444 vicino

15 1489 124 1526 una
140 1468 493 1526 Gotthorum
509 1465 668 1525 castra
692 1490 705 1525 :
746 1471 803 1524 in
824 1472 907 1524 via
927 1489 1044 1546 quae
1063 1490 1130 1526 eo
1153 1465 1357 1526 ferebat
1375 1466 1632 1548 angustiae

15 1569 167 1608 erant
197 1553 339 1608 inter
367 1550 593 1628 abrupta
625 1551 755 1608 adiri
788 1547 1045 1608 difficiles.
1100 1556 1162 1606 In
1191 1554 1259 1608 -iis
1294 1550 1552 1608 barbarus
1581 1548 1634 1608 se

16 1632 238 1709 quidam
259 1633 435 1689 tectus
453 1634 648 1699 lorica,
686 1652 916 1711 corpore
937 1632 1001 1690 ad
1019 1653 1231 1711 pugnas
1250 1632 1455 1690 idoneo
1475 1673 1492 1699 ‚
1523 1632 1634 1690 ho-

12 1712 150 1779 stem
180 1714 376 1772 eodem
412 1732 789 1793 properantem
825 1712 1199 1782 antevertens,
1235 1714 1506 1784 constitit,
1541 1711 1633 1771 so·-

14 1797 231 1875 ciosque
264 1797 544 1854 advocavit
578 1816 638 1852 ut
658 1793 837 1853 secum
859 1808 943 1853 ea's
974 1793 1154 1854 fauces
1181 1816 1512 1876 occuparent
1533 1817 1634 1854 cu·-

15 1877 410 1958 stodirentque.
455 1878 557 1937 Sed
582 1879 857 1937 Mundilas
879 1900 1153 1938 accurrens
1172 1921 1189 1947 ‚
1225 1902 1293 1937 eo
1312 1877 1631 1944 interfecim,

16 1964 291 2019 nerninem
327 1960 677 2025 Gotthorum
712 1960 830 2017 fivit
873 1960 1068 2019 eodem
1102 1965 1370 2023 accedere.
1427 1960 1631 2020 Libero

15 2047 181 2124 igitur
199 2043 422 2102 transitu
456 2046 698 2103 Romani
732 2044 794 2101 ad
814 2048 1058 2124 proxima
1088 2049 1313 2105 veniunt
1332 2044 1494 2103 castra
1527 2043 1634 2102 ho-

16 2125 197 2191 stium.
237 2124 543 2184 affultavere
563 2128 803 2203 quidam,
822 2134 874 2187 &
895 2149 1006 2207 quo
1029 2131 1210 2185 minus
1229 2148 1497 2207 caperent,
1515 2145 1632 2189 non

17 2229 272 2268 numerus
307 2207 519 2266 obstitit
550 2208 787 2267 hostium
809 2213 902 2290 qui
925 2215 1100 2268 tenuis
1122 2230 1232 2269 erat
1252 2252 1268 2279 ‚
1298 2210 1383 2269 sed
1406 2213 1483 2270 vis
1502 2231 1632 2267 rnu-

17 2294 412 2355 nimentorum.
446 2295 547 2350 alte
568 2290 797 2371 depreffa
816 2311 926 2350 erat
943 2289 1074 2351 foffa
1094 2299 1148 2352 ὃς
1169 2315 1232 2351 ex
1260 2292 1434 2374 egesta
1453 2292 1631 2350 humo

17 2376 243 2432 interius
259 2396 424 2456 agger
442 2376 583 2432 muri
602 2379 714 2433 vice
733 2375 968 2434 multum
1001 2376 1346 2435 attollebatur
1363 2418 1379 2444 ‚
1410 2374 1633 2433 sudibus

20 2462 76 2525 &
108 2456 216 2536 ipse
253 2457 537 2516 inhorrens
567 2455 739 2516 densis
771 2458 1062 2538 acutisque.
1119 2460 1226 2517 His
1260 2457 1381 2517 freti
1416 2457 1630 2521 barbari

19 2537 236 2604 fortiter
251 2539 517 2622 aggreffos
537 2539 884 2620 repellebant.
921 2544 1071 2600 Tum
1090 2540 1321 2601 Belisarii
1340 2541 1629 2623 protesto*

18 2641 140 2686 tum
158 2644 299 2680 unus
317 2665 335 2692 ‚
378 2625 672 2705 Aquilinus
697 2628 920 2682 nomine
940 2665 956 2691 ‚
988 2629 1069 2682 vir
1087 2646 1205 2683 acer
1222 2626 1487 2703 imprimis
1502 2665 1518 2692 ,
1549 2639 1632 2681 at-

18 2705 202 2776 traffis
233 2703 457 2764 habenis
487 2728 612 2765 cum
651 2728 794 2785 equo
829 2709 885 2764 in
917 2707 1024 2788 ipsa
1058 2707 1219 2766 castra
1251 2707 1382 2766 saltu
1400 2704 1450 2764 se
1480 2710 1630 2781 jecit,

21 2785 283 2864 quosdam
318 2794 372 2847 δε
407 2788 643 2848 hostium
672 2785 960 2847 interfecit.
997 2787 1084 2850 sed
1113 2794 1300 2849 multis
1327 2789 1377 2848 se
1398 2791 1633 2848 circum-

22 2863 379 2936 ssundentibus
406 2870 884 2954 ingerentibusque
902 2876 1037 2942 tela,
1068 2896 1241 2955 equus
1273 2871 1477 2936 saucius
1496 2892 1631 2951 pro&-

22 2948 215 3018 cubuit
231 2991 250 3022 ‚
287 2953 392 3035 ipse
428 2953 573 3036 spem
594 2954 746 3034 supra
766 2977 859 3037 per
886 2958 1097 3019 medios
1114 2954 1316 3038 elapsus
1332 2952 1510 3093 hosteis
1526 2973 1629 3092 pe·-

3 3064 8 3067 '
1469 3056 1519 3094 §l
1568 3055 1629 3096 ΠΒ
