1888 3428
237 179 683 247 G61-TH‘10AE
722 180 1071 245 HtsTont
1094 205 1145 244 AE
1185 189 1322 247 Lm.
1344 196 1386 249 Ι.
1506 192 1614 247 181

5 264 131 324 ditis
160 268 491 328 Francorum
525 271 768 351 imperio·
790 269 1063 348 gentibus·
1110 275 1371 349 Apertam
1394 274 1538 329 enim
1557 275 1616 330 in

3 349 290 409 Romanos
321 352 634 410 societatem
666 343 835 410 facere
853 373 967 409 non
986 349 1134 430 posse
1155 394 1170 420 ,
1203 357 1297 431 qui
1316 358 1619 431 nuper-Im-

0 437 238 508 peratori
256 437 309 491 in
328 433 433 492 hoc
451 434 622 514 ipsum
641 433 840 491 bellum
857 431 1072 491 sociales
1090 456 1280 513 opera-s
1297 433 1619 514 spopondis-

0 513 136 571 sent.
180 520 367 596 Legati
409 539 534 576 eum
568 522 624 574 in
657 518 884 574 modum
920 516 1080 573 rebus
1117 515 1380 575 confectis
1397 517 1619 572 Raven-

0 615 127 652 nam
164 599 433 657 redierunt
477 622 491 656 :
532 598 815 678 statimque
844 600 1106 655 Marciam
1137 598 1487 678 parentesque
1523 597 1619 677 ipsi

0 681 197 735 milites
219 681 280 736 ad
301 679 350 738 se
370 697 527 739 vocat
550 684 763 761 vitigis.
814 685 955 762 Qae
974 683 1103 739 dum
1125 685 1196 740 illi
1216 703 1469 762 aguntur,
1490 680 1615 737 Ro-

0 780 148 816 mam
180 765 279 818 iter
311 767 506 819 interea
539 763 756 842 parabat
789 765 1083 836 Belisa-rius.
1127 767 1415 822 Trecentis
1448 767 1613 844 igitur

41 842 246 900 editum
280 845 516 905 ἀίῐεᾶῐε,
549 844 727 925 eisque
757 846 1013 924 impolito
1047 847 1368 906 Herodiano
1396 846 1615 903 mandat

0 860 255 1002 Kleapolis
285 924 599 1001 custodiam.
659 926 799 984 m'ifit
849 935 904 986 &
955 930 1162 987 Cumas
1196 948 1337 1010 quot
1370 927 1623 1009 praefidio'

0 1004 230 1063 sufficere
258 1007 515 1066 crederet.
558 1031 684 1067 nam
702 1030 893 1090 praeter
912 1013 1118 1069 Cumas
1137 1035 1195 1070 ac
1213 1015 1508 1092 Neapolim
1531 1013 1617 1067 ni-

0 1084 71 1143 hil
88 1085 229 1146 firmi
260 1089 491 1148 habebat
511 1093 827 1171 Campania.
874 1095 1185 1153 Cumae'illae
1203 1094 1356 1163 sunt,
1379 1094 1473 1152 ubi
1496 1091 1612 1172 spe·

0 1184 89 1226 cus
109 1171 317 1250 Sibyllae
334 1175 594 1231 vaticiniis
611 1175 870 1233 celebrata
889 1176 1212 1246 ostenditur,
1230 1176 1457 1236 adfitum
1478 1177 1613 1233 mari

0 1253 314 1329 oppiduim&
326 1256 558 1332 Neapoli
573 1255 749 1314 stadiis
767 1278 987 1316 centum
1008 1261 1210 1334 offro&
1230 1263 1435 1339 viginti.
1455 1262 1613 1315 Dum

0 1339 291 1393 exercitum
327 1335 604 1394 Belisarius
636 1339 844 1397 instruit
876 1381 892 1408 ‚
936 1343 1176 1398 Romani
1210 1362 1360 1399 metu
1396 1363 1462 1398 ne
1493 1361 1614 1419 quae

56 1420 364 1495 eapolitanis
385 1439 671 1478 evenerant
692 1440 1001 1501 paterentur
1017 1464 1034 1490 ,
1074 1427 1262 1481 melius
1280 1425 1479 1481 duxere
1499 1429 1615 1479 Im-

35 1504 259 1557 eratoris
281 1503 505 1558 militem
524 1506 663 1559 intra
691 1504 883 1562 urbem
904 1506 1184 1563 admittere
1201 1547 1217 1572 ,
1249 1510 1521 1584 praecipuo
1545 1505 1610 1562 ad

17 1579 393 1640 dsuadendum
417 1586 642 1642 Silverio
678 1586 822 1642 urbis
854 1588 1098 1645 antistite.
1142 1589 1295 1644 miffo
1328 1593 1495 1667 igitur
1521 1589 1612 1642 Fi-

34 1665 134 1730 eli,
170 1664 491 1722 Mediolano
511 1669 565 1722 in
584 1667 879 1746 Liguribus
898 1686 1022 1725 orto
1045 1713 1058 1733 ,
1095 1674 1192 1748 qui
1211 1671 1351 1748 apud
1373 1671 1609 1725 Atalaria

26 1743 159 1802 hum
180 1746 458 1824 quondam
486 1746 754 1806 adficiendi
774 1749 982 1807 honore
1002 1749 1223 1809 functus
1239 1771 1383 1819 erat,
1414 1754 1611 1831 vulgus

35 1826 312 1886 uaesturam
332 1831 575 1909 appellat,
592 1831 898 1889 Belisarium
920 1835 1160 1890 Romam
1181 1836 1446 1891 advocant
1467 1876 1483 1902 ‚
1516 1855 1612 1913 pa-

21 1912 90 1967 ati
124 1908 230 1967 fine
258 1910 516 1992 sanguine
548 1911 741 1970 urbem
776 1916 996 1973 tradere.
1043 1919 1126 1974 ille
1142 1921 1331 1974 Latina
1353 1921 1435 1974 via
1453 1919 1609 1973 duxit

25 1995 282 2050 xercitum
303 2034 318 2055 ‚
353 1995 417 2051 ad
449 1997 632 2052 laevam
652 1997 959 2076 relinquens
977 2002 1214 2079 Appiam
1241 2041 1257 2067 ,
1277 1999 1441 2078 quam
1464 2019 1610 2055 non-

33 2076 308 2133 entis·ante
326 2079 478 2134 annis
490 2078 778 2135 Romanus
793 2078 978 2137 consul
994 2084 1209 2160 Appius
1228 2082 1496 2147 straverat,
1515 2083 1607 2139 de-

31 2174 247 2234 eratque
266 2180 489 2216 nomen.
531 2161 885 2219 Protenditur
915 2167 1095 2242 Appia
1127 2169 1183 2221 in
1220 2168 1460 2245 quinque
1492 2164 1609 2221 die-
1664 2176 1667 2178 ’

23 2258 113 2296 um
130 2242 230 2298 iter
247 2239 456 2299 homini
474 2242 728 2321 expedito
746 2283 763 2310 ,
795 2242 833 2300 ὲ.
857 2245 1042 2302 Roma
1061 2247 1303 2305 videlicet
1324 2251 1608 2327 Capuam:

31 2338 139 2378 atet
174 2341 439 2402 quantum
463 2322 655 2383 >obviis
688 2328 828 2382 inter
859 2325 909 2384 se
943 2329 1190 2386 curribus
1222 2328 1341 2387 satis
1361 2330 1432 2388 est
1454 2371 1470 2397 ‚
1505 2332 1608 2386 rari

32 2407 167 2481 peris
184 2404 560 2483 spe-{taculum
605 2408 844 2465 Molares
858 2406 978 2467 sunt
999 2412 1225 2491 praeduri
1242 2414 1608 2493 lapideS,quos

11 2505 151 2565 onge
186 2487 375 2546 advehi
407 2486 535 2547 fecit
566 2492 781 2570 Appius
810 2532 826 2558 ,
859 2513 982 2549 cum
1018 2499 1072 2551 in
1091 2498 1404 2574 propinquo
1428 2495 1608 2552 nullus

33 2565 248 2626 ascatur.
288 2571 415 2627 Hos
434 2572 632 2651 lapides
650 2591 890 2651 aequatos
907 2575 1287 2657 laevigatosque
1307 2585 1361 2635 δε
1389 2579 1453 2636 ad
1473 2599 1609 2635 nor-

54 2669 137 2705 am
157 2649 314 2709 caesos
331 2656 471 2710 inter
490 2653 752 2731 sejunxit,
771 2657 921 2713 nullo
939 2664 1050 2716 aeris
1070 2660 1244 2717 ali-ove
1265 2662 1503 2717 vinculO.
1534 2662 1608 2719 Et

19 2751 172 2789 amen
186 2735 264 2789 ita
284 2738 420 2792 inter
436 2733 486 2794 se
500 2736 716 2815 preffim
736 2736 1006 2796 cohaerent
1026 2784 1042 2809 ‚
1074 2760 1132 2798 ut
1154 2763 1269 2799 non
1292 2742 1604 2822 compositi,

45 2811 80 2869 d
101 2834 270 2872 unum
298 2833 486 2875 natura
508 2819 786 2878 videantur
803 2817 1169 2898 spectantibus
1207 2847 1222 2880 ε
1260 2845 1497 2905 cumque
1516 2845 1605 2882 tot

31 2915 86 2951 er
103 2893 282 2954 saecula
309 2902 604 2959 innumeris
623 2902 868 2980 quotidie
885 2908 1126 2963 curribus
1145 2925 1306 2986 atque
1327 2928 1495 2965 omne
1510 2927 1620 2984 ge--

29 2987 94 3037 ‘us
115 2980 475 3043 animantibus
493 2982 857 3055 transeantur,
892 2986 1198 3049 indiffoluta
1229 3010 1493 3069 compage
1512 2984 1607 3061 ipfi

996 3071 1065 3128 M
1111 3090 1135 3147 3
1515 3087 1614 3128 nec
