1888 3428
220 187 614 254 ihs-roma-
654 192 1146 253 VANDALICAE
1189 195 1336 252 Lm.
1380 193 1434 255 L‘
1596 198 1666 258 6⁴1

33 272 214 336 aderat
233 320 250 347 ,
266 275 570 335 interfecit.
609 277 893 335 Intellecto
912 275 1106 334 deinde
1125 276 1578 345 Romanaeiclassis
1595 282 1654 339 in

29 357 273 419 Africam
291 359 527 418 adventu
542 404 558 426 ‚
597 380 790 417 eorum
816 378 935 437 quae
954 356 1075 437 post
1093 356 1147 414 id
1166 376 1383 437 tempus
1399 365 1655 443 contige-

29 460 150 501 rant
175 448 392 522 ignarus
409 485 425 511 ,
451 446 507 499 in
526 441 672 500 hunc
690 440 923 499 modum
942 437 1140 521 scripfit
1176 463 1191 497 τ
1226 441 1453 499 Godam
1471 461 1654 522 tyran-

28 546 164 584 num
184 524 379 582 nostris
397 525 646 583 manibus
662 521 889 603 periisse,
908 522 1320 602 restitutamque
1340 541 1441 582 tuo
1461 566 1479 593 ‚
1498 529 1655 584 Van-

27 606 279 665 dalorum
313 610 732 686 Alanorumque
762 619 862 663 rex'
896 647 915 674 ‚
959 608 1195 686 imperio
1229 604 1456 666 insulam
1492 607 1649 676 scite,

24 689 267 770 Deoque
286 691 437 750 laetus
457 693 651 770 gratias
668 687 882 767 publice
900 691 1051 768 agito
1069 730 1085 757 ‚
1112 709 1211 745 nec
1232 688 1420 747 dubita
1437 690 1537 748 illis
1556 696 1651 772 qui

24 772 84 829 in
115 772 277 841 nobis
309 770 522 853 poffefla
554 771 817 829 hostiliter
850 775 1077 829 veniunt
1112 771 1350 830 eundem
1384 771 1504 832 fore
1535 781 1655 835 exi-—

26 870 167 922 tum,
183 859 279 933 qui
296 856 431 911 olim
452 859 507 911 in
527 860 761 930 majores
780 852 994 912 nostros
1011 853 1339 913 bellantibus
1357 853 1488 915 fuit.
1530 860 1650 918 Has
1730 892 1733 895 ·

24 939 120 1014 qui
136 940 310 995 literas
326 934 572 995 ferebant
595 977 613 1005 ‚
647 935 1037 1016 Carthaginem
1057 971 1076 1006 ,
1108 936 1241 994 nihil
1258 938 1335 995 ibi
1353 937 1543 999 hostile
1559 939 1650 1000 su·-

21 1016 565 1099 spicantes‚perve6i:i,
585 1037 645 1078 ut
658 1037 880 1100 portum
901 1022 1068 1077 iniere
1085 1018 1113 1077 a
1129 1017 1445 1081 custodibus
1465 1024 1530 1099 ad
1548 1027 1650 1083 Be·-

21 1098 254 1161 lisarium
271 1102 642 1182 perducuntur
668 1126 683 1160 :
711 1104 888 1182 Eique
906 1121 1026 1160 tum
1044 1105 1221 1160 literas
1239 1105 1480 1174 tradunt,
1501 1124 1645 1177 tum,

21 1202 142 1262 qua:
159 1184 371 1264 insuper
386 1202 698 1265 acceperant
719 1227 737 1254 ,
771 1184 1021 1244 mandata
1039 1189 1325 1245 enuntiant
1345 1228 1364 1255 ,
1384 1187 1647 1269 obstupe-

20 1263 150 1323 faffti
181 1268 246 1325 ad
271 1286 381 1325 tam
400 1265 585 1326 subitae
605 1270 924 1326 mutationis
943 1268 1322 1348 spectaculum.
1367 1271 1648 1331 Belisarius

21 1346 156 1407 nihil
186 1345 398 1407 in·'illos
425 1349 703 1408 constituit
728 1352 875 1407 mali.
922 1350 1034 1408 Sub
1061 1350 1205 1409 idem
1236 1370 1453 1431 tempus
1471 1360 1526 1411 &
1545 1357 1646 1414 alia

20 1451 105 1488 res
124 1429 324 1491 evenit·
367 1436 683 1509 Antequam
705 1430 870 1490 classis
890 1436 1234 1511 Imperatoris
1252 1432 1497 1494 Africam
1515 1442 1645 1496 atti-

21 1510 195 1594 giffet,
219 1512 427 1572 miserat
444 1517 500 1572 in
518 1513 835 1593 Hispaniam
855 1515 1065 1595 legatos
1084 1516 1332 1573 Gelimer
1348 1559 1365 1585 ‚
1400 1540 1642 1597 quorum

18 1599 182 1673 primi
208 1595 476 1655 Gothaeus
506 1602 563 1653 δε
591 1595 802 1660 Fascia,
837 1609 899 1654 ut
927 1594 1343 1675 Vifigothorum
1360 1599 1436 1656 ibi
1455 1621 1643 1682 regem

19 1677 278 1737 Theudin
298 1679 363 1736 ad
380 1678 755 1738 Vandalorum
774 1676 1082 1736 societatem
1101 1678 1478 1757 perducerent.
1525 1687 1644 1761 Q

20 1758 118 1818 ubi
148 1758 352 1819 fretum
381 1761 445 1819 ad
477 1759 661 1819 Gades
688 1758 969 1819 transveffi
986 1763 1041 1817 in
1059 1778 1254 1820 terram
1279 1764 1498 1822 alteram
1518 1786 1644 1844 per-

19 1862 249 1912 venere,
284 1843 563 1902 Theudim
593 1846 651 1900 in
682 1843 883 1922 praedio
903 1844 1069 1924 longe
1093 1843 1319 1904 alittore
1345 1847 1640 1906 introrsum

19 1922 122 1982 fito
145 1927 451 2006 reperiunt,
479 1925 798 2007 admissique
817 1967 835 1994 ‚
869 1928 1041 1983 multa
1073 1949 1199 1985 cum
1233 1927 1566 1989 humanitate
1584 1939 1640 1991 δε

20 2010 256 2087 opiparis
277 2012 446 2090 epulis
462 2012 822 2089 excipiuntur.
867 2015 931 2066 In
947 2010 1128 2068 mensa
1147 2014 1526 2091 perctincfftatur
1543 2036 1642 2073 eos

20 2089 290 2161 Theudis,
305 2114 421 2173 quo
439 2095 565 2151 loco
582 2113 665 2150 res
680 2090 844 2150 essent
865 2093 1130 2151 Gelimeri
1149 2101 1203 2152 &
1222 2095 1497 2153 Vandalis,
1521 2098 1641 2155 len-

19 2188 82 2243 to
102 2193 279 2232 autem
298 2178 489 2235 itinere
508 2174 813 2255 progressos
847 2177 1057 2256 legatos
1067 2182 1180 2253 jam
1199 2182 1423 2236 nuntius
1444 2200 1643 2239 eorum

19 2276 139 2335 quae
154 2257 408 2317 Vandalis
425 2255 753 2337 improspera
769 2260 1067 2317 acciderant
1087 2300 1104 2329 ,
1123 2279 1449 2338 praevenerat
1468 2302 1482 2324 2
1501 2283 1642 2321 one-

17 2341 150 2397 raria
168 2345 327 2409 navi,
359 2362 478 2420 quae
506 2341 703 2398 eodem
739 2341 825 2400 die
855 2363 968 2421 quo
990 2342 1380 2423 Carthaginem
1398 2347 1641 2410 Romani

17 2422 380 2493 intraverant,
408 2423 534 2481 inde
569 2423 769 2481 abierat
791 2465 807 2492 ‚
833 2422 1080 2483 felicibus
1114 2429 1290 2487 ventis
1320 2425 1553 2486 dedufita
1581 2432 1641 2486 in

19 2503 351 2582 Hispaniam.
390 2528 455 2564 ex
487 2511 604 2581 ejus
634 2506 950 2565 veCioribus
975 2529 1101 2566 cum
1135 2508 1390 2567 didicisset
1416 2512 1530 2567 aeta
1546 2531 1642 2589 per

17 2584 260 2646 Africam
280 2587 558 2656 Theudis‚
594 2593 767 2646 vetuit
802 2611 896 2647 eos
930 2593 1188 2670 cuiquam
1220 2613 1281 2649 ea
1311 2591 1379 2649 de
1410 2613 1465 2650 re
1483 2593 1641 2673 loqui

19 2686 307 2749 antequam
326 2669 470 2729 fama
488 2675 544 2729 in
564 2672 757 2752 vulgus
776 2691 1105 2754 erumperet.
1149 2676 1300 2732 Cum
1319 2695 1450 2732 vero
1468 2678 1639 2733 inter-

20 2753 586 2830 rogatiVandalorum
621 2756 783 2834 legati
814 2752 1198 2834 respondifl'ent
1225 2759 1414 2814 omnia
1430 2756 1571 2815 bene
1590 2755 1640 2814 se

19 2832 217 2893 habere
237 2876 256 2902 ‚
286 2835 493 2895 rursum
528 2839 906 2916 percunctatur
936 2836 1219 2906 Theudis‚
1256 2846 1409 2915 cujus
1425 2841 1641 2920 negotii

19 2913 169 2974 causa
203 2915 428 2977 adessent
460 2941 474 2976 ε
517 2940 754 3000 cumque
773 2920 1011 2980 dicerent
1028 2920 1224 2980 veniss'e
1242 2920 1294 2980 se
1322 2919 1636 2979 societatem

19 3003 318 3088 expetitum
335 3041 354 3075 ,
377 2999 533 3088 juffit
544 3023 640 3066 eos
658 3003 724 3069 ad
743 3024 896 3069 oram
911 3008 986 3071 ire
1005 3008 1331 3069 maritimam
1350 3044 1370 3080 ,
1398 3003 1510 3141 ibic}
1539 2999 1637 3056 ad-

1513 3101 1629 3151 em,
