1888 3428
277 180 391 258 330
588 177 980 235 PRocoPu
1030 165 1586 237 CAEsAREENsrs

255 260 477 319 tabanes
494 258 661 316 mittit
679 259 1031 338 Imperatori:
1070 274 1200 313 turn
1209 255 1314 336 ipse
1332 268 1643 338 quanquam
1659 253 1859 317 Africae

255 344 365 400 toti
383 382 399 406 ,
432 363 536 421 qua
554 342 805 399 Romana
825 361 968 408 erat,
1005 337 1284 418 impositus
1297 381 1315 406 ,
1345 338 1509 397 caufis
1527 339 1859 419 conquisitis,

258 424 446 496 orabat
465 442 523 481 ut
556 427 611 479 δε
648 422 744 480 fibi
777 425 1096 502 Byzantium
1118 443 1296 478 venire
1314 422 1513 479 liceret
1555 422 1781 502 urgebat
1800 444 1860 479 e-

255 510 372 564 nim
391 504 445 585 sp
449 528 504 562 es
525 508 854 562 matrimonii
874 525 993 561 tum
1011 506 1108 560 alia
1126 503 1273 560 bona
1294 509 1340 561 ei
1358 504 1707 573 ostentantiS,
1731 523 1880 599 tum*

252 588 482 669 gradum
514 584 704 643 faffituri
732 587 797 645 ad
834 590 1123 665 imperium
1155 584 1512 664 apiscendum.
1558 608 1680 643 mos
1708 590 1862 645 enim

252 670 349 727 iste
370 670 446 727 est
480 668 804 734 hominum,
839 690 980 747 quos
1012 690 1110 725 nec
1148 672 1434 746 opinantes
1465 667 1613 727 bona
1642 666 1863 733 fortuna

252 751 636 846 deprehendit,
666 769 725 808 ut
744 751 819 808 ibi
841 748 1011 808 sistere
1029 754 1262 831 cogitata
1283 768 1592 830 nequeant
1585 747 1763 809 sedin
1784 752 1861 808 ul·
1875 826 1877 828 η

253 840 454 892 teriora
486 832 807 911 prospiciant
844 832 1099 913 spemque
1140 831 1345 934 semper
1374 833 1695 910 promittant
1732 834 1861 890 lon-

253 920 377 996 gius
396 957 413 984 ,
445 916 620 973 donec
640 922 693 971 ὃ(
728 915 810 973 illa
841 937 956 973 non
991 915 1280 1000 promerita
1308 912 1563 972 felicitate
1595 914 1862 974 excidant.

251 1003 552 1077 Imperator
574 1000 751 1075 petitis
771 1000 995 1064 annuit,
1033 1018 1266 1076 eumque
1285 1000 1604 1075 Byzantium
1622 1001 1880 1063 revocat,'

250 1081 362 1137 alio
382 1078 638 1145 suffecfw,
657 1085 786 1136 ut&
808 1097 929 1135 ante
949 1079 1089 1143 dixi,
1129 1083 1221 1157 qui
1241 1076 1482 1136 'Africam
1503 1097 1726 1158 regeret.
1769 1079 1862 1135 Ille

234 1179 318 1220 rut
337 1161 651 1254 Byzantium
675 1165 849 1228 venit,
880 1158 1102 1238 suspici
1082 1182 1110 1216 a
1127 1164 1332 1240 populo
1353 1162 1429 1218 ob
1456 1182 1535 1217 res
1552 1162 1727 1225 aestas,
1763 1181 1868 1216 necv

250 1248 416 1300 amari
441 1246 618 1299 minus
635 1283 652 1308 ,
674 1263 901 1320 corpore
921 1262 1148 1319 procero
1168 1241 1504 1321 pulchroque
1522 1241 1863 1321 conspicuus,

252 1324 407 1382 faffis
440 1322 796 1403 magnificus,
822 1321 972 1381 fandi
1006 1346 1209 1403 parcus,
1268 1323 1387 1418 Ipse
1413 1342 1548 1382 eum‘
1562 1330 1883 1403 Imperator

252 1405 533 1464 attollebat
552 1404 877 1472 honoribus,
899 1406 1025 1463 dato
1045 1409 1093 1463 ei
1115 1410 1361 1485 imperio
1365 1410 1421 1463 in
1442 1410 1635 1470 milites
1653 1409 1746 1484 qui
1764 1409 1868 1485 By-

251 1492 415 1546 zantii
433 1504 617 1554 erant,
638 1506 889 1567 praeterea
907 1492 963 1545 in
982 1487 1263 1546 federatos
1269 1510 1499 1556 omneS,
1519 1488 1705 1550 adhoc
1723 1509 1864 1545 con-

249 1571 443 1629 sulatu.
500 1572 765 1646 PraeJe&ae
808 1590 991 1629 tamen
1026 1573 1437 1629 matrimonium
1473 1568 1730 1649 consequi
1764 1591 1864 1628 ne·-

250 1656 417 1733 quiit
455 1652 583 1708 Erat
601 1656 745 1708 enim
763 1655 810 1709 ei
832 1654 1036 1730 pridem
1061 1674 1197 1711 uxor
1216 1659 1270 1711 &
1296 1654 1567 1732 popularis
1585 1658 1639 1709 δέ
1657 1673 1864 1731 cogna-

249 1753 341 1801 ta,
373 1757 400 1791 a
421 1735 598 1811 prima
607 1751 758 1792 aetate
779 1755 824 1789 ei
815 1737 1061 1807 junGta,
1089 1736 1259 1813 quam
1272 1741 1383 1810 jam
1404 1735 1504 1792 diu
1528 1752 1636 1792 erat
1666 1732 1856 1814 quod
1833 1757 1863 1790 a

249 1815 301 1876 se
318 1817 622 1895 depulerat,
668 1814 744 1871 ob
764 1814 949 1877 causas
970 1838 997 1872 e
1027 1816 1278 1894 qualibus
1313 1814 1538 1876 diffidia
1551 1814 1690 1882 nasci
1720 1820 1861 1882 inter

252 1904 515 1978 conjuges
531 1896 721 1954 solent.
763 1899 925 1962 Hm,
949 1898 1088 1955 dum
1103 1898 1362 1955 Artabani
1381 1919 1463 1955 res
1481 1916 1629 1957 erant
1646 1917 1859 1966 tenueS,

201 2033 205 2038 f
245 1981 402 2039 ‘domi
422 1977 687 2036 desederat
704 1978 909 2046 otiosa,
941 1979 1151 2037 silentio
1171 1981 1463 2038 divortium
1485 2000 1862 2074 concoquenS.

246 2065 335 2120 At
369 2058 669 2141 postquam
679 2061 822 2118 idem
845 2061 1001 2119 rebus
1019 2061 1178 2141 gestis
1197 2064 1398 2132 claruS,
1430 2059 1679 2119 fortuna
1667 2081 1860 2142 ingens

252 2146 513 2210 emicuit,
552 2164 665 2200 non
693 2146 922 2202 tolerans
944 2146 1078 2201 ultra
1113 2148 1491 2211 contumeliae,
1536 2147 1857 2222 Byzantium

252 2230 438 2292 venit,
456 2225 822 2304 Augustaeque
839 2224 1132 2304 supplicat,
1154 2231 1375 2283 maritus
1397 2245 1455 2284 ut
1473 2186 1566 2283 'fibri
1583 2226 1888 2285 reddatur

250 2310 322 2366 Et
354 2306 602 2387 Augusta
620 2324 679 2363 ut
694 2323 809 2363 erat
841 2312 1063 2386 ingenio
1087 2311 1143 2366 in
1164 2305 1400 2367 infelices
1421 2349 1438 2375 ,
1474 2296 1722 2374 mulieres
1742 2330 1888 2377 rna-

250 2394 432 2457 xime,
466 2373 822 2456 misericordi,
858 2390 1172 2448 Artabanen
1205 2395 1354 2471 cogit
1377 2394 1610 2448 invitum
1628 2411 1888 2459 uxorem

249 2490 313 2531 ut
329 2474 546 2549 recipiat
565 2492 798 2550 cumque
825 2492 883 2529 ea
900 2471 1122 2531 habitet.
1164 2473 1299 2529 Non
1316 2473 1592 2530 moderate
1612 2474 1734 2529 tulit
1742 2472 1857 2529 hoc
1885 2495 1888 2522 ι

245 2558 455 2613 ‘malum
488 2553 822 2619 Artabanes,
858 2554 944 2611 sed
974 2551 1194 2617 efferato
1229 2557 1414 2617 animo
1445 2553 1623 2611 secum
1644 2573 1856 2647 repete-

250 2636 343 2694 bat
361 2678 376 2704 ,
416 2656 557 2733 quae
550 2636 605 2690 in
626 2638 913 2693 Romanos
930 2633 1270 2703 contuliflet,
1305 2657 1401 2715 pro
1423 2638 1484 2692 iis
1504 2638 1704 2693 meritis
1723 2657 1854 2714 pro,-

250 2717 425 2775 hiberi
455 2714 557 2775 se
535 2738 562 2772 a
585 2716 839 2793 desponsa
859 2739 1054 2784 uxore,
1094 2717 1408 2779 volentem
1388 2740 1414 2774 a
1438 2719 1657 2784 volente
1674 2717 1854 2791 sejun-

252 2803 343 2879 gi:
375 2820 498 2856 curn
523 2799 618 2854 alia
645 2798 1004 2861 inimicissima
1036 2799 1328 2879 constringi
1362 2799 1409 2856 se
1442 2800 1512 2855 ad
1531 2803 1875 2879 perpetuam

251 2885 374 2939 vitae
410 2878 891 2948 consuetudinem,
936 2903 1048 2960 quo
1073 2883 1291 2939 nullum
1323 2884 1482 2945 animi
1503 2900 1855 2961 tormentum

252 2968 465 3029 evenire
498 2961 726 3023 homini
737 2960 924 3025 saevius,
949 2962 1124 3046 possit
1183 2965 1329 3044 Ergo
1367 2985 1490 3029 cum
1527 2985 1641 3021 non
1656 2965 1853 3035 multo

1736 3040 1856 3123 post
