1888 3428
249 155 360 228 176
560 147 959 201 Paocopu
1014 140 1564 201 CAEsAREENSIs

239 226 565 291 commilitio
585 221 886 289 defuiffent,
908 244 1112 303 paenam
1132 223 1324 281 victori
1343 225 1638 302 penderent
1656 263 1673 292 ‚
1693 238 1856 284 terras·

238 335 370 376 vero
413 311 597 373 Marte*
625 324 801 385 captas
825 305 1176 363 nihilominus
1203 308 1543 384 partirentur.
1588 308 1857 366 Germani

237 399 406 478 igitur
437 391 603 472 paffls
640 387 718 444 fist
756 409 958 467 magno
981 390 1220 444 exercit-‚u
1237 389 1700 466 Burgundionum
1718 410 1858 468 gen-

237 500 350 537 tem
386 478 718 555 impetivere.
764 468 1177 527 Theuderichus
1217 471 1434 526 interim
1470 471 1697 548 speciem
1723 489 1860 548 prae⁴

238 560 403 620 bebat
421 557 611 633 auxilia
630 554 902 610 molientis
937 574 951 606 t
988 550 1153 628 reipsa
1171 555 1434 608 exercitus
1449 556 1655 610 exitum
1673 555 1730 609 in
1748 552 1864 610 dies

237 641 556 706 morabatur
589 677 606 703 ‚
651 634 1010 715 speculaturus
1045 631 1262 690 futuros
1296 652 1549 692 eventus.
1606 634 1861 693 Tandem

238 723 397 784 misso
417 725 619 785 milite,
640 716 871 776 ducibus
885 721 1137 794 praecepit
1155 715 1301 774 tarde
1320 719 1419 774 iter
1437 714 1606 775 facere
1625 733 1654 791 j:
1693 722 1747 773 &
1769 757 1786 784 ‚
1821 715 1862 774 fi·

241 810 419 868 victos
439 803 686 862 audirent
701 802 956 865 Francos,
978 801 1111 855 ultra
1131 819 1247 855 non
1268 798 1487 878 pergere
1523 822 1537 856 :
1570 797 1606 854 fi
1627 799 1861 857 viEtores

241 912 337 947 eos
355 888 718 964 intelligerent
733 923 750 950 ‚
772 882 838 939 de
857 900 1048 940 caetero
1067 877 1331 937 festinare.
1375 882 1447 936 Et
1466 882 1536 939 illi
1557 880 1780 960 quidem
1802 898 1863 939 ut

241 972 270 1030 a
286 962 806 1038 Theuderichojuffi
825 981 994 1029 erant,
1021 959 1213 1020 fecere.
1259 964 1371 1020 Soli
1391 965 1606 1020 interim
1630 964 1867 1020 Germa.-

242 1057 443 1112 nicum
462 1044 953 1127 Burgundionibus
983 1042 1359 1102 conseruerant
1390 1043 1601 1102 infestas
1633 1066 1822 1102 manus
1844 1064 1871 1102 τ’

241 1138 501 1215 gravique
537 1130 717 1208 praelio
753 1128 922 1184 multa
956 1131 1210 1205 utrinque
1240 1127 1405 1185 caedes
1446 1133 1500 1184 ὃς
1537 1149 1730 1206 anceps
1766 1127 1862 1184 diu

240 1217 485 1277 fortuna.
515 1212 606 1269 Ad
628 1211 882 1266 ultimum
899 1205 1046 1264 fusos
1063 1209 1485 1286 Burgundiones
1502 1211 1689 1265 Franci
1705 1229 1863 1265 com-

239 1300 428 1380 pulere
458 1300 513 1353 in
535 1295 726 1351 ultima
752 1286 1093 1370 poffeffarum
1112 1289 1234 1368 ipsis
1251 1309 1510 1348 terrarum
1528 1330 1546 1357 ,
1580 1289 1865 1348 ubimulta

239 1382 341 1441 illis
374 1380 717 1437 munimenta
752 1389 921 1431 erant.
965 1389 1177 1429 caeteras
1210 1372 1441 1430 victores
1476 1391 1713 1431 tenuere.
1757 1364 1865 1434 His

242 1463 537 1542 compertis
556 1454 762 1515 Gotthi
775 1455 1003 1536 gradum
1022 1452 1553 1534 addidere,sociisque
1573 1459 1867 1518 criminan-ss
1887 1496 1888 1499 κ

243 1546 390 1605 tibus
412 1586 429 1612 ‚
465 1539 777 1600 difficultate
809 1542 1066 1596 itinerum
1095 1536 1145 1594 se
1185 1538 1503 1596 excusarunt
1539 1560 1553 1594 τ
1592 1552 1888 1617 poenaque*

243 1624 514 1708 persoluta
537 1664 552 1690 ,
581 1641 842 1679 terrarum
877 1619 1021 1677 bello
1058 1638 1331 1697 captarum
1364 1639 1570 1697 partem
1595 1618 1888 1682 aviam-3

245 1711 371 1777 buS,
389 1711 463 1764 ita
482 1723 542 1762 ut
562 1718 888 1760 convenerat
908 1744 921 1764 ,
947 1718 1287 1780 acceperunt.
1334 1703 1555 1780 cognita
1576 1703 1760 1759 multis
1779 1702 1868 1758 τες-ὲ

244 1791 350 1849 bus
375 1782 743 1846 Theud‘erichi
777 1782 1061 1861 prudentia
1095 1786 1259 1839 etiam
1296 1781 1401 1839 hoc
1433 1781 1578 1843 fabro
1602 1779 1863 1863 appa-tuin

246 1878 343 1954 qui
362 1871 513 1928 nullo
532 1868 754 1925 suorum
784 1862 968 1921 amiffo
996 1886 1108 1922 non
1131 1866 1300 1923 multa
1323 1868 1555 1944 pecunia
1567 1871 1683 1945 agri
1698 1865 1866 1923 hosti-

245 1959 309 2015 lis
345 1952 622 2010 dimidiam
653 1965 859 2026 partem
898 1966 1116 2005 emerat.
1159 1952 1220 2003 In
1238 1947 1382 2004 'nunc
1401 1947 1630 2005 modum
1654 1949 1864 2006 Gallia-

248 2058 369 2095 rum
390 2052 592 2112 partem
611 2051 734 2087 cum
755 2028 983 2087 Gotthis
1019 2030 1285 2086 Germani
1307 2029 1634 2108 aliquamdiu
1657 2029 1865 2087 habue-

248 2141 324 2178 re.
366 2115 469 2174 Sed
490 2113 670 2194 postea
701 2112 968 2169 aurftiores
991 2110 1194 2168 viribus
1214 2112 1479 2169 Germani
1504 2154 1519 2180 ‚
1555 2110 1867 2173 Theuderi-

218 2198 221 2199 ⁷
249 2200 335 2259 chi
368 2197 665 2255 reverentia
697 2211 956 2272 metuque
991 2196 1194 2258 exuto,
1231 2196 1286 2250 in
1308 2194 1622 2251 Alaric'hum
1645 2201 1700 2253 &
1721 2193 1865 2253 Vifi-

249 2280 478 2363 gotthos
508 2277 715 2336 hostilia
751 2293 1066 2352 caeptarunt.
1108 2276 1260 2355 quod
1295 2275 1389 2333 ubi
1410 2275 1544 2334 vidit
1560 2275 1863 2344 Alarichuffi

193 2381 205 2390 “
248 2358 694 2423 Theuderichum
739 2355 915 2415 statim
948 2361 1002 2415 in
1039 2359 1299 2415 auxilium
1337 2364 1565 2416 vocavit.
1628 2378 1785 2438 atque
1820 2362 1866 2415 is

249 2452 455 2528 magno
474 2463 597 2501 cum
617 2441 853 2497 exercitu
885 2443 1208 2519 opitulatum
1232 2438 1494 2518 Veniebat.
1542 2440 1644 2497 Sed
1664 2445 1866 2497 interea

250 2528 514 2607 temporis
530 2520 827 2604 Vifigotthi
853 2562 869 2588 ,
909 2521 1203 2602 postquam
1228 2522 1541 2579 Germanos
1582 2520 1865 2580 Carcaffo-

250 2633 379 2686 nem
398 2606 641 2667 obfidere
675 2604 1082 2667 intellexerant,
1119 2626 1185 2662 eo
1206 2602 1433 2686 profecti
1445 2610 1596 2680 juxta
1615 2602 1865 2662 sederunt

250 2692 451 2753 castris.
491 2687 703 2746 Traffitae
723 2684 800 2758 ibi
817 2707 909 2765 per
927 2687 1148 2766 aliquod
1169 2704 1381 2765 tempus
1403 2693 1566 2746 morae
1586 2687 1746 2745 taedio
1769 2727 1785 2748 ,
1807 2678 1866 2744 &

251 2774 406 2857 quod
424 2792 548 2852 ager
565 2768 804 2850 ipsorum
822 2785 1117 2848 raptaretur
1137 2773 1273 2835 irati,
1290 2770 1509 2828 tandem
1534 2789 1632 2826 nec
1652 2768 1864 2848 probris

253 2857 553 2916 abstinuere
580 2857 637 2910 in
657 2849 969 2909 Alarichum
992 2869 1051 2908 ut
1068 2851 1303 2910 hostiurn
1327 2869 1662 2910 metuentem
1683 2893 1699 2919 ,
1734 2852 1863 2908 &in

234 2947 242 2959 ”
253 2938 503 3003 socerum
517 2941 633 3016 ejus
653 2952 712 2995 ut
730 2933 943 3020 tardum
965 2937 1371 3015 opitulatorem„
1411 2934 1571 2996 Solos
1595 2931 1645 2997 se
1661 2930 1862 2998 suffice-

1807 3027 1861 3072 re
