1888 3428
10 242 12 244 ¹
181 164 1430 228 Gor-rnicffiHxsToR1AEL1B.111.
1510 185 1632 246 407

15 247 453 330 Peloponnesum
472 249 748 309 redierant.
794 267 970 327 paucae
998 247 1111 302 aliis
1158 249 1216 302 in
1246 249 1378 304 locis
1410 246 1632 307 salutem

12 351 107 393 aut
127 335 357 393 exitium
373 336 647 392 invenere.
683 329 852 387 Navis
869 327 1003 406 ipsa,
1021 349 1134 407 quo
1155 326 1450 387 vehebatur
1468 333 1630 387 Arta-

10 415 177 474 banes
195 456 210 483 ,
230 416 373 490 malo
392 415 523 473 dum
538 411 815 493 tempestas
834 431 990 488 urget
1006 408 1182 467 abciso
1201 450 1218 478 ‚
1238 413 1483 466 maximis
1502 432 1630 470 cum

13 498 260 577 periculis
275 499 469 573 ja&ata
485 501 658 556 ventis
674 490 1056 572 fluffibusque,
1079 492 1143 551 ad
1164 492 1409 548 Melitam
1428 494 1629 568 perlata

9 577 106 637 est.
149 582 338 660 Atque
356 583 428 637 ita
443 578 706 637 Artabani
722 575 910 633 servari
940 573 1208 652 insperato
1242 576 1489 654 contigit.
1531 577 1627 630 Li-

11 661 192 719 berius
210 684 334 720 cum
355 683 529 742 neque
552 659 867 738 erumpendi
900 655 1121 715 facultas
1160 656 1376 714 daretur
1392 694 1411 722 ,
1448 676 1627 735 neque
1684 718 1687 721 ,

11 764 199 823 aperto
217 749 272 802 in
287 742 497 802 hostem
527 743 705 821 praelio
725 761 818 819 par
848 737 973 798 effet
987 780 1002 805 ‚
1038 756 1288 818 praeterea
1322 738 1491 796 viffui
1525 759 1627 794 ne—

9 823 289 883 ceffariain
306 827 524 907 longius
539 844 754 901 tempus
774 843 890 879 non
923 820 1268 901 suppeterent
1290 838 1450 877 tantae
1480 822 1628 877 mul-

9 908 230 966 titudini
247 949 266 979 ‚
296 909 431 986 clam
450 905 658 964 hostem
674 908 802 964 velis
821 903 1035 962 sublatis
1070 910 1402 962 Panormum
1423 899 1630 959 subdu-.

8 993 87 1047 xit
101 989 223 1047 sese.
262 994 341 1048 At
354 989 568 1047 Totilas
585 994 641 1045 &
667 986 872 1045 Gotthi
888 1029 904 1056 ,
922 986 1181 1044 omnibus
1201 1006 1369 1066 prope
1387 987 1526 1064 agris
1543 986 1631 1041 Si·-

12 1074 140 1128 ciliae
157 1071 373 1152 direptis
391 1113 408 1140 ,
438 1092 709 1151 equorum
745 1071 1085 1148 aliorumque
1118 1072 1476 1126 animantium
1513 1070 1628 1125 vim

9 1151 326 1211 immensam
341 1175 446 1234 prae
463 1153 512 1212 se
535 1171 754 1233 agentes
771 1192 787 1217 ‚
806 1150 1144 1210 frumentum
1164 1157 1219 1209 δε
1234 1148 1496 1231 quicquid
1516 1167 1629 1206 ter-

10 1257 65 1294 ra
80 1239 256 1317 gignit
270 1277 286 1303 ,
320 1257 385 1294 ex
406 1233 572 1294 insula
590 1235 934 1313 deportantes
953 1275 968 1299 ,
1005 1236 1232 1313 pecunia
1263 1249 1464 1312 quanta
1481 1229 1628 1289 credi

11 1339 128 1376 non
144 1316 313 1398 posset
328 1317 536 1377 onustis
554 1317 781 1376 navibus
800 1357 817 1384 ,
853 1314 1030 1374 subito
1050 1321 1105 1372 δε
1133 1317 1355 1373 insulam
1392 1314 1629 1391 reli-que-

7 1420 165 1469 runt,
203 1408 258 1458 &
278 1403 479 1459 Italiam
512 1404 878 1479 repetiverunt
897 1439 914 1467 ,
950 1396 1093 1455 unde
1120 1415 1278 1476 capto
1312 1400 1522 1474 impetu
1544 1394 1630 1452 dia*

9 1503 143 1543 cam.
189 1486 510 1543 Romanum
526 1481 801 1562 quendam
831 1499 1016 1538 ortum
1036 1481 1279 1559 Spoletio
1298 1519 1314 1545 ‚
1356 1481 1627 1555 Supinum

12 1569 242 1625 nomine
261 1606 278 1632 ,
315 1586 486 1646 nuper
519 1565 732 1622 Totilas
765 1560 1079 1622 adsefforem
1098 1559 1195 1618 fibi
1210 1558 1424 1618 fecerat.
1471 1563 1514 1614 is
1545 1562 1627 1615 vir

10 1669 138 1707 cum
156 1651 212 1705 in
247 1649 449 1705 Catina
466 1647 672 1727 oppido
714 1646 871 1702 nullis
906 1641 1122 1702 defenso
1145 1642 1408 1701 maenibus
1443 1660 1627 1697 mora-

10 1749 180 1795 retur,
201 1726 506 1786 infortunio
524 1727 761 1807 quodam
780 1730 833 1784 in
854 1748 1043 1783 manus
1063 1723 1301 1782 hostium
1319 1724 1630 1781 devenerat.

8 1833 176 1893 quem
191 1831 316 1870 cum
331 1811 555 1869 liberare
573 1827 792 1888 cuperet
809 1810 1047 1873 TotilaS,
1067 1809 1332 1886 captivam
1348 1809 1442 1865 viri
1462 1803 1631 1865 nobi-

8 1897 73 1955 lis
89 1890 547 1953 matremfamilias
566 1913 662 1971 pro
685 1913 752 1949 eo
773 1891 993 1949 obtulit.
1033 1890 1120 1947 sed
1137 1911 1264 1946 cum
1278 1890 1523 1945 Romani
1544 1888 1628 1942 vi-

11 1997 133 2036 rum
156 1983 269 2056 ejus
282 1976 557 2056 dignitatis
573 2015 591 2043 ‚
624 1994 749 2054 quae-
776 1973 917 2053 apud
934 1970 1077 2052 ipsos
1095 1971 1376 2051 quaestoria
1393 1971 1629 2035 dicitur,

11 2056 211 2118 femina
227 2076 565 2116 commutare
581 2058 787 2114 nollent
805 2097 822 2124 ,
855 2074 1104 2112 metuens
1120 2055 1208 2111 ille
1226 2074 1293 2111 ne
1311 2052 1504 2111 saevitia
1520 2051 1626 2108 ho·-

10 2140 171 2199 stium
202 2142 444 2198 interiret
462 2181 479 2209 ,
513 2140 798 2218 pollicetur
831 2140 1099 2196 Romanis
1117 2177 1134 2204 ,
1182 2134 1549 2217 persuasurum
1572 2132 1625 2189 se
1684 2186 1687 2189 ,

12 2225 244 2292 Totilae,
272 2223 413 2280 illico
434 2239 494 2280 ut
528 2224 756 2279 Siciliam
783 2220 1043 2297 desereret
1063 2261 1078 2286 ,
1111 2240 1347 2298 cumque
1384 2221 1630 2274 exercitu·

10 2310 164 2363 omni
185 2310 242 2363 in
276 2306 484 2363 Italiam
502 2306 793 2383 navigaret.
836 2303 909 2360 illi
928 2302 1274 2378 jurisjurandi
1292 2301 1550 2380 religione
1568 2300 1627 2354 in

4 2386 254 2467 promiffa
269 2387 517 2445 adae'tum
537 2429 554 2455 ‚
583 2389 896 2465 captivaque
910 2403 1121 2463 recepta
1138 2425 1153 2451 ,
1183 2381 1355 2464 ipsum
1398 2379 1630 2439 Gotthis

8 2470 246 2548 tradunt.
288 2472 382 2549 qui
402 2489 461 2527 ut
477 2469 676 2526 Totilae
695 2471 751 2524 in
771 2465 1119 2545 conspe&um
1135 2471 1281 2525 venit
1305 2507 1323 2534 ,
1352 2486 1467 2522 non
1484 2463 1626 2521 bene

9 2551 280 2612 consulere
296 2554 525 2631 propriis
541 2548 699 2608 rebus
721 2548 970 2607 Gotthos
988 2547 1212 2605 affirmat
1231 2590 1248 2617 ,
1268 2546 1419 2627 quod
1436 2565 1628 2625 perva—

12 2633 142 2692 stata
154 2636 328 2692 Sicilia
344 2655 514 2714 prope
533 2637 687 2691 omni
709 2635 886 2713 paucis
911 2629 1132 2689 castellis
1147 2630 1484 2689 inhaererent.
1527 2648 1625 2685 au·-

16 2715 192 2773 ditum
210 2715 306 2774 fibi
325 2717 496 2775 modo
513 2756 529 2777 ,
570 2736 696 2773 cum
715 2713 856 2794 apud
871 2711 1050 2770 hostes
1085 2709 1209 2771 effet
1225 2753 1242 2780 ,
1276 2713 1626 2769 Germanum

13 2802 353 2876 Imperatoris
372 2797 531 2856 fratre
550 2802 795 2878 genitum
817 2795 1200 2853 mortalitatem
1216 2791 1454 2872 explesse.
1498 2787 1626 2847 Suf-

13 2876 188 2938 fastos
204 2884 248 2939 ei
264 2901 525 2961 generum
544 2879 704 2960 ipfius
720 2877 1100 2945 Iohannem,ac
1116 2875 1288 2934 filiurn
1305 2874 1464 2953 ipfius
1480 2874 1624 2929 Ger-

16 2964 161 3021 mani
178 2961 551 3023 Iustinianum.
590 2963 703 3023 Eos
722 2982 844 3020 cum
861 2964 1016 3018 omni
1045 2961 1276 3019 exercitu
1295 2977 1458 3037 quem
1481 2954 1622 3008 Ger-

802 3043 851 3100 C
872 3062 899 3099 c
939 3063 981 3118 4
1440 3053 1630 3092 manus
