1931 3428
294 196 413 258 904
548 157 552 158 ἶ
631 177 744 234 ΒΕ
786 174 1063 242 GEs‘rrs
1101 177 1600 240 maconiano:

713 316 772 380 C
872 339 918 382 A
1018 340 1073 381 P.
1217 320 1287 383 X
1310 319 1366 384 V
1389 320 1418 383 Ι
1437 320 1484 384 Ι.

381 466 457 513 ,De
479 432 637 514 morte
656 459 910 516 cuniberti
926 466 1042 536 regis
1056 497 1072 524 ‚
1091 460 1152 522 (²5⁴
1169 471 1312 537 regno
1322 449 1419 536 filii
1436 462 1543 541 ejus
1561 459 1817 522 Liutberti'.

299 597 514 725 INter
545 597 655 656 haec
708 598 1046 656 Cunibertus
1083 600 1289 656 eund-{is
1331 599 1572 656 amabilis
1613 598 1862 676 princeps
1878 636 1901 665 ,
1888 592 1931 641 l

376 679 657 759 postquam
677 679 964 738 duodecim
978 703 1146 739 annos
1160 682 1652 762 Langobardorum
1668 700 1901 759 regnum
1928 693 1930 699 ’

298 760 421 840 post
440 782 641 841 patrem
662 759 807 819 solus
828 764 1098 831 obtinuit,
1118 765 1334 821 tandem
1357 764 1423 820 ab
1441 763 1536 820 hac
1555 765 1671 819 luce
1691 762 1904 820 subtra—
1930 769 1931 774 ’

301 845 422 903 ἂυε
443 843 538 901 est.
594 847 778 901 Hicin
797 867 989 926 campo
1014 848 1344 914 Coronam,
1381 846 1476 904 ubi
1496 846 1696 902 bellum
1715 862 1905 902 contra

301 925 745 1006 Alachisgesfit‚
731 924 1064 986 inhonorem
1083 929 1227 985 beati
1244 930 1514 1007 Gregorii
1523 930 1767 1006 martyris
1786 947 1907 983 mo-

298 1007 588 1069 nasterium
608 1005 925 1065 construxit.
967 1011 1094 1065 Fuit
1112 1028 1291 1066 autem
1311 1014 1389 1066 vir
1408 1013 1657 1089 eleganS,
1677 1016 1732 1067 &
1751 1009 1909 1066 omni

303 1089 550 1149 bonitate
597 1087 953 1166 conspicuus,
1006 1091 1283 1168 audaxque
1321 1092 1571 1148 bellator.
1633 1093 1744 1148 Hic
1780 1112 1909 1152 cum

301 1173 485 1230 multis
501 1169 990 1250 Langobardorum
1009 1171 1288 1242 lachrymis
1309 1212 1325 1238 ‚
1352 1177 1501 1247 juxta
1520 1171 1788 1230 basilicam
1804 1173 1911 1229 do-

301 1255 438 1308 mini
469 1251 740 1312 salvatoris
758 1293 774 1320 ,
821 1274 981 1331 quam
1018 1254 1302 1333 quondam
1341 1275 1470 1311 avus
1505 1253 1741 1326 ejusdem
1780 1258 1913 1313 Ari-

300 1333 487 1398 bertus
506 1333 913 1397 construxerat,
944 1335 1178 1413 sepultus
1200 1338 1295 1404 est,
1319 1357 1662 1416 regnumque
1686 1342 1912 1417 Lango-

301 1415 599 1474 bardorum
618 1417 904 1474 Liutberto
925 1417 1044 1475 filio
1065 1418 1236 1475 adhuc
1256 1420 1472 1497 puerilis
1490 1422 1658 1475 aetatis
1676 1421 1914 1497 reliquit,

300 1502 389 1554 cui
408 1517 648 1557 tutorem
670 1499 1049 1593 Ansprandum
1071 1508 1244 1562 virum
1263 1499 1560 1579 sapientem
1572 1508 1626 1559 &
1651 1501 1910 1560 illustrem

305 1581 626 1643 contribuit.

724 1724 783 1788 C
852 1747 900 1789 A
973 1749 1023 1790 P.
1179 1725 1534 1806 XVIII„

385 1872 460 1920 De
478 1865 781 1941 Ragunberto
793 1867 908 1923 duce
924 1867 1284 1942 Taurinenfium
1304 1907 1321 1934 ,
1361 1858 1590 1945 quamodo
1600 1863 1828 1941 [iaperata

492 1949 740 2027 Lzutberto
761 1969 958 2025 regnum
976 1949 1169 2023 invasit,
1193 1952 1255 2024 (ξφ
1273 1969 1324 2006 eo
1341 1970 1464 2011 anno
1482 1950 1727 2006 occubuit.

305 2086 441 2212 D
465 2084 636 2141 Ehinc
657 2084 839 2163 elapsis
874 2087 1006 2144 οᾶο
1043 2080 1346 2154 mensibus,
1382 2086 1774 2166 Ragunbertus
1801 2085 1910 2144 dux

466 2166 886 2225 Taurinensium
902 2212 916 2232 ,
935 2190 1097 2245 quem
1117 2170 1397 2248 quondam
1413 2170 1534 2225 Rex
1556 2168 1914 2226 Godebertus

304 2269 429 2305 cum
451 2253 859 2327 extingueretur
887 2248 913 2306 ὲ
945 2251 1272 2308 Grimoaldo
1293 2252 1578 2329 reliquerat
1600 2251 1909 2330 parvulum,

303 2330 370 2388 de
387 2351 502 2408 quo
519 2337 571 2388 &
590 2330 829 2409 supe-rius
851 2331 1083 2389 diximus
1103 2375 1119 2400 ,
1170 2354 1293 2389 cum
1315 2333 1482 2391 valida
1501 2354 1665 2390 manu
1686 2337 1910 2390 venien-s

301 2410 550 2469 adversus
574 2411 953 2490 Ansprandum
978 2420 1029 2470 &
1050 2415 1305 2472 Rotharit
1338 2413 1785 2494 Bergomenfium
1807 2415 1910 2474 du·-

301 2514 420 2550 cem
443 2495 582 2572 apud
601 2497 878 2552 Novarias
885 2495 1165 2565 conflixit,
1196 2499 1424 2576 eosque
1412 2518 1467 2553 in
1487 2519 1680 2577 campo
1703 2518 1908 2576 exupe-

301 2595 452 2642 rans,
477 2598 705 2656 regnum
725 2577 1210 2658 Langobar-dorum
1233 2578 1455 2651 invasit,
1484 2577 1573 2641 sed
1591 2580 1786 2641 eodem
1805 2600 1905 2658 ειη-ᾗ-

298 2676 374 2721 no
395 2676 645 2724 mortuus
661 2658 754 2717 est
