1888 3428
242 179 353 236 152
553 162 944 219 PRocoPu
985 153 1537 218 CAESAR-Ezn'sss

239 238 443 297 Gotthi
460 259 605 318 rapta
623 243 789 309 Italia,
807 261 923 321 quae
942 240 1106 299 nostri
1124 239 1267 298 haud
1285 239 1448 298 dubie
1467 239 1540 297 est
1556 240 1711 314 juriS,
1724 261 1838 300 non

238 322 411 389 modo
431 322 649 399 reddere
667 345 783 380 eam
812 320 927 380 non
945 342 1130 380 curant
1151 362 1168 389 ,
1200 321 1286 379 sed
1307 327 1360 377 δε
1382 324 1493 378 aliis
1510 321 1720 398 insuper
1739 343 1855 388 nos

238 402 574 462 lacessierunt
618 409 825 481 injuriis
859 447 876 470 ,
915 404 1186 461 atrocibus
1221 425 1320 460 nec
1350 401 1599 461 ferendis·
1642 403 1844 482 quibus

166 514 169 515 ⁷
238 490 399 543 exciti
417 507 559 558 arma
592 489 646 542 in
667 507 759 543 eos
781 484 1053 543 sumimus.
1097 490 1217 543 Vos
1235 505 1450 564 aequum
1472 481 1616 542 estin
1636 502 1845 563 partem

238 570 419 623 venire
439 567 592 634 belli,
624 569 949 643 conjun<5t0s
966 571 1165 647 quippe
1184 566 1345 624 nobis
1368 572 1419 624 ἃ
1436 588 1557 624 vera
1574 567 1638 624 de
1654 567 1863 623 divinissf

236 647 518 716 sententia,
536 649 753 730 quando
772 654 892 707 Arii
909 652 1098 728 placita
1120 670 1219 708 vos
1244 670 1468 728 quoque
1488 649 1771 715 dammam,
1790 654 1848 705 &

236 734 292 788 in
329 730 577 788 Gotthos
612 732 761 789 odio,
804 734 994 789 Literis
1023 732 1167 788 dona
1201 732 1498 790 mulcendis
1513 733 1723 787 Francis
1739 735 1850 787 Im-

180 887 185 890 *
234 831 453 890 perator
468 813 611 872 addit
626 855 643 879 ,
678 820 881 887 majora
917 816 1215 891 pollicitans
1250 815 1347 869 ubi
1378 834 1520 870 arma
1535 809 1849 870 sumfiffent.

236 896 500 951 Strenuos
533 893 582 952 se
616 898 671 951 in
704 895 847 953 bello
878 894 1054 953 socios
1075 895 1447 973 promiserunt,
1496 894 1743 950 Mundus
1762 897 1870 950 in—¹

233 980 397 1033 terim
420 1019 437 1045 a
471 981 672 1056 quique
696 999 819 1035 cum
840 999 906 1035 eo
928 985 1187 1035 exercitus
1204 1019 1220 1045 5
1256 984 1309 1034 ir.
1327 978 1657 1033 'Dalmatiam
1678 995 1738 1033 ut
1758 997 1850 1032 ve-

235 1077 427 1115 nerant
450 1100 466 1123 ,
499 1080 621 1114 cum
658 1059 888 1117 Gotthis
905 1058 1166 1138 congressi
1186 1062 1387 1137 pretim,
1405 1058 1740 1137 victoresque
1762 1058 1852 1113 Sa·-

235 1140 390 1196 lonas
427 1159 692 1219 ceperant.
737 1139 1012 1198 Belisarius
1042 1147 1095 1198 in
1135 1144 1363 1199 Siciliam
1394 1143 1676 1218 perveffiffls
1695 1141 1853 1196 Cati-

235 1242 367 1278 nam
402 1220 527 1278 fecit
564 1221 664 1279 suae
700 1220 993 1297 potestatis.
1034 1223 1161 1278 Inde
1182 1243 1408 1302 pergens
1429 1263 1444 1288 ‚
1477 1220 1749 1298 Syracusas
1767 1241 1854 1277 ur-

234 1302 437 1381 besque
473 1305 594 1359 alias
621 1302 1031 1360 conditionibus
1065 1302 1157 1360 srbi
1195 1303 1468 1377 adjunxit,
1496 1303 1724 1381 dempta
1748 1307 1852 1359 Pa-

234 1404 439 1440 normo
477 1404 641 1461 quam
676 1387 864 1442 acriter
892 1384 1168 1442 servabant
1188 1384 1388 1450 Gotthi
1410 1424 1425 1446 ‚
1456 1381 1852 1451 fifimoenibus,

236 1466 438 1543 quibus
455 1463 624 1523 firmis
642 1465 1063 1525 defendebatur:
1090 1488 1266 1547 neque
1285 1484 1497 1523 tanturn
1520 1464 1707 1546 pacisci
1727 1486 1855 1524 cum

232 1547 485 1605 Belisario
517 1547 825 1607 abnuebant
845 1591 861 1617 ‚
896 1549 983 1606 sed
1003 1552 1146 1606 ultro
1168 1571 1293 1606 eum
1307 1546 1579 1625 jubebant
1591 1547 1854 1605 abfistere.

232 1629 330 1685 Ille
350 1627 581 1708 expenso
603 1669 619 1689 ‚
644 1651 758 1687 non
776 1629 920 1707 posse
935 1649 1072 1687 terra
1085 1631 1351 1708 oppidum
1371 1634 1505 1707 capi,
1522 1627 1727 1688 claffem
1747 1634 1856 1688 im-

236 1712 407 1768 mittit
425 1713 608 1789 portui
627 1715 723 1789 qui
744 1714 932 1768 maenia
955 1710 1250 1791 attingebat
1270 1752 1286 1778 ,
1323 1730 1509 1768 caetera
1529 1730 1676 1769 extra
1693 1714 1866 1790 oppi-·

237 1790 373 1849 dum
395 1793 665 1871 projecssms
687 1832 701 1853 ‚
721 1793 1117 1872 hominumque
1138 1814 1350 1850 vacuus.
1396 1792 1741 1851 ubinavibus
1759 1815 1859 1872 ap-

238 1877 669 1952 propinquatum
696 1914 713 1940 ‚
746 1878 868 1932 mali
899 1896 1081 1932 earum
1115 1873 1266 1952 supra
1301 1878 1502 1932 moenia
1521 1875 1853 1933 eminebant.

237 1955 308 2012 ab
342 1954 540 2011 horum
573 1951 785 2034 fastigio
822 1961 1037 2014 navium
1071 1956 1286 2013 lembos
1321 1958 1525 2013 omnes'
1543 1956 1845 2035 suspendit,

236 2039 430 2114 plenos
464 2038 775 2115 Sagittariis.
818 2039 941 2095 inde
975 2038 1040 2095 de
1072 2041 1196 2095 loco
1231 2038 1498 2116 superiore
1539 2041 1631 2096 ieri
1650 2038 1850 2106 hosteS‚

237 2139 438 2198 magna
472 2115 763 2175 formidine
795 2116 914 2177 suut
938 2123 1120 2197 perciti
1156 2117 1260 2177 zac
1281 2118 1563 2177 confestim
1577 2141 1701 2178 cum
1716 2118 1865 2178 Beli-'

236 2199 375 2257 sario
411 2201 549 2278 pacti
581 2202 846 2279 oppidum
865 2202 1214 2260 tradiderunt.
1257 2223 1322 2260 ex
1341 2223 1408 2259 eo
1426 2205 1652 2260 Siciliam
1667 2208 1851 2282 Impe*
1877 2264 1880 2266 ,

238 2298 389 2337 rator
409 2322 427 2348 ,
462 2298 521 2337 ut
550 2283 684 2338 olim
704 2324 722 2350 ,
758 2280 854 2340 sub
873 2283 1059 2341 tributi
1078 2287 1195 2364 lege
1214 2282 1306 2341 fibi
1324 2283 1622 2342 obnoxiam
1641 2283 1869 2352 habuit„

237 2364 369 2420 Hoc
388 2362 893 2440 temporeBelisario
924 2387 1004 2422 res
1035 2363 1186 2443 supra
1214 2366 1440 2423 modum
1459 2364 1707 2446 prosper-a
1724 2366 1851 2424 ev&-

236 2448 336 2501 nit.
382 2466 545 2523 quern
581 2449 727 2504 enim
760 2446 837 2502 ob
872 2447 1115 2505 devictos
1130 2447 1403 2506 Vandalos
1424 2466 1695 2528 acceperat
1712 2469 1850 2505 con-

237 2526 468 2584 sulatum
485 2567 502 2594 ,
523 2548 648 2582 eum
665 2549 854 2607 gerens
870 2532 1097 2586 Siciliam
1117 2550 1341 2586 omnem
1366 2550 1491 2585 cum
1512 2527 1848 2608 perdomuis-
1870 2547 1871 2550 ’

237 2604 314 2664 set
334 2652 348 2673 ‚
382 2611 574 2665 ultimo
598 2608 931 2687 magistratus
951 2611 1033 2668 die
1053 2610 1322 2690 Syracusas
1336 2613 1581 2673 invectus
1599 2610 1672 2670 est
1690 2651 1707 2678 ‚
1730 2632 1847 2669 ma-
1867 2609 1869 2611 ’

239 2710 356 2768 gno
379 2691 614 2749 rnilitum
634 2730 648 2752 ,
689 2712 892 2769 magno
915 2698 967 2749 &
989 2696 1295 2750 Siculorum
1314 2690 1497 2771 plausu
1518 2734 1535 2761 ‚
1567 2691 1866 2757 nummos&

242 2792 349 2847 que
384 2770 448 2828 de
480 2792 634 2828 more
653 2793 842 2829 aureos
854 2777 982 2846 jecit
998 2779 1052 2832 in
1072 2776 1280 2855 vulgus.
1323 2776 1521 2854 Neque
1540 2775 1594 2831 id
1612 2774 1844 2832 destina-

242 2867 303 2907 to
329 2856 376 2909 ei
395 2872 635 2910 curatum
656 2894 672 2920 ‚
708 2853 794 2911 sed
827 2851 967 2912 forte
998 2860 1069 2912 ita
1100 2874 1449 2935 congruerat,
1481 2874 1540 2912 ut
1568 2857 1712 2917 idem
1729 2856 1843 2919 dies

236 2930 496 3020 confecto
530 2937 714 2997 Siciliae
744 2933 1044 3023 subigendae
1072 2938 1254 2999 labore
1291 2935 1559 3018 Syracusas
1594 2960 1719 2999 eum
1735 2937 1839 2995 du·
1872 3005 1874 3007 ,

1675 3034 1837 3081 cere&
