1888 3428
210 184 373 248 ³250
552 161 997 226 'Pizoco'pn
1039 164 1627 225 CAEs‘AREENsIs*

237 251 367 331 gosa
391 290 407 317 ‚
439 251 596 324 cujus
614 250 809 309 dextro
842 252 993 306 lateri
1012 249 1188 307 affluit
1206 253 1377 305 amnis
1392 249 1609 326 rapidus
1628 248 1858 330 vadique

236 332 467 391 nesciuS.
504 331 733 397 *Sinistro
768 336 1024 389 imminet
1052 352 1210 410 rupes
1241 331 1402 388 ardua
1430 332 1676 409 adeoque
1694 331 1852 398 edita,

239 434 301 474 ut
321 399 454 472 infra
470 413 729 472 stantibus
745 418 839 493 qui
858 416 912 470 in
930 416 1125 471 vertice
1143 412 1264 469 sunt
1280 407 1855 472 homines-volucrium
1881 424 1885 429 '

229 499 481 554 minimis
524 495 695 554 nihilo
725 495 1038 577 grandiores
1058 495 1359 555 videantur.
1403 500 1710 552 Penetranti
1732 497 1859 553 nul-
1884 502 1888 509 ”

236 584 320 639 lus
337 581 470 636 olim
491 576 705 657 patebat
722 583 898 635 exitus
917 618 933 643 ,
962 577 1112 656 quod
1130 576 1205 634 ibi
1224 576 1274 635 se
1292 598 1448 657 rupes
1467 580 1522 634 in
1541 575 1749 635 flumen
1770 576 1856 635 us-
1878 576 1882 580 ¹

237 683 348 741 que
385 662 752 740 protenderet.
795 660 898 717 Sed
934 657 1170 739 perfoffo
1203 658 1327 717 saxo
1362 659 1657 739 posteriora
1672 659 1855 718 saecul'a

235 744 418 802 fauces
436 743 637 801 ibidem
658 740 830 801 fecere
864 764 877 798 ε
915 742 1030 822 ipso
1055 763 1283 822 quoque
1307 742 1653 819 Erimon-dita
1671 740 1857 804 hacte-

237 848 341 889 nus
359 826 615 904 operibus
633 823 917 882 obstructo
953 843 1012 882 ut
1041 828 1150 882 aliae
1178 824 1253 882 ibi
1285 819 1856 903 faucesrelinquerem

237 928 364 977 tur,
397 911 639 965 nativum
673 905 875 965 exstitit
901 910 1306 966 munimentum
1326 949 1343 976 ‚
1372 910 1458 965 cui
1478 929 1541 964 ex
1561 904 1858 984 re‘impofi‘-

236 1009 358 1048 turn
394 997 561 1049 Petrae
593 1011 816 1047 nomeu.
862 990 1134 1047 Martinus
1164 991 1332 1070 igitur
1363 996 1417 1048 &
1448 988 1647 1070 Ildiger
1663 989 1727 1046 ad
1746 992 1859 1068 pri-

231 1095 353 1131 mas
373 1071 554 1130 fauces
572 1071 947 1152 oppugnando
976 1074 1374 1152 jaculandoque
1409 1072 1539 1130 nihil
1560 1071 1856 1152 profecere,

235 1176 550 1234 quanquam
583 1175 697 1210 non
732 1152 1115 1211 obfistentibus
1155 1153 1414 1212 barbaris.
1456 1157 1538 1211 At
1558 1152 1888 1233 sp'ostquam,

234 1255 380 1295 retro
402 1258 494 1315 per
507 1234 684 1294 saxosa
702 1234 829 1292 enisi
845 1233 878 1292 s
870 1255 997 1314 upra
1014 1254 1172 1315 caput
1187 1225 1419 1293 Gotthis
1436 1232 1681 1299 adstitere
1713 1276 1730 1302 ,
1774 1238 1853 1292 lae

235 1316 488 1398 pidesque
510 1323 695 1393 jecere
715 1317 782 1375 de
809 1319 944 1375 locis
960 1316 1199 1398 supernis
1218 1360 1235 1386 ,
1264 1319 1337 1378 illi
1356 1322 1411 1376 in
1430 1318 1630 1376 domos
1646 1315 1859 1396 sparsim

235 1405 518 1479 citatoque
553 1397 706 1457 cursu
740 1396 789 1458 se
808 1395 1111 1458 referebant
1133 1442 1149 1468 ,
1177 1420 1336 1482 atque
1356 1403 1498 1459 intra
1512 1421 1598 1458 eas
1618 1402 1787 1478 quieti
1806 1397 1857 1457 se
1883 1429 1888 1435 ·

235 1481 612 1541 continebant.
655 1484 931 1544 Romani,
953 1499 1013 1539 ut
1030 1483 1173 1541 eludi
1191 1484 1430 1563 lapidum
1443 1484 1621 1557 jactus
1637 1479 1859 1550 sensere,

234 1585 389 1623 novo
424 1562 499 1622 usi
532 1582 855 1622 commento
877 1606 894 1631 ,
927 1566 1349 1651 ingentiarupis
1381 1564 1681 1646 fragmenta
1702 1566 1858 1621 multi

235 1647 390 1716 fimul
423 1649 478 1702 in
509 1645 616 1723 ipsa
654 1648 795 1702 tecta
828 1646 1111 1703 librabant.
1150 1646 1247 1704 Illa
1280 1648 1539 1727 quicquid
1570 1645 1753 1725 illapsu
1772 1647 1856 1705 vel

187 1735 205 1745 ‘
235 1725 531 1786 minimum
567 1731 855 1805 attigerant
889 1728 1246 1786 concuffantia
1276 1747 1491 1787 tantum
1518 1734 1573 1785 in
1599 1725 1863 1785 barbaros

234 1830 495 1888 pavorem
529 1812 823 1866 attulerunt
845 1849 860 1873 ‚
895 1827 956 1865 ut
984 1810 1053 1867 ad
1086 1831 1182 1866 eos
1216 1815 1313 1889 qui
1345 1809 1412 1868 ad
1442 1809 1622 1868 fauces
1640 1808 1886 1871 teman-l

234 1894 405 1950 serant
435 1894 702 1970 protentis
722 1888 971 1948 manibus
991 1890 1161 1970 *seque
1181 1899 1234 1950 δε
1252 1894 1439 1950 locum
1462 1893 1722 1950 dederent
1740 1933 1756 1958 ‚
1781 1896 1856 1950 ita

236 1993 299 2032 ut
329 1973 607 2030 indemnes
636 1977 692 2029 in
721 1974 930 2030 ditione
961 1978 1307 2051 Imperatoris
1337 1973 1677 2053 Belisariique
1695 1973 1855 2032 obse-

235 2059 369 2135 quio
400 2059 457 2111 in
485 2054 759 2133 posterum
793 2053 995 2113 forent.
1038 2057 1260 2113 Horum
1283 2057 1558 2137 plerosque
1577 2057 1775 2137 Ildiger
1793 2063 1851 2115 δι’,

234 2139 508 2196 Martinus
536 2136 714 2193 secum
745 2135 1012 2195 abduxere
1032 2177 1047 2199 ‚
1081 2142 1193 2218 pari
1209 2136 1426 2198 futuros
1435 2145 1553 2215 jure
1572 2161 1696 2197 cum
1718 2143 1854 2197 mili·
1884 2144 1886 2147 ’

234 2219 384 2277 tibus
404 2222 624 2287 caeteriS,
654 2239 857 2298 paucos
882 2241 1004 2277 cum
1028 2219 1288 2278 uxoribus
1308 2220 1593 2301 liberisque
1611 2262 1627 2288 ‚
1664 2222 1852 2280 addito

231 2303 619 2360 Romanorum
640 2299 878 2380 praesidio
900 2343 922 2369 ‚-
936 2304 992 2358 in
1012 2302 1138 2359 loco
1157 2306 1508 2384 reliquerunt.
1549 2303 1649 2382 Ipfi
1666 2308 1852 2362 Anco-

233 2404 360 2442 nam
381 2401 640 2463 pergunt,
660 2382 1008 2464 abduffisque
1025 2385 1149 2441 inde
1169 2386 1413 2463 peditum
1437 2386 1620 2444 multis
1638 2387 1723 2445 die
1741 2405 1852 2444 ter-

232 2469 316 2523 tio
348 2468 660 2522 Ariminum
681 2465 1198 2547 cum-pervenissent
1218 2508 1235 2535 ,
1263 2467 1489 2526 Belisarii
1512 2463 1857 2526 voluntatem*

234 2547 553 2627 significant.
624 2551 704 2603 At
735 2547 1001 2605 Iohannes
1034 2570 1148 2606 non
1184 2546 1290 2629 ipse
1322 2567 1536 2606 tantum
1571 2548 1717 2630 sequi
1749 2551 1864 2623 ab·-

233 2632 355 2688 nuit
374 2671 391 2696 ,
421 2628 508 2687 sed
531 2635 585 2686 &
601 2631 934 2688 Damianum
962 2637 1162 2688 &cum
1183 2652 1252 2688 eo
1270 2633 1698 2712 quadringentos
1719 2636 1850 2690 atti-
1881 2680 1884 2687 .

233 2713 373 2768 nuit,
415 2713 596 2790 itaque
630 2712 705 2767 illi
738 2713 933 2769 relictis
965 2710 1043 2770 ibi
1074 2710 1356 2791 ‘peditibus
1392 2736 1518 2771 cum
1553 2712 1676 2772 solis
1707 2717 1849 2772 Beli-

231 2790 345 2850 sarii
379 2790 689 2850 satellitibus
720 2814 778 2850 ac
811 2795 1213 2872 protectoribus
1245 2815 1510 2854 remeant.
1557 2798 1693 2854 *Nec
1728 2797 1870 2866 diu,>

230 2882 358 2932 cum
388 2878 588 2956 Vitigis
623 2874 868 2933 universo
920 2881 1155 2936 exercitu
1201 2878 1266 2937 ad
1298 2882 1612 2936 Ariminum
1660 2883 1846 2947 venit,

231 2954 513 3037 castriffiue
549 2959 753 3017 circum
783 2957 971 3039 positis
1007 2957 1220 3023 obsedit
1246 2961 1549 3044 oppidum.-
1585 2978 1692 3043 qua
1720 2978 1869 3042 para

1790 3062 1845 3103 te
1874 3071 1888 3156 ‘A

1884 3159 1888 3244 l
