1888 3428
246 151 364 223 'izo
552 159 943 218 Pnocopn
997 156 1552 219 emirum-uus
1633 213 1636 216 Δ
1731 233 1739 236 4

243 259 386 299 unus
420 257 434 293 τ
467 243 747 320 caeterique
783 262 850 298 eo
886 241 1039 322 signo
1075 243 1287 299 excitati
1318 263 1442 299 cum
1463 240 1703 298 tumultu
1722 239 1850 300 eum

242 319 644 387 circumsistere,
697 323 903 380 Videns
936 325 991 382 id
1024 324 1053 380 ἐ
1086 327 1398 381 Solomonis
1426 322 1738 384 ‘satellitibus
1771 329 1851 381 vir

243 423 363 461 acer
380 442 396 469 ‚
429 404 608 482 gladio
630 404 659 461 ὲ
678 408 869 484 vagina
886 406 1109 463 liberato
1132 407 1391 462 Maurum
1408 406 1561 462 illum
1578 403 1852 472 interficit,-
1881 408 1884 409 ⁷

244 504 654 565 commotaque,
677 507 735 543 ut
753 509 844 565 par
861 488 1002 545 credi
1021 486 1114 554 est,
1133 488 1304 545 domo
1322 505 1456 555 tota,
1474 491 1646 547 caeteri
1665 486 1855 544 itidem

245 567 563 631 Solomonis
608 567 852 631 satellites
899 573 1096 628 caeteris
1136 572 1341 626 Mauris
1378 574 1544 626 vitam
1581 569 1852 628 adimunt·⁷

243 650 424 718 Vnus,
445 669 504 714 ut
525 651 722 718 caedem
740 654 1085 731 popularium
1112 651 1242 708 vidit
1263 693 1280 717 ,
1309 653 1336 708 ἐ
1355 651 1595 709 conclavi
1616 649 1665 708 se
1683 648 1858 711 subri-

241 733 397 817 piens
416 772 434 798 2
462 733 671 796 Mauris
706 752 854 789 extra
887 734 1077 791 urbem
1099 734 1383 813 agentibus
1401 751 1576 790 narrat
1594 753 1712 812 quae
1731 742 1875 791 eve-'

241 831 450 881 nerant.
493 817 570 872 Illi
602 813 864 872 concursu
895 817 959 875 ad
993 815 1152 878 castra
1170 814 1315 878 fasto
1336 855 1353 879 ‚
1383 814 1787 872 hostiliterinde
1809 812 1861 875 se

242 912 434 961 contra
472 895 661 953 urbem
697 916 943 954 movent.
988 897 1482 979 propinquantibus
1501 918 1626 954 cum
1648 898 1860 954 Roma-

240 996 322 1039 no.
358 981 594 1041 exercitu
626 999 919 1045 occurrunt
955 984 1168 1060 Sergius
1200 979 1637 1059 Pudentiusque,
1681 998 1864 1060 pugna

242 1057 522 1125 commissa
552 1065 791 1144 primum
828 1060 1074 1141 prospera
1091 1065 1361 1120 Romanis
1376 1058 1517 1129 suit,
1556 1061 1739 1118 multis
1758 1061 1885 1117 ho-·

239 1138 406 1208 flium
429 1141 742 1211 interfecti&
768 1147 933 1221 captis
954 1165 1146 1201 eorum
1170 1143 1712 1212 castris‚mu1ieribus,
1730 1163 1867 1220 pue-

241 1225 318 1278 ris
337 1261 354 1287 ‚
392 1245 540 1301 gaza.
587 1226 687 1282 Sed
709 1226 944 1291 victoriae
967 1218 1164 1282 fiducia
1195 1229 1464 1282 incautior
1481 1225 1782 1282 Pudentius
1799 1223 1866 1280 ab

239 1301 494 1372 hostibus
514 1309 916 1363 circumventus
934 1308 1197 1367 occiditur
1217 1330 1231 1364 ε
1266 1311 1483 1386 Sergius
1500 1304 1549 1363 se
1568 1327 1693 1363 cum
1714 1326 1869 1364 exer·-¹

244 1388 358 1450 citu
380 1392 512 1462 (jam
532 1391 679 1454 enirn
703 1387 1092 1466 vesperascebat
1107 1396 1131 1467 )
1149 1391 1366 1468 Leptim
1388 1409 1642 1468 magnam
1661 1391 1867 1466 recipit,-

242 1464 374 1524 Post
415 1470 625 1548 aliquot
655 1489 873 1553 tempus
908 1473 1097 1548 majori
1134 1473 1419 1529 molimine
1437 1468 1648 1529 barbari
1670 1474 1727 1528 in
1744 1472 1869 1528 Ro-

241 1565 440 1608 manos
474 1549 740 1625 feruntur.
786 1556 952 1611 Tunc
985 1557 1200 1632 Sergius
1236 1557 1596 1613 Solomonem
1615 1571 1872 1633 patruum

244 1630 377 1697 adiit
396 1671 411 1696 ‚
455 1654 611 1690 orans
641 1654 701 1691 ut
732 1641 967 1692 exercitu
991 1658 1117 1692 curn
1138 1641 1341 1710 majore
1359 1634 1464 1716 ipse
1483 1636 1610 1696 belli
1627 1640 1684 1693 in
1702 1636 1871 1692 Mau-

239 1731 339 1769 ·:ros
372 1713 485 1770 dux
516 1719 741 1773 veniret.
784 1714 1004 1779 fratrem
1039 1719 1244 1795 Cyrum
1279 1718 1483 1775 ibidem
1518 1717 1626 1774 loci
1650 1720 1871 1796 reperit,

244 1794 491 1863 Barbari,
519 1815 577 1862 ut
591 1802 875 1876 Byzacium
900 1820 1206 1877 pervenere,
1222 1802 1417 1880 rapinis
1434 1819 1528 1878 per
1547 1820 1705 1878 agros
1725 1796 1876 1878 gras—'

247 1873 346 1941 sati
381 1876 520 1945 sunt.
571 1884 648 1942 At
676 1882 896 1941 Antalas
927 1922 943 1949 ‚
977 1903 1142 1959 quem
1173 1881 1326 1959 supra
1362 1886 1661 1944 memoravi
1695 1880 1870 1943 fidum

247 1958 521 2026 Romanis
556 1962 714 2018 rebus
747 1970 800 2025 &
823 1963 898 2025 ob
927 1963 979 2023 id
1000 1985 1169 2019 unum
1192 1965 1438 2021 “elicium
1459 1964 1669 2019 Mauris
1685 1965 1739 2019 in
1763 1966 1872 2041 By·-

246 2044 400 2108 ,zacio
420 2046 716 2122 principem
735 2084 751 2110 ‚
788 2047 844 2101 in
865 2046 1226 2102 Solomonem
1242 2053 1356 2122 jam
1378 2043 1587 2103 hostilia
1605 2045 1870 2110 induerat,

247 2141 482 2200 querens
500 2123 565 2180 ab
581 2146 648 2181 eo
669 2125 866 2190 ablatas
882 2124 975 2183 fibi
993 2125 1463 2196 frumentationeS‚
1480 2125 1679 2207 quibus
1696 2123 1874 2204 ipsum·

248 2207 556 2282 Imperator
588 2206 958 2274 honestaverat
994 2231 1008 2265 ε
1043 2206 1262 2267 fratrem
1299 2211 1363 2269 ad
1391 2210 1497 2267 hoc
1517 2214 1869 2275 interemtum

250 2292 524 2351 tumultus
558 2291 612 2345 in
648 2293 953 2369 Byzacenos
970 2289 1193 2350 suscitati
1216 2295 1458 2354 crimine.
1500 2292 1607 2355 His
1624 2292 1689 2353 de
1707 2287 1873 2350 causis

250 2371 479 2438 ,Antalas
496 2369 752 2445 barbaros
783 2376 933 2430 laetus
962 2377 1171 2452 excepit
1193 2416 1209 2442 ‚
1236 2373 1656 2452 societatemque
1683 2392 1872 2429 armo.-

249 2459 376 2516 xum
395 2453 669 2533 pollicitus
686 2455 793 2517 dux,
812 2453 875 2523 fit
891 2476 1085 2512 eorum
1103 2461 1157 2513 in
1183 2459 1541 2520 Solomonem
1563 2462 1617 2519 ὃς
1638 2452 1871 2520 Cartha-

250 2535 441 2616 ginem
457 2532 598 2602 belli.
640 2536 838 2615 quibus
858 2538 1085 2595 Solomo
1101 2539 1294 2603 auditis
1309 2581 1324 2603 ‚
1343 2540 1498 2595 omni
1517 2541 1568 2593 vi
1587 2539 1642 2593 in
1661 2557 1755 2599 eos
1774 2556 1869 2601 var·

250 2614 369 2683 dita
405 2613 767 2697 assecutusque
800 2619 941 2697 apud
973 2619 1243 2682 Tebesten
1264 2659 1282 2686 ‚
1311 2616 1394 2677 sex
1429 2619 1637 2683 dierum
1676 2620 1867 2683 itinere

256 2698 585 2778 Carthagine
615 2700 813 2766 distans
841 2702 1106 2780 oppidum
1128 2742 1143 2768 ,
1175 2700 1247 2765 ibi
1267 2720 1498 2770 metatur
1515 2699 1675 2766 castra
1693 2740 1709 2767 ‚
1739 2720 1875 2768 cum,

253 2776 430 2850 ‚fratris
450 2780 525 2843 sui
548 2779 669 2847 filiis
683 2783 853 2848 tribus
869 2823 887 2850 2
919 2785 1105 2864 Sergio
1128 2804 1185 2848 ac
1207 2785 1356 2863 Cyro
1381 2806 1523 2863 quos
1542 2784 1868 2850 memoravi-

255 2881 413 2929 mus,
446 2870 500 2928 ὃς
532 2867 732 2924 minori
760 2867 1075 2922 Solomone.
1122 2867 1223 2923 Sed
1245 2866 1652 2924 multitudinem
1670 2862 1866 2929 barba-

253 2963 444 3015 mmm,
485 2948 832 3027 expavescens
875 2950 1040 3014 mittit
1075 2949 1139 3018 ad
1169 2947 1526 3017 Levatharum
1563 2949 1857 3028 principes,

558 3030 569 3039 ⁴
1579 3036 1581 3038 ’
1605 3023 1862 3118 exposta-r-
