1888 3428
240 176 355 232 240
589 153 977 209 PRocoPu
1020 149 1567 207 CAESAREENMs

238 239 410 295 rediit.
454 236 740 292 Antonina
761 239 814 289 &
838 233 1022 298 duceS,
1037 249 1105 288 vut
1121 232 1384 298 illuxerat,
1403 232 1469 289 de
1487 249 1653 288 onere
1669 242 1840 289 transa

234 315 888 393 vehendo-consultavere.
905 310 1137 370 Difficile
1155 330 1264 369 erat
1284 314 1726 392 implicatumque
1746 334 1844 369 ne·-

234 405 473 481 gotium.
514 402 693 456 Boves
719 396 902 453 labore
929 399 1133 452 itineris
1165 395 1293 452 νίἃί
1325 395 1726 472 procubuerant
1763 392 1846 451 se·
1880 448 1881 451 ,

238 486 517 541 manimes.
555 481 621 538 ad
651 479 756 536 hoc
790 476 1032 535 curribus
1061 475 1281 556 angusta
1311 477 1529 533 tranfire
1562 482 1843 533 intutum:

241 568 509 622 onerarias
533 582 691 618 naves
708 559 932 617 funibus
950 602 967 628 ‚
990 579 1048 616 ut
1068 560 1200 616 olim
1219 556 1335 615 fieri
1356 556 1562 616 solebat
1583 602 1598 624 ,
1638 556 1847 616 trahere
1885 574 1888 576 ’

236 669 353 706 non
372 647 614 704 dabatur.
649 644 794 700 Nam
813 664 932 723 quae
953 642 1014 699 ad
1034 643 1217 699 laevam
1235 640 1300 697 ab
1335 662 1494 699 amne
1519 659 1628 699 erat
1648 643 1731 699 via
1749 680 1767 708 ,
1787 655 1860 696 ut'

242 728 397 807 supra
436 725 975 791 memoravitnUS‚ab
1015 722 1258 781 hostibus
1292 742 1553 803 occupata
1580 719 1888 801 Romanis{

242 812 423 868 accedi
458 808 736 887 nequibat.
778 809 1031 864 Alterum
1061 808 1198 862 latus
1225 810 1395 884 ripam
1433 806 1584 886 quod
1617 808 1850 871 attinet,
1883 853 1888 857 .

238 892 467 950 silvestre
503 887 661 969 atque
681 894 887 946 invium
909 905 1037 944 erat.
1080 887 1507 970 scaphasigitur‚
1538 909 1655 968 quae
1673 884 1881 943 subsen-

245 978 340 1055 qui
362 980 563 1047 majora
580 975 789 1050 navigia
823 971 1066 1028 solebant
1084 1011 1102 1038 ,
1121 971 1187 1027 ab
1207 973 1268 1028 iis
1299 969 1537 1028 seductas
1571 970 1764 1028 tabulis
1780 986 1862 1024 at«
1876 992 1880 1007 κ·

245 1060 447 1114 tollunt
467 1098 481 1123 ‚
505 1077 618 1134 quo
641 1060 818 1110 minus
837 1057 931 1132 qui
963 1057 1025 1109 iis
1047 1054 1465 1112 vectarenturad
1494 1052 1730 1109 hostium
1752 1052 1855 1108 tela
1883 1071 1888 1076 ¹

242 1159 507 1218 paterent.
546 1137 622 1192 his
644 1155 831 1192 nautas
862 1133 1233 1214 &sagittarios
1265 1156 1362 1214 pro
1384 1139 1639 1216 portione
1673 1138 1855 1212 impo-

249 1240 392 1279 nunt
417 1261 431 1285 ,
471 1227 522 1276 ὃς
544 1236 828 1295 ‚quantum
866 1237 1095 1295 quaeque
1128 1215 1264 1274 ferre
1299 1220 1480 1274 oneris
1514 1234 1741 1296 poterat.
1776 1219 1882 1286 Itaf

247 1306 417 1382 parati
449 1320 508 1358 ut
543 1302 741 1356 Tiburi
781 1300 1018 1355 Romam
1048 1296 1285 1358 subirent
1319 1341 1336 1367 ,
1373 1315 1567 1358 ventos
1600 1300 1873 1378 opperie-·

247 1386 475 1443 bantur.
522 1388 646 1440 Pars
677 1384 941 1439 exercitus
959 1381 1140 1439 dextra
1172 1385 1284 1461 ripa
1303 1382 1604 1461 procedens
1621 1381 1702 1438 his
1722 1398 1857 1460 prae-

248 1467 382 1526 {idio
405 1484 544 1532 erat,
578 1466 643 1522 ad
664 1470 931 1541 majorum
967 1468 1191 1527 navium
1226 1465 1522 1522 custodiam
1557 1486 1676 1544 quae
1710 1467 1766 1520 in
1798 1483 1874 1545 a‘}

252 1571 383 1608 mne
414 1565 564 1606 erant
584 1546 888 1604 constiturae
910 1548 1100 1604 relictis
1118 1548 1319 1604 Isauris.
1365 1553 1448 1603 Ac
1465 1549 1703 1626 primum
1722 1565 1859 1602 nau-

249 1651 314 1690 tae
336 1673 350 1696 ‚
402 1649 463 1685 ut
498 1627 696 1706 scaphis
731 1630 842 1684 vela
872 1626 1138 1697 fecerant,
1178 1628 1285 1686 sine
1320 1628 1500 1686 labore
1531 1627 1856 1686 ferebantur.

248 1718 328 1770 At
348 1713 438 1768 ubi
479 1733 558 1767 eo.
579 1728 896 1788 perventum
931 1732 1035 1787 qua
1069 1711 1117 1766 se
1137 1716 1309 1766 amnis
1340 1728 1559 1789 torquet
1588 1711 1859 1788 latiorque

249 1793 417 1852 fluere
436 1795 623 1871 incipit
642 1833 659 1860 ,
677 1790 801 1848 nihil
816 1791 1132 1864 juvantibus
1151 1795 1325 1850 ventis
1344 1834 1362 1860 ‚
1382 1813 1560 1849 remos
1574 1793 1861 1871 impellen-

251 1896 333 1934 tes
367 1918 382 1943 ‚
419 1873 628 1969 flunpen
663 1874 936 1931 adversum
972 1875 1145 1932 multo
1184 1873 1296 1930 nisu
1338 1895 1473 1952 aegre
1523 1872 1856 1953 superabant.

252 1957 609 2016 continebant
629 1954 676 2011 se
693 1960 744 2011 in
763 1953 939 2011 castris
954 1955 1181 2015 barbari,
1202 1955 1331 2012 nihil
1352 1954 1561 2012 molesti
1581 1953 1825 2012 hostibus
1839 1995 1856 2023 ,

251 2039 358 2098 five
379 2037 453 2095 sui
475 2039 696 2117 periculi
715 2030 864 2093 metu
887 2079 902 2104 ,
923 2037 1024 2094 five
1046 2038 1197 2116 quod
1215 2060 1326 2094 non
1348 2037 1554 2096 credito
1573 2040 1686 2095 illac
1704 2058 1886 2096 corn-,

252 2140 460 2180 meatus
498 2122 763 2177 Romanis
784 2118 1005 2187 advehi,
1043 2121 1183 2176 leves
1215 2117 1478 2177 obcausas
1514 2140 1860 2198 corrumpere

252 2204 399 2283 spem
441 2204 778 2258 induciarum
806 2242 820 2266 ,
854 2224 986 2281 quas
1020 2202 1297 2259 Belisarius
1319 2206 1596 2283 pepigerat
1615 2242 1630 2264 ,
1658 2222 1771 2258 non
1796 2223 1860 2259 ex

253 2285 350 2344 usu
387 2284 481 2346 suo
519 2284 924 2343 arbitrabantur.
964 2283 1038 2339 ob
1072 2284 1179 2342 haec
1213 2288 1308 2364 qui
1338 2289 1395 2341 in
1417 2291 1615 2353 Portus
1648 2285 1873 2363 oppido,¹

255 2385 405 2425 erant
425 2366 623 2423 Gotthi
643 2408 660 2432 ,
679 2387 802 2422 cum
820 2370 1065 2444 proxime
1083 2365 1689 2445 ipsos'pr'aetervehentes
1710 2367 1860 2424 vide-

250 2469 370 2508 rent
387 2448 564 2505 hostes
588 2448 716 2505 nihil
737 2469 958 2504 movere
976 2490 993 2516 ‚
1030 2470 1153 2505 cum
1188 2452 1308 2505 otio
1331 2452 1584 2505 mirantes
1610 2469 1723 2527 quo
1737 2449 1862 2505 Ro-

252 2552 545 2589 manorum
565 2535 801 2610 cogitata
820 2531 1106 2587 evaderent
1143 2551 1267 2588 cum
1284 2536 1543 2589 innovata
1575 2532 1861 2607 aliquoties

253 2617 605 2691 navigatione
640 2616 822 2668 omnia
839 2632 956 2690 quae
977 2616 1107 2669 mari
1142 2614 1358 2671 advecta
1373 2611 1592 2670 fuerant
1620 2612 1879 2670 Romam

256 2694 420 2753 essent
440 2691 668 2772 perlata,
692 2715 851 2753 naves
884 2692 1000 2772 ipsae
1024 2696 1166 2752 unde
1185 2715 1439 2755 venerant
1459 2694 1657 2752 rediere
1677 2737 1693 2761 ‚
1730 2716 1862 2772 pro-

251 2777 566 2858 perantibus
589 2781 762 2834 nautis
781 2820 794 2840 ,
815 2777 964 2854 quod
990 2783 1102 2851 jam
1132 2779 1268 2834 Solis
1286 2775 1463 2856 pulsus
1482 2777 1737 2834 brumalis
1754 2780 1880 2834 ini-a

255 2862 506 2916 mineret.
528 2859 831 2929 *Exercitus
867 2879 1084 2938 peregre
1113 2859 1401 2925 adveniens
1418 2862 1659 2917 Romam
1691 2861 1861 2915 intra-

234 2943 334 3004 “vit
350 2983 369 3014 ,
391 2939 486 3000 nifi
505 2940 656 3022 quod
677 2962 800 3002 cum
819 2939 1121 3004 Isaurorum
1152 2941 1428 3003 nonnullis
1462 2944 1657 3010 Paulus
1693 2937 1860 2996 Ostia

392 3027 396 3029 ’
756 3024 762 3027 ”
790 3024 795 3026 ’
846 3026 858 3029 ”
910 3026 913 3028 ’
962 3025 991 3028 “’
1157 3027 1184 3030 ”
1406 3025 1428 3030 ’ἢ
1550 3027 1555 3029 ’
1687 3021 1863 3103 praefi:
