1888 3428
238 115 362 189 684
725 111 1366 168 IoR‘NANDEs

236 197 336 257 fibi
365 200 424 253 in
456 189 868 250 matrimonium
899 185 1019 269 post
1048 186 1469 246 innumerabiles
1500 205 1700 247 uxores
1725 182 1755 258 ζ’
1776 205 1844 249 ut

235 301 361 337 mos
377 294 488 335 erat
507 279 684 357 gentis
700 275 856 336 illius,
872 270 1078 328 socians
1093 293 1108 327 ε
1123 268 1338 350 ejusque
1356 272 1409 327 in
1426 275 1629 351 nuptiis
1647 292 1846 351 magna

235 361 496 421 hilaritate
516 358 792 421 resolutus,
808 357 938 412 vino
955 352 1260 432 somnoque
1279 371 1550 434 gravatim,
1564 351 1846 431 resupinus

232 442 480 524 jacebat,
512 436 916 516 redundansque
938 433 1153 515 sanguis
1173 437 1267 513 qui
1286 439 1335 492 ei
1353 433 1504 494 solite
1531 436 1597 494 de
1624 434 1847 493 naribus

237 524 496 585 effluebat
518 565 533 586 ‚
568 523 698 580 dum
718 519 985 578 consuetis
1005 517 1274 577 meatibus
1292 518 1618 596 impeditur,
1656 521 1848 575 itinere

233 606 382 667 ferali
416 604 662 664 faucibus
694 602 904 681 illapsus
935 623 1058 659 eum
1081 603 1326 657 extinxit.
1379 606 1456 656 Ita
1489 598 1731 680 glorioso
1755 619 1849 679 pet·

162 705 166 708 '
233 689 381 748 bella
399 687 512 770 regi
526 687 842 745 temulentia
861 684 1175 762 pudendum
1198 686 1404 740 exitum
1422 682 1584 740 dedit.
1606 684 1850 760 Sequen-

235 776 281 831 ti
300 793 430 832 vero
449 773 562 829 luce
580 812 596 838 ,
616 790 789 849 quum
810 788 1003 846 magna
1023 787 1137 844 pars
1157 766 1262 823 diei
1282 763 1456 822 fuiffet
1469 767 1850 845 exempta‚mi-·
1881 776 1883 778 ’

236 853 387 913 nistri
407 856 540 931 regii
558 853 700 910 triste
721 852 919 928 aliquid
937 847 1253 927 suspicantes
1276 889 1289 908 ‚
1315 845 1435 926 post
1453 849 1716 905 clamores
1735 867 1849 905 ma-

236 939 418 996 ximos
452 935 595 993 fores
611 931 907 1013 effringunt
926 972 942 998 ‚
971 935 1367 1008 inveniuntque
1389 933 1570 990 Attilae
1603 928 1710 986 fine
1730 930 1849 986 vul-

236 1040 367 1077 nere
392 1039 578 1076 necem
601 1014 870 1094 sanguinis
890 1010 1149 1071 effusione
1170 1015 1434 1092 peraftam
1456 1053 1473 1080 ‚
1506 1013 1850 1091 puellamque

237 1098 461 1159 demiffo
484 1099 637 1157 vultu
652 1095 747 1153 sub
764 1099 1027 1153 velamine
1045 1095 1485 1173 lachrymantem.
1502 1098 1688 1161 Tunc,
1707 1112 1768 1150 ut
1783 1095 1850 1150 il-

235 1184 341 1240 lius
358 1183 538 1261 gentis
560 1201 680 1236 mos
701 1176 773 1234 est
796 1218 810 1239 ‚
847 1180 1076 1235 crinium
1096 1196 1242 1256 parte
1262 1193 1505 1234 truncata
1526 1216 1541 1238 ‚
1586 1174 1855 1234 informes

235 1262 396 1322 facies
416 1266 553 1321 cavis
573 1280 854 1339 turpavere
875 1259 1184 1319 vulneribus
1201 1300 1219 1327 ‚
1258 1277 1318 1316 ut
1339 1254 1600 1338 praeliat'or
1618 1259 1852 1316 eximius

236 1367 355 1404 non
384 1342 659 1403 foemineis
692 1341 1168 1401 lamentationibus
1193 1349 1246 1399 &
1281 1341 1591 1420 lachrymis,
1626 1338 1713 1398 sed
1735 1338 1852 1398 san-

236 1434 406 1508 guine
426 1429 706 1509 lugeretur
726 1426 879 1484 virili.
924 1428 1012 1484 De
1032 1446 1143 1504 quo
1165 1424 1217 1483 id
1252 1422 1459 1482 accesfit
1477 1421 1717 1481 mirabile
1736 1464 1753 1490 ‚
1791 1439 1853 1480 ut

235 1512 528 1586 Martiano
544 1512 767 1589 principi
800 1510 1024 1566 orientis
1039 1509 1103 1565 de
1131 1527 1240 1565 tam
1261 1504 1430 1564 feroci
1451 1504 1603 1564 hoste
1621 1502 1849 1564 sollicito

237 1596 295 1652 in
314 1592 518 1651 somnis
552 1593 802 1650 divinitas
841 1590 1120 1656 adfistenS,
1164 1611 1350 1647 arcum
1385 1590 1640 1648 Attilaein
1659 1587 1851 1645 eadem

239 1677 406 1734 ηοᾶε
425 1673 659 1735 ἔπειᾶυῑῃ
681 1672 1014 1740 ostenderet,
1035 1672 1179 1753 quasi
1201 1670 1354 1752 quod
1372 1693 1507 1751 gens
1523 1668 1629 1750 ipsa
1643 1691 1711 1728 eo
1735 1670 1851 1726 telo

238 1760 411 1816 multa
445 1755 747 1836 praesumat.
808 1757 937 1812 Hoc
966 1754 1172 1813 Priscus
1204 1753 1486 1813 historicus
1506 1774 1626 1812 vera
1656 1751 1705 1809 se
1723 1752 1854 1810 dicit

237 1839 591 1899 adtestatione
616 1839 859 1915 probare.
903 1840 1049 1895 Nam
1066 1842 1351 1896 intantum
1374 1838 1583 1916 magnis
1613 1837 1852 1913 imperiis

239 1925 411 1982 Attila
436 1921 684 1978 terribilis
710 1919 923 1977 habitus
945 1921 1018 1977 est
1037 1960 1054 1987 ‚
1092 1937 1152 1976 ut
1171 1924 1286 1990 ejus
1306 1936 1544 1975 mortem
1574 1919 1634 1972 in
1663 1919 1851 1972 locum

239 2024 482 2062 muneris
500 2001 725 2080 superna
745 2000 1096 2079 regnantibus
1113 2001 1437 2076 judicarent⁹
1472 2001 1647 2074 Cujus
1666 2014 1852 2064 manes

240 2086 443 2167 quibus
475 2084 654 2141 modis
687 2085 717 2139 εἰ
749 2081 838 2139 sua
877 2101 1040 2163 gente
1079 2083 1334 2139 honorati
1361 2080 1483 2139 sunt
1514 2123 1530 2149 ‚
1588 2101 1751 2159 pauca
1783 2079 1851 2137 de

239 2169 426 2226 multis
443 2166 615 2224 dicere
637 2185 752 2221 non
771 2169 1108 2222 omittamuS.
1136 2171 1196 2222 In
1215 2164 1403 2221 mediis
1419 2162 1681 2243 siquidem
1702 2183 1851 2219 came

240 2255 320 2330 pis
342 2289 360 2316 ,
382 2253 591 2308 &intra
614 2266 724 2304 tent
741 2251 844 2303 ‘iria
865 2246 1020 2306 serica
1035 2246 1284 2303 cadavere
1304 2249 1570 2304 collocato
1591 2285 1606 2312 ,
1643 2243 1849 2323 specta-

241 2335 428 2390 cuium
463 2329 834 2389 admirandum
873 2337 926 2387 ὃς
954 2328 1243 2387 solenniter
1261 2328 1555 2386 exhibetur.
1616 2330 1762 2386 Nam
1781 2326 1849 2383 de

237 2432 360 2475 tota
388 2432 551 2494 gente
581 2413 921 2468 Hunnorum
952 2411 1249 2468 electissimi
1285 2415 1495 2489 equites
1528 2414 1583 2468 in
1619 2431 1688 2466 eo
1720 2409 1848 2465 loco

241 2518 356 2576 quo
381 2515 490 2553 erat
511 2494 716 2573 politus
735 2534 750 2555 ,
787 2497 844 2550 in
865 2494 1092 2551 modum
1115 2493 1452 2551 Circensium
1473 2491 1710 2549 curfibus
1730 2510 1849 2547 am-

206 2605 209 2607 ·
241 2578 475 2639 bieures,
494 2575 630 2633 facta
652 2581 768 2648 ejus
785 2595 944 2633 cantu
965 2572 1191 2633 funereo
1212 2577 1299 2633 tali
1319 2577 1507 2633 ordine
1527 2572 1845 2632 referebant.

239 2661 548 2737 Praecipuus
565 2661 905 2714 Hunnorum
929 2679 1020 2715 rex
1041 2661 1227 2723 Attila,
1248 2676 1392 2735 patre
1410 2659 1627 2738 genitus
1644 2653 1850 2713 Mund-

241 2761 412 2800 zucco
431 2779 447 2806 ,
491 2737 896 2797 fortissimarum
914 2745 1163 2819 gentium
1184 2739 1470 2808 domium,
1517 2742 1612 2818 qui
1635 2736 1850 2795 inaudi-
1876 2738 1887 2744 ’

242 2844 298 2882 ta
333 2839 452 2888 ante
495 2820 542 2886 se
580 2825 824 2900 potentia
853 2820 993 2878 solus
1025 2821 1266 2900 Scythica
1297 2829 1352 2880 δε
1403 2823 1729 2879 Germanica
1763 2839 1848 2875 re·-

243 2927 352 2986 gna
369 2900 594 2985 possedit
613 2944 629 2965 ,
661 2924 877 2962 necnon
915 2924 1139 2984 utraque
1171 2905 1437 2968 Romanae
1458 2902 1606 2963 urbis
1624 2903 1847 2981 imperia

1682 2983 1851 3070 captis
