1888 3428
122 199 126 200 ⁷
192 194 640 251 GoT-rntcffi
680 173 1089 231 Hismara
1128 170 1427 222 L13.111.
1520 168 1631 241 39'7

23 299 149 335 cum
169 275 251 332 his
277 278 514 351 pugnam
534 259 762 318 orditur.
801 252 1074 314 Romani,
1097 251 1204 304 vim
1223 247 1457 303 hostium
1479 247 1640 303 forti-

23 379 103 418 tet
121 356 434 415 sustinentes
455 388 471 414 ,
498 343 793 422 superiores
825 331 1061 389 evadunt
1081 370 1097 396 ,
1129 327 1484 405 barbarosque
1498 347 1562 410 W
1584 333 1638 383 ὃς,

26 442 231 499 multos
269 443 321 494 δε
363 439 419 490 in
456 422 709 506 angustiis
743 410 1132 495 deprehensos,
1163 409 1334 466 multa
1352 410 1489 465 caede
1510 429 1641 484 pro-

21 522 287 580 sternunt.
329 512 480 593 quod
503 529 559 564 ut
579 505 710 561 vidit
725 499 957 561 Totilas,
978 493 1212 550 inhibuit
1235 493 1472 569 praelium
1493 529 1508 554 ‚
1537 487 1644 560 jus-

23 603 195 681 fitque
230 596 481 656 Gotthos
525 585 804 653 affidentes
836 574 1103 657 quiescere
1128 617 1143 641 ,
1178 573 1386 653 sperans
1420 569 1467 627 se
1499 567 1641 625 fame

23 685 201 743 hostes
234 683 591 739 domitururn.
635 672 821 744 Atque
861 681 987 717 eum
1020 657 1242 737 quidem
1263 655 1404 712 diem
1427 654 1643 715 Paulus,

25 773 82 825 δε
102 768 196 844 qui
212 784 335 820 cum
356 782 422 817 eo
441 750 839 836 quadringenti,
864 742 1205 822 egerejejuni
1232 778 1247 803 ‚
1270 755 1444 813 neque
1466 736 1646 792 minus

27 851 250 907 noctem
274 844 658 920 insequentem.
705 828 964 887 Postridie
994 842 1263 902 equorum
1286 815 1532 874 carnibus
1552 837 1648 893 pa—

28 931 94 989 sci
137 926 517 988 constituerant
535 960 547 974 .
608 914 712 971 Sed
759 905 1213 990 perhorrescentes
1258 900 1534 958 insolitum
1570 899 1647 952 ci-

30 1014 198 1078 bum,
239 1022 515 1086 premente
549 1016 860 1079 quanquam
880 990 1054 1049 inedia
1080 1029 1096 1055 ,
1118 986 1181 1043 ad
1201 984 1468 1061 vesperam
1489 980 1646 1037 dura-

32 1115 172 1152 vere.
216 1094 369 1147 Tum
392 1084 561 1144 multa
578 1086 715 1138 inter
734 1076 782 1134 se
804 1074 1056 1134 collocuti
1076 1067 1194 1148 post
1213 1085 1437 1124 mutuos
1456 1062 1518 1118 ad
1539 1064 1646 1117 vir-

18 1195 202 1235 tutem
224 1172 471 1230 hortatus
491 1208 507 1234 ,
536 1166 811 1242 optimum
845 1158 1043 1214 duxere
1061 1149 1291 1209 honesto
1313 1149 1459 1203 exitu
1483 1148 1649 1201 vitam

29 1257 288 1315 clauderes
332 1246 682 1327 Propositum
702 1244 883 1300 eratin
901 1234 1079 1294 hostes
1114 1239 1360 1289 incautos
1379 1231 1573 1284 irruere
1594 1231 1649 1282 δε
1714 1275 1718 1278 ,

33 1336 328 1398 interfectis
347 1353 510 1413 quarn
531 1325 736 1407 possent
758 1323 1001 1400 plurimis
1021 1359 1036 1385 ‚
1069 1314 1197 1372 forti
1222 1316 1333 1369 leto
1356 1306 1651 1367 occumbe-

35 1443 108 1480 re.
149 1422 298 1499 Ergo
323 1415 555 1494 amplexi
574 1408 623 1466 se
658 1408 888 1465 invicem
920 1403 1198 1474 amiceque
1216 1394 1433 1452 osculati
1453 1389 1474 1456 ,’
1500 1389 1653 1447 ibant

35 1508 222 1578 utjam
248 1508 467 1578 jamque
502 1492 769 1551 morituri.
813 1486 1070 1543 intellexit
1100 1478 1316 1538 Totilas
1336 1517 1352 1543 ,
1382 1468 1656 1531 metuens-

40 1608 149 1666 que
179 1606 245 1641 ne
285 1582 536 1639 homines
568 1574 743 1632 salutis
762 1567 1128 1646 desperatione
1164 1565 1220 1617 in
1240 1561 1429 1617 mortis
1448 1552 1654 1612 defide—

32 1672 176 1743 rium
197 1662 393 1723 accensi
416 1702 432 1723 ,
453 1660 581 1716 dura
600 1660 655 1712 in
677 1650 926 1709 Gotthos
944 1645 1179 1703 facinora
1196 1643 1414 1700 ederent
1434 1679 1452 1705 ,
1487 1636 1656 1693 mittit

34 1753 130 1829 qui
148 1749 213 1806 de
233 1742 450 1804 duobus
472 1742 761 1818 optionem
780 1731 898 1812 ipfis
916 1727 1154 1787 deferant
1176 1765 1192 1792 ‚
1210 1742 1268 1781 ut
1289 1739 1381 1779 aut
1399 1723 1551 1798 equis
1571 1737 1653 1774 ar-

4 1832 8 1835 *
35 1829 241 1910 misque
261 1823 517 1889 dimissis,
557 1827 617 1878 ἅτ·
651 1834 931 1895 nunquam
965 1809 1060 1867 fibi
1091 1811 1148 1864 in
1180 1802 1431 1863 Gotthos
1449 1802 1654 1858 bellum

37 1911 155 1972 fore
172 1912 428 1991 polliciti,
446 1904 765 1989 Byzantium
786 1896 983 1974 integri
1000 1890 1194 1950 abeant
1215 1930 1232 1957 ,
1265 1904 1354 1943 aut
1376 1883 1533 1941 rebus
1551 1880 1656 1937 ser-

35 1999 170 2053 vatis
185 1991 533 2050 Gottliorum
553 1983 933 2042 commilitium
957 2017 971 2038 ,
996 1978 1105 2055 pari
1124 1970 1441 2029 conditione
1462 1963 1654 2029 futuri,

39 2080 312 2156 accipiant.
358 2070 617 2129 Libentes
647 2065 756 2121 haec
789 2061 998 2118 audiere
1015 2056 1256 2116 Romani
1291 2077 1303 2109 ε
1339 2071 1396 2106 ac
1416 2051 1655 2128 primum

41 2160 259 2239 quidem
283 2157 424 2213 mitti
455 2148 774 2230 Byzantium
795 2141 1071 2223 praetulere
1103 2157 1319 2195 omnes·
1360 2133 1503 2188 Mox
1533 2127 1661 2186 sub-

5 2276 9 2282 ·
40 2261 202 2299 eunte
223 2239 428 2320 pudore
447 2235 650 2292 itineris
680 2235 734 2286 <Sc
755 2223 1006 2305 pedestris
1031 2228 1083 2279 ὃ(
1104 2219 1169 2276 ab
1199 2220 1358 2275 armis
1375 2212 1539 2273 nudi,
1573 2232 1664 2268 ac-

43 2324 263 2382 cedente
286 2328 338 2378 &
359 2336 528 2380 metu,
554 2336 619 2371 ne
639 2332 729 2393 per
745 2306 952 2365 insidias
968 2309 1023 2361 in
1043 2304 1189 2379 abitu
1210 2296 1664 2362 interficerentur,

23 2403 297 2465 nonnihil
335 2409 387 2461 &
425 2395 612 2457 offensi
646 2392 796 2475 quod
830 2390 984 2467 longi
1018 2386 1281 2463 temporis
1306 2383 1506 2458 reliqua
1524 2377 1666 2456 apud

45 2484 434 2566 rempublicam
453 2480 713 2538 haberent
734 2516 749 2540 ,
785 2472 963 2530 ευηᾶἰ
981 2472 1227 2526 volentes
1247 2463 1594 2522 Gotthorum
1617 2462 1668 2516 se

45 2571 250 2652 agmini
268 2566 587 2642 adjunxere:
611 2557 704 2616 nisi
725 2554 878 2636 quod
897 2554 1092 2611 Paulus
1113 2548 1482 2608 &Isaurorum
1505 2563 1664 2608 unus,

47 2653 270 2711 Mindes
293 2649 516 2706 nomine
538 2686 554 2712 ,
573 2643 759 2699 Totila
780 2654 1054 2695 convento
1076 2677 1092 2702 ‚
1127 2635 1321 2713 precati
1344 2629 1463 2687 sunt
1481 2642 1542 2681 ut
1559 2627 1669 2702 By-

50 2738 291 2793 zantium
310 2733 652 2788 mitterentur
684 2747 696 2780 :
735 2725 790 2777 in
823 2721 988 2800 patria
1030 2723 1288 2795 conjuges
1321 2711 1417 2770 fibi
1446 2706 1671 2766 liberos-

52 2839 160 2895 que
180 2831 203 2883 ‚'
230 2814 338 2872 fine
369 2813 523 2892 queis
558 2811 722 2868 vitam
760 2805 985 2860 tolerare
1011 2819 1134 2859 *non
1178 2797 1404 2880 poffent.
1459 2799 1670 2854 Totilas

54 2918 176 2956 vera
193 2897 295 2955 dici
315 2893 535 2953 credens
555 2910 668 2948 non
686 2887 939 2943 viaticum
959 2902 1170 2941 tantum
1191 2922 1208 2947 ‚
1226 2880 1371 2938 ‘abire
1388 2877 1670 2957 permissiS,

53 2977 142 3066 sed
179 2985 232 3041 &
257 2981 350 3060 qui
372 2973 820 3059 prosequerentur
843 2967 1012 3028 dedit.
1054 2964 1312 3025 Trecenti
1344 2963 1424 3018 alii
1461 2963 1673 3018 Roma-

1456 3062 1660 3102 norum
