1888 3428
18 221 22 238 ζ
193 158 638 222 (ἳοΤῚὶΗιεΛΈ
678 160 1089 218 H1s-r0R1AE
1128 161 1414 217 L113.111.
1509 171 1623 232 401

15 259 110 301 aut
123 240 601 302 omninotranfire
633 242 954 299 Danubium
991 238 1216 321 aggressi
1254 238 1495 307 fuerant,
1529 232 1627 291 nifi

13 345 163 383 nunc
179 328 414 403 primum
434 324 500 381 de
519 344 632 403 quo
652 344 856 381 narrare
876 327 1070 401 incepi.
1114 321 1284 379 Iidem
1305 323 1375 378 illi
1396 323 1489 399 qui
1522 315 1630 374 As·

11 401 213 464 badium
233 406 537 464 devicerant
558 445 576 473 ,
608 403 977 482 populabundi
996 403 1061 461 ad
1091 425 1243 461 oram
1270 400 1434 480 usque
1469 402 1633 456 mari-

12 492 205 545 timam
226 508 349 543 curn
379 483 736 564 perveniffent
755 528 773 554 ‚
812 485 1079 565 oppidum
1114 486 1191 543 ibi
1225 483 1385 541 fitum
1402 527 1416 548 ‚
1459 502 1634 557 quan-

11 590 176 649 quam
197 568 456 626 militibus
471 567 869 626 custodiebatur
888 608 903 635 ‚
926 572 975 624 vi
1002 585 1264 646 ceperunt
1284 607 1301 633 ,
1321 561 1634 643 Topserum

13 654 242 708 nomine
261 690 277 712 ‚
314 650 466 729 quod
485 653 716 727 primum
739 671 856 706 eam
888 648 1130 707 Thraciae
1153 667 1361 729 partem
1381 646 1633 704 intranti-

13 731 120 789 bus
152 731 201 790 se
225 729 386 791 offert
405 773 422 800 ‚
458 730 708 810 abestque
741 730 768 788 a
798 734 1061 809 Byzantio
1091 732 1381 789 duodecim
1420 728 1632 785 dierum

8 816 218 871 itinere.
245 815 346 872 Sed
361 817 476 872 vim
488 811 625 869 astus
642 816 755 870 talis
776 813 1090 891 praecefferat
1110 837 1122 869 :
1143 834 1258 892 pars
1280 831 1475 892 magna
1494 809 1634 864 Scla-

5 916 208 971 yorum
229 913 350 953 ante
370 898 556 953 maenia
576 892 906 975 confragosis
926 899 1057 953 locis
1072 894 1120 953 se
1143 895 1472 953 abdiderant.
1494 896 1635 948 Pau-

15 981 62 1034 ci
82 996 263 1056 portas
282 999 396 1054 quae
418 977 554 1033 Solis
589 996 771 1034 ortum
803 976 1039 1055 specfflmt
1068 977 1342 1035 affiliendo
1365 1018 1380 1044 ‚
1420 977 1634 1032 Roma-

15 1081 119 1117 nos
137 1067 190 1115 in
211 1062 375 1116 muris
396 1057 588 1115 stantes
627 1057 952 1116 lacessebant.
1000 1062 1103 1117 Sed
1135 1081 1260 1117 cum
1294 1073 1543 1138 putarent
1576 1053 1632 1110 hi

21 1138 328 1198 defensores
349 1181 367 1208 ,
388 1161 502 1197 non
522 1143 696 1219 plures
716 1139 879 1199 adesse
900 1140 1137 1215 hostium
1158 1184 1173 1209 ‚
1195 1163 1357 1220 quam
1377 1143 1471 1220 qui
1493 1157 1632 1194 con-

13 1221 367 1302 spiciebantur
385 1262 401 1288 ,
437 1226 780 1300 eruptionem
803 1227 858 1280 in
877 1245 970 1280 eos
990 1221 1181 1282 fecere.
1223 1216 1632 1279 Barbariceffim

15 1323 181 1366 eunt,
211 1307 437 1382 speciem
460 1302 802 1381 praeferentes
837 1325 939 1383 prae
960 1320 1108 1362 metu
1141 1303 1190 1363 se
1221 1305 1633 1382 recipientium:

14 1407 195 1465 eoque
212 1383 431 1443 insecuti
446 1385 716 1444 ardentius
735 1388 974 1445 Romani
991 1386 1109 1445 satis
1136 1390 1301 1468 longe
1319 1385 1346 1443 ὲ
1368 1383 1634 1444 maenibus

11 1466 62 1526 se
83 1486 429 1548 promovent.
471 1470 623 1526 Tum
638 1467 912 1548 surgentes
931 1491 993 1526 ex
1014 1468 1212 1535 insidiis
1231 1471 1324 1547 qui
1344 1470 1634 1543 latuerant,

12 1549 43 1608 ὲ
59 1554 223 1630 tergis
237 1548 285 1607 se
302 1549 575 1608 ostentant
592 1591 607 1616 ,
643 1551 986 1630 reditumque
1021 1555 1076 1608 in
1110 1550 1376 1631 oppidum
1410 1549 1632 1605 interci-

19 1635 197 1711 piunt.
231 1629 386 1687 fimul
407 1631 671 1688 conversis
687 1635 780 1709 qui
799 1630 985 1712 fugere
1003 1633 1378 1696 credebantur,
1399 1634 1635 1687 circum-

14 1716 309 1775 veniuntur
343 1713 600 1769 Romani.
654 1716 876 1770 Horum
916 1716 1058 1772 caede
1077 1787 1079 1789 ,
1095 1716 1302 1792 peraffita
1333 1712 1541 1769 barbari
1566 1714 1627 1766 in

15 1797 204 1852 maenia
220 1798 484 1874 impetum
503 1792 721 1865 faciunt.
760 1801 835 1851 At
857 1796 1041 1854 nudati
1061 1799 1293 1854 militum
1315 1798 1513 1853 auxilio
1530 1814 1634 1871 op-

17 1878 193 1957 pidani
212 1917 228 1941 ,
266 1898 574 1956 quanquam
610 1878 829 1955 periculi
850 1879 1225 1959 magnitudine
1245 1876 1632 1941 movebantur,

19 1979 117 2036 pro
138 1959 336 2015 viribus
355 1957 696 2036 praesentibus
716 1961 895 2016 tutelae
927 1961 1027 2019 suae
1063 1982 1177 2018 non
1194 1958 1399 2017 desunt.
1441 1963 1631 2037 Atque

7 2044 172 2098 initio
192 2042 374 2097 oleum
413 2045 696 2120 picemque
720 2040 928 2099 summe
961 2040 1249 2101 fervefaeh
1283 2042 1544 2117 dejiciunt
1572 2042 1630 2095 'sn

6 2130 421 2202 oppugnantes:
458 2124 650 2180 deinde
670 2121 956 2181 confertim
975 2123 1494 2202 i‘mmiffislapidibus
1515 2141 1634 2179 non

11 2207 247 2272 xmultum
267 2205 501 2269 aberant,
523 2209 654 2284 quin
675 2209 784 2264 vim
803 2206 1138 2286 depellerent.
1184 2209 1287 2265 Sed
1305 2228 1400 2263 eos
1420 2204 1634 2262 barbari

13 2285 176 2344 denso
195 2289 430 2343 telorum
451 2286 660 2367 ingestu
694 2287 723 2344 a
756 2291 1174 2368 propugnaculis
1205 2287 1482 2346 abscedere
1502 2306 1630 2345 cum

13 2367 314 2448 coegiffent‚
328 2366 478 2438 ‚scalis
494 2368 557 2427 ad
579 2373 765 2426 maenia
783 2371 1302 2450 admotiS‚oppidt1m
1320 2391 1413 2449 per
1432 2373 1542 2428 vim
1561 2373 1632 2425 ir-

12 2462 289 2529 rumpunt.
332 2448 526 2507 Virfim
548 2452 708 2508 millia
725 2453 1033 2531 quindecim
1050 2455 1194 2513 illico
1212 2452 1414 2520 occisa,
1446 2473 1526 2509 res
1551 2451 1630 2507 di-

11 2528 168 2611 reptae
184 2571 202 2598 ,
220 2535 470 2605 >mulieres
488 2537 744 2613 puerique
762 2538 817 2591 in
835 2532 1140 2594 servitutem
1163 2536 1291 2600 affl,
1319 2553 1632 2615 quanquam

16 2631 139 2671 ante
157 2616 286 2673 nulli
301 2618 438 2673 aetati
457 2634 548 2671 aut
566 2614 708 2673 sexui
730 2637 939 2692 parcere
952 2636 1099 2675 erant
1120 2616 1256 2676 soliti
1280 2660 1296 2685 ‚
1322 2638 1441 2676 tum
1463 2620 1626 2691 hujus

17 2699 244 2775 agminis
260 2738 275 2764 ‚
295 2714 414 2753 tum
431 2698 566 2754 illius
581 2699 795 2754 alterius
815 2700 984 2756 Sclavi
1008 2740 1023 2761 ‚
1042 2698 1130 2758 sed
1149 2702 1302 2758 nullo
1322 2701 1623 2760 discrimine

17 2779 77 2835 in
93 2799 233 2856 quos
249 2780 542 2838 inciderant
558 2778 858 2837 interficere
877 2802 1069 2838 omnes
1088 2826 1100 2845 ,
1124 2785 1197 2839 ita
1218 2803 1276 2840 ut
1295 2789 1475 2841 omnis
1495 2803 1626 2861 pro-

20 2878 90 2939 pe
109 2876 242 2916 terra
262 2882 379 2940 quae
403 2863 697 2939 Illyriorum
735 2884 961 2942 quaeque
995 2864 1271 2922 Thracum
1301 2865 1376 2922 est
1410 2864 1630 2922 obtecha

4 2936 431 3026 -effetinsepultis
450 2961 794 3006 mortuorum
813 2946 1151 3022 corporibus.
1195 2948 1415 3009 Morem
1449 2963 1631 3001 autem

907 3026 958 3083 C
976 3047 1004 3084 c
1431 3027 1635 3086 habue-
