1888 3428
192 114 643 180 GoT’rH1CAE
689 110 1108 172 Hui-orum
1158 117 1440 176 L1n.1V.
1519 135 1653 193 497,

36 205 234 277 ulerat,
269 207 410 262 viam
447 197 869 258 transmittendo
905 194 1063 254 militi
1093 199 1492 273 exploraturus.
1522 197 1640 253 Sed

55 286 169 344 bvii
199 284 343 343 forte
377 285 571 342 Heruli
602 279 868 340 Vsdrilam
902 279 1261 345 interimunt,
1292 284 1346 334 δε
1382 296 1541 357 caput
1574 279 1640 335 ab

54 372 239 427 omine
259 361 519 425 Romano
544 366 751 443 cogniti
778 357 1055 418 absciffum
1090 363 1146 415 in
1183 359 1344 415 castra
1376 379 1594 439 portant
1621 403 1636 427 ‚
1659 395 1665 399 -

74 449 425 528 onstrantque
474 445 705 507 Narseti.
764 440 1136 501 Confirmavit
1171 463 1232 497 ea
1271 462 1352 498 res
1384 445 1638 498 omnium

46 535 249 599 nimoS,
272 531 698 606 conJ'etPtantium
716 548 779 584 ex
800 546 867 583 eo
888 523 1308 603 quodzevenerat
1331 526 1526 579 iratum
1540 522 1641 581 effe

78 614 244 671 otthis
262 615 449 670 Deum
468 652 486 679 ,
519 613 612 690 qui
633 604 757 667 cum
776 610 1165 664 Romanorum
1184 606 1307 663 duci
1332 603 1644 662 insidiaren—

41 712 140 762 ur,
176 694 331 753 suum
351 694 445 774 ipfi
465 695 659 750 ducem
681 732 697 758 ‚
728 710 859 746 nece
896 710 1010 745 non
1043 687 1109 744 ab
1138 687 1288 745 hoste
1321 686 1516 745 strueta
1548 704 1641 743 aut

55 778 377 837 raemeditata
395 819 411 844 ‚
459 780 533 833 ita
577 788 798 851 repente
848 768 1148 828 amififfents
1195 768 1386 828 Narses
1409 811 1425 836 ‚
1463 790 1640 849 quan-

57 883 180 919 uam
203 859 424 940 praefidii
457 858 567 914 dux
586 853 819 913 Vsdrilas
839 854 1169 911 occubuerat
1189 892 1204 918 ,
1231 846 1466 912 'abduxit
1487 871 1645 908 exer-

45 949 205 1011 itum,
227 962 404 1022 neque
421 941 767 1003 Ariminum,
803 958 981 1015 neque
1002 936 1267 1015 oppidum
1290 935 1432 993 aliud
1451 953 1642 1014 aggre—

48 1027 310 1085 ivolens:
343 1044 409 1079 ne
433 1023 697 1101 temporis
729 1018 1068 1098 dispendium
1089 1016 1287 1076 faceret
1306 1059 1332 1090 ,v
1354 1021 1642 1080 &minora

27 1106 367 1182 ,onsetfftando
389 1125 634 1162 curarum
666 1106 930 1180 praecipua
964 1100 1062 1159 fibi
1090 1100 1284 1158 fineret
1322 1100 1481 1157 elabi.
1538 1098 1642 1156 Sed

47 1187 245 1249 raefeffl
265 1205 444 1245 morte
461 1186 806 1265 torpentibus
828 1183 1078 1242 hostibus
1095 1225 1112 1251 ‚
1150 1204 1324 1261 neque
1358 1186 1459 1239 iter
1477 1181 1641 1261 ipsius

17 1270 457 1352 ‘mpedientibus‚
477 1271 703 1345 impune
723 1288 939 1324 amnem
956 1283 1125 1343 ponte
1138 1268 1642 1342 junxit,tutumque

43 1357 309 1412 xercitum
329 1350 622 1410 transtulit..
658 1349 784 1407 inde
800 1346 986 1406 omissa
1006 1349 1268 1405 Flaminia
1285 1351 1401 1414 via,
1435 1347 1500 1404 ad
1519 1345 1640 1403 fini-

56 1458 168 1495 ram
186 1434 354 1494 flexit.
393 1435 540 1492 Nam
555 1437 772 1490 Petram
793 1429 1067 1489 Pertusam
1089 1472 1104 1493 ,
1134 1451 1247 1508 quo
1281 1429 1348 1488 de
1381 1432 1507 1487 loco
1535 1449 1642 1488 na·-

41 1541 136 1577 ura
153 1515 512 1577 munitiffimo
535 1516 714 1572 atffilm
735 1513 898 1571 nobis
928 1512 1090 1581 alibi,
1123 1514 1190 1569 ab
1225 1511 1641 1589 aliquammulto

39 1623 261 1682 empore
279 1598 593 1658 tenentibus
612 1595 842 1653 Gotthis
862 1635 879 1661 ‚
905 1596 1099 1653 cunBca
1113 1597 1381 1652 Flaminiae
1404 1596 1498 1651 viae
1515 1596 1645 1652 Ro-

12 1689 188 1744 manis
223 1686 362 1740 invia
396 1678 696 1758 infestaque
746 1697 915 1735 erant.
962 1699 1126 1757 quare
1174 1677 1363 1734 renero
1403 1675 1643 1736 breviori

11 1769 206 1826 itinere
225 1762 417 1824 Narses
436 1763 490 1821 id
509 1761 662 1841 quod
682 1760 897 1840 patebat
915 1763 1098 1840 elegit.
1139 1760 1209 1815 Et
1238 1758 1382 1815 hunc
1416 1758 1641 1837 quidem

11 1853 72 1909 in
89 1849 318 1907 modum
339 1842 696 1926 profe&ionis
716 1843 983 1900 Romanae
1010 1864 1092 1899 res
1115 1839 1164 1897 se
1181 1840 1472 1898 habebant.
1516 1843 1611 1896 To
1622 1873 1643 1888 α

16 1935 137 1990 tilas
160 1957 176 1997 ‘‚
218 1949 278 1988 ut
307 1952 368 1988 ea
385 1946 650 2008 cognorat
671 1948 789 2005 quae
815 1929 872 1983 in
906 1926 1149 1983 Venetiis
1169 1926 1284 1980 affra
1303 1943 1453 2000 erant
1473 1965 1489 1990 ‚
1522 1925 1644 1978 Te·-

10 2022 126 2073 ’1‘am
148 2055 164 2080 ,
201 2019 387 2093 &quae
418 2031 542 2069 cum
577 2031 645 2066 eo
683 2027 828 2075 erat,
861 2028 1085 2065 manum
1119 2005 1431 2084 exspeffims
1457 2007 1643 2061 vicinis

14 2099 151 2156 locis
169 2099 388 2153 interim
420 2091 628 2151 otiosus
649 2089 977 2148 morabatur.
1023 2090 1135 2146 Vbi
1164 2091 1248 2145 illa
1268 2109 1458 2148 manus
1479 2087 1645 2144 adve-

14 2183 100 2238 nit
120 2224 135 2244 ,
174 2178 370 2235 demtis
388 2175 607 2233 duobus
632 2173 868 2230 millibus
887 2195 1006 2251 quae
1027 2171 1359 2250 opperienda
1384 2192 1497 2227 non
1517 2191 1643 2226 cen-

18 2261 156 2330 suit,
188 2260 610 2333 conjumftojam
628 2258 843 2335 agmine
862 2254 1070 2311 incedit*
1090 2293 1106 2321 ,
1139 2252 1428 2309 fimulloca
1446 2252 1643 2310 idonea

17 2346 209 2402 nafius
241 2340 401 2409 effer,
432 2339 643 2397 hostem
670 2338 854 2415 praelio
895 2334 1250 2417 aggressurus,
1296 2336 1399 2391 Sed
1435 2338 1489 2391 in
1535 2333 1641 2390 hoc

18 2429 213 2484 itinere
238 2425 466 2482 edomitus
481 2441 719 2478 mortem
739 2418 955 2477 Vsdrilae
973 2460 988 2486 ‚
1022 2425 1076 2475 &
1097 2414 1491 2497 praetergrefl'os
1522 2420 1644 2474 Ari-

20 2512 236 2566 minum
253 2504 434 2563 hostes
452 2545 471 2570 ‚
502 2502 795 2560 Thusciam
825 2499 1072 2579 emensus
1092 2521 1317 2557 omnem
1337 2537 1353 2567 ,
1392 2500 1643 2576 Apennia

18 2578 159 2648 num
193 2608 441 2646 montem
479 2605 540 2643 ut
561 2588 775 2667 attigit,
810 2584 886 2641 ibi
915 2581 1031 2640 fixit
1047 2582 1259 2656 flastra,
1295 2587 1476 2638 vicum
1511 2601 1646 2657 pro-—

21 2691 142 2752 pter
156 2693 320 2750 quem
339 2673 396 2727 T
398 2672 579 2750 aginas
598 2669 866 2747 indigena:
901 2684 1117 2724 vocant.
1155 2666 1291 2721 Non
1316 2664 1491 2720 multo
1523 2660 1643 2740 post

0 2687 3 2820 i
25 2759 84 2811 &
102 2751 295 2811 Narses
312 2755 571 2811 Romano
591 2771 716 2806 curn
751 2752 987 2806 exercitu
1020 2747 1310 2806 adveniens
1326 2750 1383 2803 in
1403 2747 1650 2823 Apenni*

22 2856 104 2894 no
124 2836 318 2892 eodem
339 2833 498 2892 castra
516 2851 749 2890 metatur
768 2865 785 2899 ·,
806 2851 904 2888 nec
921 2833 1144 2910 longius
1163 2848 1385 2886 centum
1404 2825 1564 2885 stadia
1581 2823 1646 2877 ab

25 2916 267 2995 hostium
287 2915 494 2989 castris»,
525 2933 678 2995 ,aequa
701 2913 928 2998 ‘planitie
949 2953 964 2979 ‚
995 2912 1082 2971 sed
1119 2932 1283 2991 quam
1319 2909 1515 2968 tumuli
1549 2909 1654 2963 cii-⁶.

927 2997 979 3049 li
1496 3005 1653 3042 cum-

0 3113 2 3143 J
