1888 3428
244 181 327 252 78
549 175 947 230 PR.oc01³11
1001 169 1539 227 CAESAREENSIS

244 276 461 322 torem,
496 274 610 333 quo
632 257 711 310 uti
741 255 976 332 propitio
1010 250 1314 330 optan'dum
1334 250 1511 308 vobis.
1568 257 1674 309 Pro
1696 271 1844 312 certo
1879 313 1888 323 ,

243 336 438 416 habete
455 335 543 414 ‚fi
576 335 680 392 hoc
712 335 981 391 castellum
1005 335 1277 390 retentatis
1293 372 1310 397 ,
1341 352 1455 388 non
1473 332 1539 391 de
1560 355 1671 390 uno
1698 336 1846 413 Lily÷

244 418 367 477 bae'o
387 416 593 475 bellum
613 415 731 474 fore
751 415 838 474 sed
868 416 933 473 de
952 414 1210 472 omnibus
1227 435 1343 493 quae
1363 434 1477 470 non
1505 421 1621 490 jure
1653 415 1849 473 infide-

243 504 336 557 πίε.
368 502 519 557 Talis
536 520 646 557 erat
663 498 902 579 epistola,
921 520 1082 577 quam
1100 497 1291 554 lectam
1315 493 1520 555 Gotthi
1538 498 1603 557 ad
1621 517 1848 556 matrem

243 582 533 641 Atalarichi
551 603 674 640 cum
694 578 985 638 retuliffent
1001 620 1017 644 ,
1038 579 1104 636 ab
1122 601 1181 636 ea
1193 575 1315 655 juffi
1333 618 1349 646 ‚
1381 576 1523 636 hunc
1541 581 1596 636 in
1615 581 1848 637 modum

243 663 653 742 rescripserunt:
700 667 838 730 Quae
858 662 1020 719 nobis
1050 660 1286 740 scripsisti
1303 701 1321 727 ,
1365 664 1598 719 maxime
1614 660 1848 731 Belisari‚
1878 660 1882 664 ’

246 751 461 804 monita
480 787 497 814 ,
518 768 611 826 per
629 745 678 804 se
695 744 816 803 sunt
832 767 947 803 non
966 745 1103 801 mala
1119 784 1136 810 ‚
1170 742 1257 800 sed
1275 743 1339 800 ad
1359 744 1491 800 alios
1509 741 1848 823 quosvispo-

246 833 355 886 tius
386 851 550 909 quam
572 830 636 887 ad
670 826 920 884 Gotthos
938 830 1225 907 pertinent.
1268 824 1420 883 Nihil
1441 846 1543 883 nos
1571 824 1848 885 Iustiniani

244 932 426 969 rerum
448 910 799 990 poffid'emus.
838 910 998 966 Absit
1016 908 1178 966 nobis
1195 928 1254 964 ea
1271 905 1488 965 insania.
1517 908 1743 965 Siciliam
1753 914 1850 985 ju-

245 1014 303 1049 re
327 994 562 1052 nostram
594 994 840 1050 dicimus·
884 993 1016 1069 Ejus
1049 994 1368 1047 extimarum
1389 991 1622 1069 partium
1651 1012 1754 1048 una
1773 988 1848 1049 est

244 1076 470 1155 Lilybaei
506 1074 799 1133 castellum.
829 1073 981 1153 quod
1014 1071 1050 1129 fi
1072 1071 1481 1152 Theuderichus
1500 1113 1517 1140 ‚
1553 1093 1677 1129 cum
1696 1070 1850 1130 soro-e
1885 1091 1888 1093 ·

244 1177 360 1215 rem
376 1162 432 1215 in
452 1160 862 1215 matrimonium
883 1155 1110 1214 Vandali
1126 1156 1264 1234 regis
1291 1157 1578 1212 collocaret
1596 1195 1612 1222 ,
1650 1155 1852 1213 reditus

248 1262 317 1298 ex
338 1240 497 1317 hujus
515 1242 621 1296 loci
640 1256 877 1296 mercatu
894 1241 943 1294 ei
960 1241 1014 1293 in
1028 1236 1218 1292 dotem
1236 1237 1383 1294 dedit
1401 1276 1418 1303 ‚
1452 1235 1583 1315 nihil
1602 1236 1726 1294 inde
1746 1258 1853 1294 vo-

244 1323 332 1379 bis
346 1327 481 1398 juris
499 1319 722 1378 accessit.
770 1324 1015 1398 AEquum
1031 1314 1219 1376 feceris
1241 1358 1258 1386 ,
1290 1317 1327 1375 fi
1346 1339 1536 1375 eorum
1557 1337 1673 1397 quae
1692 1317 1853 1378 vobis

176 1421 182 1423 ’
245 1404 662 1461 contradicimus
683 1397 1122 1481 disceptationem
1142 1421 1255 1457 non
1276 1418 1336 1457 ut
1352 1397 1519 1457 hostis
1551 1439 1569 1464 ,
1614 1397 1701 1458 sed
1723 1418 1780 1458 ut
1800 1424 1854 1459 a·

245 1491 419 1543 micus
434 1485 737 1563 susceperis.
770 1486 1099 1542 Amicorum
1120 1482 1194 1540 est
1214 1483 1444 1540 arbitriis
1463 1524 1479 1551 ,
1510 1480 1852 1541 hostium-ar-

245 1572 349 1626 mis
367 1590 543 1648 agere.
592 1570 716 1625 Nos
739 1567 1030 1624 Iustiniano
1047 1568 1364 1642 Imperatori
1383 1567 1747 1642 permittimus
1769 1585 1850 1635 ut,

247 1652 399 1730 quod
418 1670 634 1728 aequum
659 1647 753 1727 ipfi
788 1646 1059 1721 &justum
1079 1646 1623 1721 videbitur‚judicet.
1658 1648 1851 1726 Roga-

247 1753 370 1789 mus
391 1735 605 1809 optima
636 1735 687 1787 ei
723 1748 784 1787 ut
800 1729 1040 1786 consulas
1067 1771 1084 1797 ‚
1123 1746 1217 1785 aut
1237 1747 1379 1785 certe
1416 1747 1477 1785 ut
1505 1733 1851 1805 Imperatoris

246 1812 563 1871 sententiam
582 1834 744 1893 quam
772 1810 1010 1869 citiffime
1028 1808 1432 1890 cognoscamus·
1494 1815 1543 1866 Is
1563 1828 1722 1867 tenor
1741 1830 1851 1869 erat

247 1898 519 1954 literarum
543 1936 560 1963 ‚
595 1916 726 1974 quas
744 1890 1048 1974 scripserant
1077 1893 1303 1950 Gotthi.
1346 1893 1545 1972 quibus
1563 1894 1713 1950 lectis
1732 1901 1852 1951 rem'

245 1976 523 2035 Belisarius
540 1979 604 2035 ad
623 1984 1005 2055 Imperatorem
1023 1979 1222 2049 rejecit,
1241 1980 1618 2055 continuitque
1636 1972 1687 2031 se
1706 2016 1724 2042 ,
1746 1972 1850 2032 do·-

247 2081 367 2127 nec‚
386 2080 503 2139 quae
519 2063 564 2117 ei
585 2062 790 2138 placita,
807 2057 1040 2116 disceret.
1063 2063 1141 2115 At
1157 2058 1350 2115 Pharas
1365 2057 1849 2136 hybernaobfidio-

248 2162 318 2198 ne
334 2140 492 2199 feffus
511 2184 528 2212 ‚
564 2164 663 2199 nec
683 2141 826 2221 spem
858 2142 1046 2200 videns
1074 2142 1322 2198 eliciendi
1343 2139 1407 2198 ad
1434 2143 1671 2218 praelium
1691 2141 1851 2197 Mau=

247 2245 339 2281 ros
357 2263 373 2290 ,
393 2244 594 2305 magno
616 2231 798 2281 animo
820 2230 1061 2302 Papuam«
1075 2244 1221 2303 parat
1239 2223 1571 2280 adscendere.
1606 2223 1745 2279 bene
1765 2243 1849 2279 ar-.—

248 2310 406 2381 matis
423 2316 515 2386 qui
534 2306 902 2386 sequerentur,
919 2310 977 2364 in
996 2307 1221 2386 superna
1238 2308 1461 2363 molitur
1479 2304 1722 2385 gradum.
1760 2303 1849 2362 sed

248 2391 660 2467 opponentibus
676 2387 724 2447 se
745 2391 949 2446 Mauris
968 2431 987 2457 ,
1030 2410 1169 2469 quos
1196 2388 1421 2464 juvabat
1446 2389 1572 2445 loci.
1593 2407 1847 2464 praecepS,

246 2467 413 2528 facilis
446 2477 501 2528 in
535 2478 800 2529 enitentes
819 2493 994 2529 noxa..
1017 2476 1142 2529 cum
1158 2471 1353 2527 Pharas
1378 2472 1428 2529 vi
1447 2487 1635 2526 contra
1652 2470 1843 2525 tende-

245 2573 328 2610 ret
347 2595 364 2621 ‚
384 2574 602 2611 centum
621 2564 672 2612 Sc
693 2556 876 2614 decem
896 2554 1118 2612 suorum
1137 2552 1337 2611 amisit:
1378 2548 1483 2631 ipse
1507 2572 1629 2607 cum
1646 2553 1849 2609 caeteris

247 2635 482 2715 repulsus
497 2676 513 2703 ‚
535 2643 731 2717 recepit
750 2635 798 2694 se
814 2679 830 2705 ‚
864 2655 1041 2716 neque
1061 2658 1125 2694 ex
1143 2658 1211 2693 eo
1231 2676 1245 2697 ,
1266 2654 1452 2700 natura
1470 2635 1720 2689 locorum
1740 2631 1849 2689 ob·-

245 2715 415 2776 stante
432 2760 448 2785 ‚
487 2717 790 2776 adscensum
810 2724 1055 2777 tentavit.
1088 2718 1174 2776 sed
1192 2717 1400 2774 acribus
1418 2716 1671 2773 custodiis
1694 2712 1849 2793 sepsit

243 2820 496 2862 montem
512 2842 526 2866 ‚
568 2801 779 2880 sperans
808 2799 948 2859 fame
986 2806 1285 2879 exprimere>
1316 2799 1647 2856 deditionem
1669 2819 1684 2854 ε
1741 2802 1850 2853 Ita—

245 2905 353 2963 que
373 2906 471 2942 nec
492 2882 680 2965 fugere
713 2884 837 2940 inde
855 2906 1168 2963 quenquam
1188 2924 1206 2952 ‚
1238 2903 1336 2939 nec
1355 2886 1643 2960 quicquam
1663 2901 1730 2937 eo
1748 2883 1853 2935 im-'
1879 2913 1882 2914 ν

238 2972 450 3046 ἼΡοῐιῑεῐῑί
464 2965 604 3031 srvit.
644 2967 773 3028 Inde
788 2965 1054 3028 Gelimeri
1071 3008 1090 3039 ,
1116 2964 1452 3045 fratrumque
1469 2965 1661 3034 liberis*
1678 2983 1736 3019 ac
1754 2980 1848 3038 pa·-

1700 3060 1850 3102 true*
