1888 3428
236 175 662 237 GoTTHICAE
701 179 944 237 HISTo
966 199 1106 239 1³1AE
1146 187 1294 243 L113.
1326 192 1369 243 Ι.
1446 189 1450 192 ”
1514 209 1625 267 197

23 258 95 312 tis
113 255 341 335 gloriam
362 278 618 337 reportat.
658 262 884 318 alterum
906 283 968 319 ex
987 263 1066 319 his
1081 281 1134 321 te
1153 265 1257 323 huc
1276 271 1386 346 egit
1405 310 1420 335 ,
1440 287 1627 328 utrum

25 357 156 394 vero
170 343 279 414 jam
293 338 452 398 rebus
473 342 740 400 ostendes.
784 348 834 401 Si
857 341 1176 403 fortitudine
1194 345 1364 405 fretus
1399 352 1626 410 Gotthis

26 440 170 477 arma
187 421 403 496 intulisti
425 468 438 488 ,
462 424 608 481 vides
625 423 690 480 de
711 430 877 482 muris
895 447 1086 483 eorum
1108 434 1432 488 exercitum:
1455 437 1628 491 virtu-

26 518 140 559 tem
173 503 569 562 demonstrandi
591 506 804 564 abunde
839 508 916 565 ibi
937 514 1090 587 copia
1109 510 1198 568 est.
1244 511 1320 569 fin
1339 520 1626 572 temerario

25 602 207 661 raptus
241 587 445 663 impetu
470 590 523 642 in
546 603 645 644 nos
661 587 849 645 irruisti
868 635 882 654 ,
919 590 1150 669 superest
1177 611 1235 650 ut
1255 613 1308 651 te
1338 597 1630 676 improvidi

23 663 176 722 ausus
194 672 470 744 poeniteat.
510 668 828 728 Praeferoces
862 676 1004 729 enim
1025 679 1223 744 animi,
1257 676 1360 734 ubi.
1384 681 1438 735 in
1459 677 1635 736 discri-

24 766 152 803 men
175 767 256 804 res
274 752 417 806 venit
435 791 451 817 ,
474 756 669 818 mutari
688 751 878 811 solent.
922 757 1056 812 Noli
1078 761 1245 838 igitur
1266 762 1397 817 ultra
1416 763 1632 819 Roma-

23 830 106 884 nis
125 830 385 906 prolatare
405 831 634 891 miserias
652 875 667 900 ,
688 857 829 914 quos
845 836 1256 897 Theuderichus
1281 841 1633 903 &liberaliter

24 910 332 969 &molliter
348 912 566 975 habuit:
601 917 713 973 noli
735 918 1081 977 Gotthorum
1117 924 1491 1005 Italorumque
1525 926 1633 985 do-

24 994 178 1048 mino
207 1010 261 1049 te
280 1015 578 1073 opponere.
620 1001 826 1056 Nonne
861 1005 1003 1059 enirn
1025 1002 1051 1060 a
1075 1007 1282 1063 ratione
1315 1007 1599 1067 abhorreat
1618 1050 1637 1077 ‚
1718 1073 1725 1077 ,

24 1089 79 1130 te
98 1076 444 1134 itainclusum
464 1120 481 1146 ,
498 1079 781 1161 hostesque
807 1088 1117 1143 exterritum
1140 1129 1155 1154 ‚
1194 1091 1387 1148 Romae
1420 1089 1597 1149 sedere
1616 1133 1635 1160 ‚

22 1175 207 1235 regem
229 1176 406 1215 autem
424 1159 620 1218 horum
641 1165 888 1221 locorum
912 1172 1034 1246 cogi
1068 1173 1121 1225 in
1156 1169 1330 1228 castris
1362 1176 1635 1231 viventem

23 1235 266 1295 subditos
280 1239 404 1298 suos
424 1241 625 1300 afficere
645 1245 765 1303 belli
785 1251 931 1304 malis
954 1255 974 1306 ?
993 1252 1114 1306 Nos
1131 1252 1229 1308 tibi
1253 1259 1303 1308 &
1324 1258 1431 1310 tuis
1449 1259 1637 1312 omni-

24 1317 129 1375 bus
144 1319 407 1391 abeundi,
443 1323 478 1379 fi
498 1327 655 1382 vultis
671 1368 686 1393 ‚
703 1327 1021 1391 ‚libertatem
1042 1331 1288 1390 dabimus
1305 1376 1321 1401 ‚
1361 1336 1519 1392 rebus
1547 1359 1637 1394 ve-

23 1398 141 1457 stris
158 1400 329 1460 salvis·
372 1406 515 1462 Nam
531 1406 778 1466 insultare
798 1411 860 1467 ad
879 1409 1082 1469 bonam
1100 1435 1337 1473 mentem
1362 1418 1639 1477 redeunti-

24 1479 129 1539 bus
149 1506 325 1564 neque
344 1484 420 1543 fas
438 1504 613 1566 neque
632 1489 933 1550 humanitas
953 1494 1089 1552 sinit.
1118 1499 1375 1556 vellemus
1395 1520 1454 1556 ut
1475 1523 1536 1557 ex
1556 1501 1637 1558 his

35 1566 306 1624 Romanis
324 1573 652 1646 percuanffri
670 1615 684 1636 ,
706 1595 836 1652 quas
856 1576 919 1632 de
941 1578 1169 1634 Gotthis
1186 1582 1447 1657 querendi
1462 1583 1638 1639 causas

26 1644 262 1705 habeant
279 1652 427 1727 quod
449 1673 543 1707 eos
574 1651 731 1731 seque
751 1660 944 1732 pariter
963 1659 1313 1734 prodiderint.
1361 1666 1453 1740 qui
1486 1684 1639 1722 antea

25 1728 247 1806 quidem
285 1731 675 1811 benignitatem
712 1742 916 1814 experti
952 1738 1185 1798 nostram
1204 1782 1218 1807 ‚
1248 1748 1358 1819 jam
1391 1766 1507 1823 quae
1544 1769 1640 1805 ve-

24 1810 129 1868 stra
159 1810 260 1869 sint
289 1817 480 1870 auxilia
508 1820 840 1893 experiundo
879 1819 1105 1879 discunt.
1162 1827 1424 1883 Dixerant
1457 1831 1636 1908 legati.

25 1892 119 1950 Ad
136 1915 195 1950 ea
210 1893 515 1953 Belisarius:
555 1901 837 1978 Pugnandi
873 1920 1088 1982 ternpus
1121 1904 1149 1962 ὲ
1182 1906 1336 1965 vobis
1356 1930 1467 1966 non
1490 1929 1640 1988 pete-

25 1996 165 2032 mus.
210 1999 386 2056 neque
403 1982 548 2036 enim
581 2002 703 2038 mos
720 1982 793 2039 est
813 1981 1010 2043 bellum
1029 2009 1212 2067 gerere
1232 2012 1294 2062 ex
1326 1989 1491 2049 hostis
1520 1993 1640 2049 sen-

24 2059 221 2117 tentia:
270 2058 358 2117 sed
384 2059 474 2118 sua
507 2062 730 2141 quisque
763 2065 1043 2144 disponere
1093 2069 1226 2128 solet
1278 2076 1641 2151 quemadmo-

29 2139 160 2197 dum
195 2136 290 2198 suo
312 2164 374 2199 ex
415 2142 509 2200 usu
546 2145 828 2204 existimat.
871 2151 1120 2230 Tempus
1155 2151 1311 2210 vobis
1345 2175 1640 2216 venturum

27 2219 272 2301 spondeo
288 2265 305 2293 ‚
337 2246 460 2282 cum
477 2224 636 2304 spinis
659 2229 827 2306 capita
846 2229 1105 2313 obtegere
1122 2236 1430 2295 volentibus
1449 2239 1502 2297 id
1523 2262 1638 2298 non

27 2302 259 2363 dabitur.
317 2328 441 2365 cum
488 2310 727 2366 Romam
765 2315 1006 2392 cepimus
1057 2314 1187 2373 nihil
1224 2324 1463 2396 cepimus
1488 2327 1641 2381 'alie-

2 2431 5 2436 ‚
28 2406 161 2444 num
204 2389 306 2446 Sed
323 2411 422 2447 vos
442 2389 705 2449 invasores
740 2395 876 2451 olim
898 2397 960 2454 ad
978 2419 1074 2454 vos
1095 2399 1228 2456 nihil
1248 2406 1639 2478 pertinentium

27 2487 172 2526 nunc
198 2470 353 2546 justis
386 2471 623 2531 dominis
651 2497 710 2531 ea
742 2476 956 2535 reddere
994 2482 1364 2557 repetentibus
1386 2484 1642 2544 abnuitis·

17 2552 108 2608 ·At
141 2552 379 2632 quisquis
413 2554 646 2613 vestrum
684 2559 923 2617 Romam
958 2563 1169 2642 adipisci
1197 2562 1367 2644 sperat
1402 2567 1508 2624 sine
1528 2568 1641 2626 san-

27 2635 194 2712 guine
217 2675 232 2696 ‚
255 2638 487 2693 multum
508 2643 690 2696 animo
708 2637 917 2699 fallitur.
962 2647 1200 2702 Tantam
1220 2668 1332 2705 rem
1364 2649 1639 2709 Belisarius

28 2716 181 2772 vivus
229 2717 451 2795 quidem
505 2742 620 2777 non
651 2725 877 2781 amittet.
933 2724 1162 2803 Belisarii
1197 2729 1316 2786 talis
1365 2728 1469 2790 fuit
1514 2755 1640 2791 ora-

27 2797 129 2851 tio.
170 2799 248 2854 At
277 2801 518 2859 Romani
548 2823 693 2861 metu
713 2803 872 2862 defixi
909 2806 1054 2865 vasto
1087 2831 1211 2865 cum
1246 2810 1457 2871 filentio
1492 2814 1640 2872 sede—

28 2873 182 2944 bant,
201 2879 330 2938 nihil
349 2881 454 2940 ausi
478 2884 794 2964 respondere
829 2893 1017 2967 legatis
1037 2931 1053 2957 ‚
1090 2896 1337 2970 quamvis
1379 2895 1452 2951 ob
1471 2895 1641 2952 deser-
1670 2927 1675 2931 1

31 2973 122 3042 gos
138 2959 384 3022 Gotthos
401 2968 650 3046 gravibus
684 2968 894 3048 probris
914 2976 1329 3049 impeterentur:
1373 2977 1467 3039 nifi
1487 2975 1642 3055 quod

8 3062 18 3070 ’
898 3054 953 3110 N
1004 3076 1031 3129 3,
1527 3065 1650 3137 jur-z
