1888 3428
219 178 340 236 444
537 159 922 216 Pssocopu
986 154 1529 220 cffisanssnusrs

217 246 370 317 cujus
388 239 530 298 nulla
548 237 621 298 est
636 237 763 322 fuga
782 243 992 298 veniam
1010 237 1174 296 habet
1196 242 1478 300 comitem.
1519 240 1709 308 Nolite
1726 241 1828 324 igi-

216 339 306 380 tur
324 324 379 379 in
400 319 690 401 conspicuo
709 325 948 401 periculo
969 325 1259 379 temeritati
1280 324 1491 382 credere
1509 368 1525 390 ,
1562 326 1732 382 nolite
1747 325 1828 383 sa·-

217 404 319 462 luti
351 403 667 477 antehabere
689 405 1022 482 jactantiam.
1068 405 1331 484 Cogitate
1365 424 1619 464 mortuos
1650 410 1707 464 in
1743 412 1828 466 vi-

217 503 330 544 tam
347 485 484 543 hanc
513 506 626 543 non
645 484 846 544 restitui
877 509 890 542 :
927 489 1061 545 vivis
1080 489 1240 544 etiam
1276 485 1402 565 post
1429 484 1830 567 ternpusTutu-

217 588 339 626 rum
356 572 549 626 mortis
571 566 945 628 consciscendae·
966 566 988 636 ,‘
1004 566 1041 624 fi
1059 568 1112 626 id
1130 569 1320 625 melius
1331 570 1618 646 judicetur.
1659 575 1724 627 In
1745 574 1832 629 ul·-

218 653 352 708 tima
375 650 474 707 hac
510 649 896 710 deliberatione
931 649 1061 729 quid
1097 652 1340 730 expediat
1374 651 1857 732 circumspectam,¹

218 753 492 790 memores
528 754 588 789 ea
617 729 963 789 consiliorum
984 720 1310 811 effeoptima
1340 754 1457 814 quae
1488 742 1542 792 &
1566 738 1831 814 paeniten-
1886 786 1888 789 ,

218 817 305 872 tiae
325 813 551 894 spatium
574 815 904 892 relinquunt.
948 812 1159 873 miseret
1181 837 1286 873 nos
1307 816 1491 882 vestri,
1521 838 1663 896 quos
1679 816 1832 876 vide-

219 917 345 956 mus
378 900 581 956 cervice
610 892 854 953 concussa
882 901 1080 977 jugum
1100 892 1438 977 exasperare,
1468 901 1523 956 in
1545 899 1831 957 novissima

217 998 373 1036 ruere
397 1020 411 1045 2
442 982 563 1037 vitae
585 999 781 1035 munus
800 978 1017 1036 delicate
1038 977 1264 1037 fastidire
1285 1004 1298 1037 ε
1332 980 1443 1041 haec
1463 981 1623 1045 nobis
1639 1000 1833 1063 utpote

220 1059 537 1118 Christianis
557 1068 608 1117 &
626 1062 890 1117 Romanis
912 1061 1113 1118 dolent.
1156 1061 1308 1123 Nihil
1337 1055 1541 1121 avobi'iz
1557 1067 1832 1131 volutum,

219 1140 319 1200 nifi
341 1160 399 1199 ut
417 1141 612 1199 statum
633 1141 865 1199 vestrum
886 1146 1104 1200 mutetis
1119 1146 1171 1200 in
1189 1145 1380 1202 melius
1395 1187 1411 1209 ,
1449 1144 1834 1210 lastinianum-

220 1245 329 1302 que
358 1225 647 1280 dominum
668 1223 906 1280 habeatis
925 1246 1023 1303 pro
1046 1224 1315 1283 Chosroe.
1356 1231 1414 1282 in
1432 1226 1536 1283 hoc
1556 1226 1719 1285 fidem
1739 1228 1835 1286 da-

219 1325 278 1363 re
310 1312 364 1362 &
395 1309 628 1384 accipere
652 1308 818 1383 parati
846 1303 1047 1366 sumUS.
1095 1309 1221 1365 esim
1252 1306 1441 1365 servari
1477 1309 1632 1366 vobis
1661 1311 1834 1378 liceat,

220 1407 292 1445 ne
325 1385 736 1465 vobismetipsos
769 1389 996 1467 perdite.
1035 1390 1168 1469 quid
1192 1388 1456 1454 infelicius
1484 1413 1648 1470 quam
1681 1393 1834 1450 nullo

219 1489 348 1526 cum
364 1469 518 1528 bono
540 1469 793 1540 inhaerere
815 1471 965 1528 malis
979 1512 996 1539 ‚
1012 1492 1249 1551 quorum
1272 1490 1448 1552 pateat
1464 1477 1637 1541 exitus
1655 1482 1679 1532 ?
1695 1477 1835 1533 Non

217 1550 329 1610 hoc
344 1554 510 1610 virtus
528 1551 635 1620 est,
670 1550 759 1610 sed
794 1556 915 1611 vitae
944 1556 1300 1632 impatientia.
1344 1556 1732 1634 Magnanimus
1751 1557 1837 1614 di-

223 1653 404 1701 catur,
438 1636 535 1714 qui
552 1633 681 1691 dura
698 1632 899 1712 perfert
920 1637 1095 1716 aliqua
1114 1635 1383 1716 proposita
1408 1639 1653 1710 utilitate.
1698 1640 1835 1699 Non

219 1715 438 1774 laudant
468 1715 719 1773 homines
749 1733 985 1773 mortem
1009 1716 1199 1796 sponte
1220 1718 1490 1797 quaesitam
1511 1761 1530 1788 ,
1573 1721 1859 1799 quamdiu.

223 1794 488 1872 ejusmodi
518 1795 637 1854 sunt
669 1799 898 1876 pericula
918 1839 938 1866 ‚
986 1821 1103 1877 quae
1134 1799 1279 1878 spem
1315 1822 1429 1858 non
1462 1822 1689 1873 omnem
1719 1803 1836 1860 adi-

223 1896 405 1938 munt.
445 1881 629 1937 Vitam
650 1879 1001 1958 abrumpere,
1037 1883 1189 1938 nullo
1223 1884 1416 1940 mortis
1445 1882 1569 1952 usu,
1603 1906 1834 1964 praeceps

224 1963 459 2018 amentia
486 1960 579 2017 est.
618 1981 752 2018 caeca
781 1960 1023 2021 adversus
1058 1982 1293 2021 mortem
1330 1962 1567 2033 ferocia,
1611 1970 1830 2034 inanem
1886 1996 1888 1999 ⁴

224 2043 494 2120 quandam
513 2039 674 2100 habet
693 2040 850 2100 fortis
868 2047 1032 2101 animi
1051 2043 1276 2123 speciem
1300 2086 1317 2113 ‚
1357 2046 1385 2103 ὲ
1409 2044 1736 2125 sapientibus
1753 2052 1835 2106 in·

224 2124 478 2202 fipientiae
497 2123 727 2181 ducitur.
769 2126 900 2182 Hoc
918 2148 1142 2204 quoque
1161 2148 1340 2184 curare
1359 2150 1460 2185 vos
1485 2151 1729 2209 aequum,
1763 2152 1833 2190 ne

223 2209 282 2264 in
309 2209 495 2263 Deum
515 2207 710 2286 ingrati
740 2204 876 2272 fitis„
908 2211 994 2265 cui
1016 2207 1052 2264 si
1084 2209 1234 2266 cordi
1266 2207 1441 2269 fuiffet
1475 2231 1572 2269 vos
1592 2214 1831 2290 perdere,

222 2309 341 2347 non
357 2327 373 2354 ,
395 2287 556 2344 credo
574 2331 587 2352 ,
614 2309 712 2345 vos
730 2290 785 2345 in
806 2310 996 2346 manus
1015 2289 1304 2350 tradidisset
1324 2295 1503 2351 vitam.
1547 2296 1707 2353 vobis
1724 2293 1833 2353 ser-

223 2390 347 2428 vare
382 2372 733 2447 cupientium.
775 2392 887 2450 quo
922 2374 1045 2429 loco
1081 2394 1162 2430 res
1199 2373 1376 2431 vestrae
1407 2374 1541 2443 sint,
1575 2398 1680 2457 ego
1700 2377 1828 2435 dixi.

223 2450 461 2509 vestrum
487 2456 599 2526 jam
633 2455 732 2509 erit
752 2452 1076 2512 constituere
1105 2496 1121 2521 ‚
1159 2476 1227 2512 an
1250 2455 1831 2536 vobisipsisjudicibus

222 2536 333 2591 vita
351 2532 455 2591 fitis
475 2533 702 2612 indigni.
745 2536 940 2611 Talem
962 2537 1146 2594 militis
1168 2540 1471 2595 orationem
1494 2538 1657 2597 Persae
1677 2562 1832 2599 aver-

221 2612 353 2682 sati,
387 2636 454 2673 ne
486 2612 677 2673 audisse
713 2616 934 2693 quidem
969 2617 1301 2682 simulabant.
1341 2622 1494 2678 Turn
1521 2622 1661 2698 jussu
1679 2624 1830 2681 ducis

213 2695 616 2757 Romanifaces
647 2701 752 2755 arci
784 2700 1046 2773 injecere,
1077 2700 1338 2778 sperantes
1366 2702 1471 2761 hoc
1487 2702 1669 2768 saltem
1687 2707 1829 2763 malo

223 2780 443 2836 maestos
476 2777 655 2836 hostes
689 2801 917 2860 corpora
944 2779 1031 2842 sua
1063 2783 1359 2841 dedituros.
1405 2792 1515 2860 Iam
1542 2785 1830 2867 spargeba-

223 2878 313 2917 tur
338 2860 647 2918 incendium
666 2904 679 2926 ,
721 2863 870 2942 quod
891 2884 1014 2921 cum
1035 2884 1312 2925 cernerent
1343 2865 1506 2927 Persae
1526 2909 1543 2936 ,
1572 2868 1833 2947 praevide*

223 2959 454 3024 temque
472 2940 716 3003 futurum
732 2984 751 3015 ,
773 2962 831 3003 ut
849 2943 998 3007 brevi
1018 2948 1070 3005 in
1091 2950 1325 3025 cinerem
1348 2967 1702 3017 verterentur,
1717 2951 1833 3007 nul->-

1680 3033 1729 3090 la
1747 3029 1833 3111 spe
