1888 3428
474 164 521 221 E
600 183 635 219 L
714 182 750 217 o
832 182 871 216 G
949 179 971 216 1
1050 186 1105 218 A.
1300 172 1303 175 '
1461 162 1492 220 8
1509 182 1530 220 1
1596 147 1611 162 ⁶

39 240 223 315 (ἔκηε,
245 246 445 324 plena8‚
466 246 766 310 inviolatas,
787 245 1023 321 integras
1043 240 1323 303 habemus,
1340 248 1432 321 qui
1452 247 1536 302 vel

35 332 92 386 in
112 328 266 386 fonte
281 325 376 384 suo
413 326 652 383 bibimus
673 366 689 392 ,
722 326 806 383 vel
824 322 965 393 certe¹
984 324 1048 381 de
1080 324 1358 400 purissimo
1379 323 1532 382 fonte

34 408 243 471 haustas
279 430 371 488 per
404 407 756 465 ministerium
788 427 929 484 purae
962 404 1317 463 transsationis
1355 404 1532 461 hanri-

31 512 174 565 mus.
198 513 301 549 nos
319 489 703 548 tantummodo
721 488 859 545 bene
879 490 1297 566 legimus:atque
1320 492 1527 544 utinam

29 594 196 652 quam
215 573 353 630 bene
370 574 756 653 legimus‘,tam
780 569 920 627 bene
940 570 1373 649 adimpleremus.
1426 569 1530 625 Sed

26 675 225 714 ‘vereor
242 696 258 723 ‚
297 656 447 734 quod
467 656 691 732 quinon
712 652 850 709 bene
870 649 1249 718 observamuS,¹
1273 674 1368 709 nec
1390 650 1529 708 bene

26 736 358 798 leffitemus:
380 738 504 815 quia
524 738 703 792 minor
720 752 896 791 reatus
914 731 987 790 est
1007 732 1182 791 sancita
1199 756 1311 791 non
1331 737 1526 814 legere,

23 835 189 895 quam
225 819 358 875 led-‘ta
405 819 621 875 violare.
673 834 870 873 caeterae
905 818 1109 895 quippe
1149 820 1397 873 nationes
1434 835 1526 872 aut

20 919 135 956 non
154 898 351 957 habent
367 898 543 979 legem
563 900 670 956 Dei
691 939 707 965 ,
725 918 816 954 aut
834 897 1070 955 debilem
1093 905 1144 955 ὅ(
1163 899 1524 956 convulnera-

22 997 135 1038 tam
153 981 351 1039 habent
368 1024 383 1046 ,
405 1000 496 1039 aut
514 1001 608 1061 per
628 981 733 1037 hoc
754 1021 768 1042 ‚
802 999 861 1038 ut
880 980 1111 1037 diximus
1135 1020 1150 1045 ‚
1184 1003 1298 1037 non
1319 980 1520 1045 habent

20 1067 149 1143 quia
166 1063 232 1121 fic
246 1062 445 1121 habent
470 1087 484 1120 ε
515 1084 639 1120 nam
669 1069 722 1120 δε
743 1062 779 1119 si
799 1065 890 1142 qui
910 1066 1157 1142 gentium
1175 1062 1517 1120 barbararum

15 1146 171 1213 sunt,
203 1149 295 1226 qui
314 1149 368 1202 in
399 1146 546 1203 libris
563 1144 666 1204 suis
687 1149 864 1202 minus
888 1145 1170 1202 videantur
1205 1144 1516 1223 scripturam

15 1227 213 1285 sacram
247 1231 623 1307 interpolatam
644 1227 840 1286 habere
862 1229 945 1285 vel
965 1228 1245 1290 laceratam
1267 1269 1282 1295 ‚
1317 1226 1518 1284 habent

19 1325 203 1367 tamen
223 1329 463 1368 veterum
481 1309 861 1389 magistrorum
881 1310 1166 1367 traditione
1187 1329 1515 1387 corruptam,

19 1412 84 1448 ac
101 1413 196 1471 per
211 1391 316 1449 hoc
336 1391 684 1449 traditionem
706 1394 890 1469 potius
907 1412 1072 1471 quam
1090 1389 1396 1471 scripturam
1416 1391 1515 1448 ha-

16 1471 150 1530 bent
167 1514 185 1542 ‚
210 1476 332 1551 quia
349 1472 454 1530 hoc
473 1469 587 1530 non
616 1478 850 1531 retinent
866 1474 1016 1551 quod
1033 1477 1222 1531 veritas
1240 1476 1373 1552 legis
1391 1472 1511 1531 sua-

13 1555 108 1612 det
124 1595 140 1619 ,
182 1551 271 1612 sed
306 1554 459 1631 quod
487 1558 715 1632 pravitas
745 1555 896 1610 malae
940 1556 1240 1611 traditionis
1269 1554 1508 1612 inseruit.
1590 1604 1597 1605 ff

61 1630 229 1694 arbari
249 1638 449 1715 quippe
468 1633 718 1692 homines
737 1635 1002 1692 Romanae
1023 1679 1038 1700 ‚
1062 1638 1177 1691 imo
1197 1638 1380 1713 potius
1400 1635 1505 1693 hu-

74 1739 181 1778 anae
199 1715 518 1775 eruditionis
536 1720 896 1794 experte5‚qui
912 1715 1042 1775 nihil
1058 1722 1290 1775 omnino
1310 1717 1501 1785 sciunt,

51 1799 106 1857 ifi
127 1799 275 1877 quod
293 1797 321 1855 a
338 1798 659 1856 doctoribus
685 1796 789 1855 suis
806 1799 1032 1856 audiunt
1051 1838 1067 1864 ‚
1104 1799 1256 1879 quod
1277 1800 1503 1857 audiunt

48 1903 114 1939 oc
130 1881 436 1961 sequuntur.
484 1901 544 1938 ac
563 1879 631 1937 fic
655 1876 853 1937 neceffe
875 1880 949 1938 est
969 1902 1063 1939 eos
1084 1923 1101 1950 ,
1123 1886 1225 1960 qui
1247 1887 1416 1939 totius
1435 1884 1500 1938 li-

33 1982 246 2022 eraturae
282 1984 339 2020 ac
356 1961 580 2022 scientiae
600 1967 769 2042 ignari
788 1961 1173 2022 sacramentum
1207 1965 1398 2022 divinae
1419 1968 1499 2021 le-

45 2049 88 2103 is
103 2046 345 2104 doo‘trina
363 2048 534 2126 magis
553 2067 716 2124 quarn
736 2045 970 2103 lectione
993 2045 1332 2126 cognoscunt
1354 2088 1368 2112 ‚
1390 2047 1497 2103 do—

62 2130 230 2185 rinam
245 2130 428 2206 potius
446 2131 672 2185 retinere
691 2148 854 2206 quam
876 2132 1073 2207 legem.
1095 2131 1276 2207 itaque
1296 2132 1370 2185 eis
1390 2147 1496 2185 tra«

42 2210 138 2267 itio
166 2207 547 2290 magistrorum
582 2211 802 2267 suorum
837 2217 891 2268 &
927 2211 1174 2267 doetrina
1204 2215 1496 2269 inveterata

13 2290 146 2372 quafi
165 2293 248 2350 lex
267 2290 341 2350 est
361 2332 376 2353 ‚
398 2290 612 2371 qui‘hoc
631 2289 801 2349 sciunt
819 2334 834 2360 ‚
854 2291 1006 2371 quod
1031 2293 1321 2351 docentur.
1358 2294 1492 2350 Hae.-

30 2377 148 2432 etici
165 2396 295 2456 ergo
313 2372 454 2441 sunt,
473 2373 558 2432 sed
578 2395 692 2431 non
709 2372 950 2432 scientes.
973 2374 1208 2454 denique
1227 2375 1368 2452 apud
1388 2397 1491 2431 nos

26 2473 119 2514 unt
136 2455 398 2518 baeretici:
431 2457 571 2536 apud
588 2454 637 2513 se
657 2478 770 2513 non
789 2455 929 2514 sunt.
972 2478 1096 2514 nam
1125 2462 1179 2514 in
1204 2476 1415 2514 tantum
1438 2455 1489 2514 se

57 2536 312 2610 atholicos
346 2537 446 2597 effe
476 2539 716 2612 judicant
735 2579 751 2606 ‚
786 2558 843 2596 ut
863 2560 964 2596 nos
983 2538 1123 2619 ipsos
1140 2543 1300 2597 titulo
1319 2538 1491 2597 haere-

23 2622 114 2679 icae
142 2622 510 2701 appellationis
536 2619 816 2679 infament.
864 2624 1035 2701 Quod
1070 2642 1201 2702 ergo
1234 2623 1306 2680 illi
1326 2620 1488 2679 nobis

13 2698 117 2759 lint
135 2745 151 2768 ,
187 2709 241 2761 &
269 2702 373 2760 hoc
392 2725 494 2760 nos
513 2705 632 2761 illis.
675 2724 776 2760 nos
795 2725 890 2760 eos
909 2706 1157 2779 injuriam
1179 2704 1368 2763 divinae
1387 2724 1489 2784 ge-

13 2787 260 2841 nerationi
280 2782 459 2843 'facere
480 2788 610 2842 certi
627 2783 809 2843 snmus
829 2827 845 2854 ‚
877 2787 1030 2864 quod
1049 2789 1318 2843 minorem
1340 2806 1487 2864 patre

13 2861 171 2922 'lium
206 2866 412 2924 dicant:
446 2868 521 2924 illi
556 2889 657 2925 nos
694 2866 977 2944 injuriosos
1013 2872 1145 2948 patri
1182 2867 1488 2926 existimant

40 2950 125 3009 uia
143 2945 242 3010 effe
270 2952 492 3031 aequales
507 2950 807 3013 credamus.
846 2953 1061 3093 t{lentas
1091 2950 1233 3031 apud
1266 2970 1369 3008 nos
1387 2948 1487 3087 esst&

1424 3048 1447 3084 Ε
