1888 3428
242 161 682 219 Gorss‘rmcffi
723 159 969 215 Hisro
991 176 1132 216 RIAE
1171 162 1324 217 [ΑΒ.
1369 168 1449 224 ΙΙ.
1513 179 1652 241 ‚275

39 243 108 302 ''ad
128 241 291 300 castra·
306 255 546 321 “pergens
581 243 744 298 duces
772 239 839 297 fic
857 240 1166 317 alloquitur.
1208 243 1404 319 Neque
1424 266 1486 301 ex
1506 266 1636 304 vero
1644 288 1664 315 ,

40 346 222 404 neque
243 344 340 402 pro
376 322 519 380 fama
541 321 708 381 vestra
738 325 926 402 agitis,
959 321 1197 378 Martine
1222 330 1276 380 δε
1296 323 1483 382 Vliari.
1526 349 1662 405 prae-

37 408 188 465 fertis
206 408 349 462 enirn
374 403 566 462 venisse
587 426 683 463 vos
705 404 768 461 ad
787 407 1130 482 Imperatoris
1150 425 1230 460 res
1251 408 1496 464 tutandas
1522 447 1539 476 ,
1573 430 1660 466 re·-

36 487 341 567 ipla'autem
364 487 714 544 Gotthorum
736 507 868 565 opes
897 486 1114 542 austum
1144 489 1251 543 itis·
1295 491 1495 568 quippe
1527 489 1659 547 Me-

33 571 311 628 diolanum
331 608 346 630 ‚
375 590 491 648 quae
515 573 636 626 alias
651 569 811 626 Italiae
831 565 988 623 urbes
1007 568 1211 624 excellit
1231 610 1248 635 ,
1281 572 1654 650 magnitudine

33 651 398 730 &hominum
423 671 711 730 rerumque
730 654 883 727 copia
903 690 917 714 ‚
948 654 1416 729 propugnaculum
1436 671 1657 731 praeter-

31 750 97 792 ea·
126 732 200 789 est
233 733 494 790 Romano
515 735 744 812 imperio
766 750 955 788 contra
979 730 1290 790 Germanos
1310 755 1650 815 omnemque

29 814 329 891 barbariem
351 835 672 892 praetentum
689 854 703 875 ‚
724 818 777 869 in
798 834 959 893 grave
977 813 1257 872 discrimen
1279 818 1426 874 venit
1447 859 1465 885 ‚
1491 839 1650 875 cum-

27 896 258 978 queipsa
278 898 554 956 Mundilas
574 903 627 954 &
647 897 932 953 Romanus
954 917 1079 953 cum
1102 918 1168 953 eo
1190 901 1456 956 exercitus
1475 939 1490 963 ‚
1516 901 1650 958 dum

27 977 341 1039 infestantur
369 980 435 1036 ab
464 977 706 1036 hostibus
727 1018 741 1037 ‚
779 978 1178 1057 negliguntur&
1204 979 1380 1039 vobis.
1427 984 1652 1060 Quanta.

25 1065 88 1121 in¹
116 1083 183 1119 eo
215 1064 534 1139 Imperatori
566 1059 659 1116 fiat
695 1064 917 1134 injuria,
952 1061 1126 1117 dicere
1162 1061 1422 1118 abstineo.
1468 1083 1649 1144 neque

24 1149 170 1202 enirn
204 1143 544 1200 sermonibus
575 1143 860 1200 terendum
881 1161 1097 1221 tempus
1115 1183 1132 1209 ‚
1162 1146 1342 1200 celeris
1363 1147 1542 1202 auxilii
1559 1152 1648 1203 in-

24 1228 213 1305 digens
234 1266 248 1291 ‚
288 1225 418 1281 dum
450 1224 563 1303 spes
596 1225 844 1300 nondum
883 1228 1066 1289 omnis
1097 1229 1270 1301 periit.
1316 1228 1444 1282 Hoc
1467 1228 1640 1285 unum

22 1308 148 1365 dico
169 1306 325 1364 vestri
348 1303 446 1361 effe
467 1304 630 1362 officii
654 1304 1144 1362 Mediolanenfium
1165 1311 1643 1384 periculojamjam

21 1385 321 1447 subvenire.
362 1389 505 1445 Nam
527 1387 561 1444 si
583 1386 713 1466 quid
735 1388 1060 1443 cun&amini
1082 1429 1099 1456 ‚
1135 1388 1305 1445 nobis
1319 1391 1538 1468 quidem
1556 1391 1644 1448 di-

20 1492 142 1530 rum
179 1472 430 1528 imminet
462 1472 722 1536 exitium,
755 1468 913 1526 vobis
950 1487 1129 1526 autem
1169 1470 1400 1529 dedecus
1426 1475 1642 1551 imperii

19 1556 315 1611 imminuti.
355 1553 669 1609 Proditores
704 1554 883 1609 vocari
922 1551 1119 1629 dignos
1137 1551 1325 1609 censeo
1348 1596 1362 1617 ,
1394 1574 1518 1610 -non
1543 1576 1640 1612 eos

18 1636 192 1694 modo
211 1632 567 1714 qui'hostibus
598 1652 779 1712 portas
815 1632 1056 1711 pandunt
1075 1672 1091 1698 ,
1123 1629 1210 1690 sed
1238 1655 1389 1713 aeque
1408 1675 1424 1701 ‚
1460 1638 1546 1694 vel
1569 1642 1637 1692 ὃῑ

18 1720 212 1798 magiS,
234 1718 326 1795 qui
347 1713 469 1772 cum
490 1713 812 1771 amiciffimis
831 1714 1018 1769 duram
1040 1713 1382 1773 obsidionem
1398 1719 1640 1774 toleran-L-

15 1799 164 1856 tibus
197 1802 443 1877 opitulari
475 1794 690 1876 poffunt
711 1838 727 1864 ,
758 1795 1077 1875 prolatando
1096 1837 1114 1863 ,
1145 1794 1234 1854 sua
1256 1802 1486 1877 pericula
1507 1803 1638 1857 vita-

16 1879 188 1939 bundi
208 1895 234 1947 ‚'
260 1881 538 1937 victoriam
570 1879 635 1937 de
666 1882 764 1936 illis
782 1876 920 1956 hosti
940 1881 1258 1959 largiuntur.
1302 1882 1436 1938 Haec
1455 1884 1639 1957 prolo-

7 1983 199 2021 cutum
223 1965 448 2019 Paulum
473 2001 491 2027 ,
524 1962 794 2020 Martinus
826 1965 879 2015 δε
900 1963 1092 2018 Vliaris
1112 1961 1256 2018 brevi
1278 1961 1325 2018 se
1348 1961 1633 2021 adfuturos

17 2048 235 2124 polliciti
273 2043 512 2102 dimisere
533 2085 542 2096 .
604 2046 674 2101 Et
703 2044 788 2099 ille
826 2046 1021 2099 iterum
1069 2042 1316 2101 hostibus
1350 2049 1633 2126 ignoratus

13 2127 388 2189 deiolanum
411 2148 502 2205 per
521 2128 812 2183 nocturnas
830 2125 1187 2183 tenebrasinit
1205 2171 1216 2188 ,
1238 2132 1292 2182 &
1310 2125 1396 2205 spe
1418 2170 1434 2192 ,
1464 2148 1631 2207 quam

6 2206 303 2288 adferebat,
321 2229 437 2264 turn
460 2210 656 2264 milites
677 2229 791 2264 tum
813 2208 1069 2286 quicquid
1090 2206 1161 2265 ibi
1179 2210 1495 2266 Romanum
1517 2228 1630 2268 erat

5 2293 72 2348 >in
91 2292 442 2348 constantiam
466 2289 591 2346 fidei
611 2287 855 2346 adversus
876 2294 1261 2369 Imperatorem
1284 2295 1459 2370 erigit.
1492 2294 1628 2350 Non

8 2393 82 2431 eo
118 2378 295 2430 minus
327 2375 596 2429 Martinus
632 2379 685 2429 &
706 2374 941 2450 quicum
964 2393 1051 2436 e0‚
1073 2393 1253 2429 moras
1271 2377 1484 2430 nectere
1510 2416 1525 2441 ‚
1554 2379 1627 2432 ita

7 2444 75 2527 lm
96 2458 333 2512 multum
364 2458 625 2534 temporis
644 2453 879 2510 otiosum
899 2452 1140 2511 efflueret
1175 2477 1188 2510 ε
1228 2458 1377 2530 cujus
1410 2461 1624 2533 culpam

13 2533 105 2594 ase
124 2560 399 2594 removere
416 2539 685 2594 Martinus
704 2539 909 2600 volens,
933 2535 998 2591 sic
1015 2536 1191 2593 scribit
1208 2537 1474 2594 Belisario.
1506 2540 1625 2595 Mi*

12 2615 115 2676 fisti
161 2617 263 2677 nos
310 2640 369 2677 ut
413 2621 729 2676 Mediolano
766 2618 1150 2694 depelleremus
1188 2623 1483 2697 periculum
1501 2662 1513 2675 .
1561 2640 1623 2676 ut

9 2698 222 2775 jufferas
243 2743 259 2769 ‚
295 2723 487 2781 magna
523 2702 795 2780 diligentia
824 2699 898 2756 uli
938 2703 1142 2757 Padurn
1175 2714 1338 2779 ulque
1359 2706 1624 2758 venimus,

11 2783 337 2863 Transgred‘i
353 2782 558 2841 flumen
577 2781 832 2839 formidat
853 2790 1112 2838 exercitus
1132 2826 1148 2849 ‚
1183 2786 1331 2860 quod
1368 2784 1624 2840 Gottho-

10 2885 150 2942 rum·
173 2869 250 2922 vis
278 2885 470 2946 magna·
505 2872 558 2922 &
589 2864 1043 2942 Burgundionum
1063 2872 1301 2944 ingentia
1321 2867 1512 2921 auxilia
1529 2868 1623 2919 Li·-

12 2951 226 3030 gutiam
243 2966 422 3009 tenere
442 2947 741 3010 audiantur.
784 2948 992 3031 Tantas
1009 2953 1064 3004 in
1081 2954 1258 3026 copias
1273 2948 1366 3004 soli
1385 2962 1623 3025 pugnare

23 3073 26 3078 -
1010 3031 1041 3084 S
1088 3049 1116 3085 2
1507 3042 1624 3081 non
