1888 3428
241 154 365 211 234
601 136 975 194 PRocoPII
1020 138 1538 213 CAEsAnEKENms
1608 148 1617 153 '

233 210 423 297 pacem
460 222 729 297 expetant.
771 222 902 278 Alio
922 238 1170 299 tempore
1188 219 1439 281 afflio‘tam
1473 246 1534 282 ea
1565 225 1617 284 vi
1648 226 1864 288 Africaev

235 301 528 379 Tripolim.
562 316 784 359 centum
810 320 901 361 aut
920 303 1148 382 amplius
1176 308 1302 362 anni
1321 304 1570 364 transiisse
1587 307 1844 369 diceban-

234 376 407 440 tur'ex
426 391 539 462 quo
560 386 813 443 ultimum
836 407 997 443 mons
1018 383 1385 447 infremuerat.
1427 386 1667 457 constat,
1700 414 1847 472 quo-

233 467 336 522 ties
353 465 565 522 auditus
594 470 638 524 is
669 463 853 548 fragor
872 508 902 529 2.
920 464 1146 549 frugum
1179 469 1336 549 copia
1354 471 1510 529 ditari
1529 493 1722 530 omnes
1741 478 1847 532 cir-
1875 473 1880 477 ’

235 568 362 606 cum
395 566 578 605 terras.
619 553 733 605 Aer
760 546 868 628 ipse
901 548 1238 610 tenuiffimus
1266 560 1320 610 &
1353 551 1599 612 fovendo
1629 561 1848 635 corpori
1882 618 1888 627 ,

235 634 513 709 optimus:
549 631 690 688 unde
718 637 827 706 jam
857 635 988 691 olim
1010 633 1133 692 tabe
1151 634 1334 693 exesos
1364 658 1430 693 eo
1453 637 1703 719 ablegant
1725 660 1843 697 me-
1878 641 1888 645 “’

234 712 359 770 dici.
399 713 534 770 Haec
565 711 689 771 sunt
703 736 824 794 quae
845 716 910 774 de
930 717 1172 776 Vesuvio
1202 716 1494 776 habebam.
1533 724 1757 779 Interim
1786 743 1846 779 a-
1881 785 1884 792 ‚

233 797 336 854 lius
365 793 393 852 a
425 798 689 873 Byzantio
726 797 1064 879 adnavigavit
1092 805 1387 869 exercitus3
1433 803 1694 882 Neapolis
1714 825 1846 884 por—

234 895 356 935 tum
375 917 392 943 ‚
427 876 584 935 Isauri
603 879 668 937 ad
688 882 784 938 tria
805 883 967 940 millia
981 924 998 951 ,
1030 883 1360 941 ducentibus
1379 888 1550 943 Paulo
1569 892 1623 943 &
1645 888 1846 944 Cono-

234 981 305 1017 ne
331 982 345 1016 :
388 960 738 1039 Hydruntem
757 1005 775 1032 ,
805 968 1044 1044 equiteS,
1063 987 1235 1046 genus
1257 966 1497 1025 Thraces
1514 969 1845 1049 octingenti,

235 1061 457 1123 regente
476 1042 822 1113 Iohanne,cui
840 1065 1061 1127 patruus
1089 1050 1508 1131 Vitalianus‚qui
1526 1051 1848 1109 Romanum
1884 1075 1888 1078 ·

237 1126 530 1202 imperium
548 1128 827 1205 quondam
863 1127 1232 1205 affefflaverat:
1268 1154 1504 1212 cumque
1538 1132 1620 1190 his
1639 1136 1850 1214 equites

238 1208 387 1264 mille
406 1248 424 1274 ,
458 1207 835 1287 praefecstorum
870 1211 1159 1291 potissimis
1179 1215 1494 1273 Alexandro
1520 1221 1573 1272 δε
1592 1216 1850 1274 Marcen-

236 1292 342 1345 ti0.
387 1289 536 1346 Cum
557 1293 671 1349 aliis
707 1294 981 1373 equitibus
1008 1299 1261 1354 trecentis
1286 1303 1438 1355 Zeno
1457 1318 1549 1377 per
1570 1301 1850 1356 Samnium

236 1374 595 1452 Latinamque
625 1378 765 1433 viam
800 1394 960 1456 capto
977 1378 1167 1436 itinere
1190 1383 1300 1454 jam
1325 1381 1568 1438 Romam
1588 1401 1850 1459 pervene-
1875 1446 1882 1449 „

236 1472 340 1510 rat.
381 1459 461 1512 At
495 1455 798 1526 Iohannes,
838 1459 934 1517 ubi
968 1480 1093 1518 cum
1128 1460 1229 1520 suis
1264 1464 1624 1542 Campaniam
1648 1467 1849 1544 attigit,

237 1539 444 1594 multos
465 1535 492 1594 ἐ
512 1539 760 1599 Calabria
778 1562 961 1619 currus
979 1543 1194 1602 trahens
1214 1588 1230 1609 ,
1273 1552 1329 1604 &
1349 1550 1663 1626 quingentis
1679 1547 1780 1604 illis
1801 1545 1852 1605 se

231 1622 449 1695 junxit,
495 1642 636 1699 quos
657 1627 794 1680 intra
817 1626 1170 1703 Campaniam
1190 1629 1361 1685 lectos
1378 1628 1502 1686 ante
1528 1633 1853 1697 memoravi,
1880 1702 1888 1710 p

237 1699 295 1757 hi
312 1705 505 1778 pariter
532 1701 826 1761 secundum
844 1706 994 1763 littus
1013 1711 1113 1763 iter
1145 1708 1317 1768 fecere
1349 1709 1454 1767 boc
1472 1714 1656 1767 animo
1678 1752 1695 1778 ‚
1735 1710 1850 1768 utfi

240 1783 376 1862 quid
406 1781 596 1843 hostile
626 1785 921 1855 incidiffet‚
965 1788 1210 1850 curribus
1234 1797 1290 1849 in
1321 1792 1512 1849 orbem
1534 1796 1646 1849 vice
1667 1795 1852 1851 muni-

241 1868 416 1922 menti
434 1864 696 1946 dispofitis
711 1868 878 1926 semet
896 1888 1218 1931 tutarentur.
1240 1878 1318 1932 At
1337 1876 1530 1931 Paulus
1548 1880 1601 1932 &
1619 1875 1850 1943 Conon,
1871 1886 1888 1890 ”

242 1950 446 2028 quique
467 1952 709 2008 cumillis
726 1992 743 2019 ,
772 1949 894 2025 juffi
913 1956 1140 2033 navigiis
1157 1959 1230 2013 ire
1250 1963 1303 2014 &
1321 1955 1384 2013 ad
1404 1954 1615 2014 Ostiam
1636 1997 1653 2025 ‚
1697 1958 1850 2035 quod

240 2031 627 2089 Romanorum
664 2035 844 2091 navale
864 2033 1094 2092 diximus
1112 2077 1127 2098 ‚
1158 2040 1449 2118 adjungere
1483 2039 1532 2096 se
1558 2039 1849 2118 prioribuS,

240 2108 523 2170 frumento
542 2135 634 2193 per
658 2136 843 2174 currus
863 2120 1099 2195 primum
1119 2119 1182 2177 ad
1205 2143 1349 2178 mare
1369 2122 1546 2179 delato
1567 2162 1584 2189 ‚
1605 2122 1729 2179 inde
1751 2125 1854 2178 im-

242 2192 423 2272 posito
456 2195 685 2255 navibus
703 2240 719 2267 ‚
764 2195 918 2256 simul
945 2203 1075 2277 vino
1098 2202 1310 2283 aliisque
1346 2203 1507 2261 rebus
1536 2202 1886 2264 neceffariis!

244 2279 596 2354 Speraverant
626 2279 679 2338 hi
714 2279 831 2338 fore
856 2301 914 2339 ut
932 2282 1237 2343 Martinam
1269 2289 1676 2366 Trajanumque
1705 2287 1852 2365 apud-

241 2360 589 2418 Tarracinam
608 2362 912 2422 invenirent
930 2407 945 2427 ‚
983 2363 1160 2425 secum
1180 2371 1358 2426 itineri
1377 2367 1543 2426 finem
1561 2368 1852 2448 impositu-

243 2462 355 2523 ιτοε.μ
391 2439 480 2500 sed
509 2465 631 2502 cum
666 2449 1092 2526 propinquatum
1113 2490 1130 2517 ‚
1164 2453 1471 2509 intellexere
1503 2454 1703 2508 accitos
1733 2472 1851 2508 non

243 2526 424 2582 multo
452 2528 600 2606 prius
618 2530 673 2584 in
696 2528 886 2585 urbem
905 2529 1070 2588 ivisse.
1110 2530 1385 2591 Belisarius
1402 2554 1563 2602 ver0,
1595 2553 1850 2613 comper-
1879 2588 1882 2589 ⁷

170 2647 172 2649 ψ
245 2623 306 2669 to
325 2605 622 2666 Iohannem
641 2631 766 2668 cum
788 2612 1050 2671 attributo
1072 2618 1243 2674 milite
1261 2619 1315 2673 in
1337 2618 1420 2674 via
1438 2613 1539 2673 effe
1562 2657 1581 2684 ‚
1601 2633 1856 2673 metuens
1884 2649 1888 2653 >

245 2708 313 2745 ne
343 2691 420 2745 eis
452 2689 694 2749 hostium
717 2691 875 2750 turba
910 2702 1195 2774 pernitiem
1216 2696 1444 2756 adferret
1467 2740 1484 2766 ‚
1519 2697 1616 2756 hac
1637 2695 1757 2756 usus
1774 2695 1852 2760 est

223 2768 492 2839 sollertia.
535 2776 848 2838 Flaminiam
883 2796 1099 2856 portam
1135 2823 1153 2850 ‚
1211 2785 1296 2838 cui
1332 2785 1577 2860 proxima
1610 2778 1850 2837 hostium

246 2852 405 2910 castra
422 2896 437 2922 ,
472 2856 717 2915 saxorum
756 2860 1016 2939 congestu
1038 2869 1145 2937 jam
1167 2861 1233 2919 ab
1253 2862 1411 2937 hujus
1430 2863 1720 2922 belliinitio
1744 2862 1852 2919 ob·-

235 2933 467 3015 sepiferat
488 2979 504 3001 2
538 2958 597 3003 ut
616 2938 836 3009 narrasse
856 2947 1077 3004 memini
1096 2989 1114 3016 ,
1163 2967 1231 3004 ne
1248 2967 1412 3026 quam
1434 2968 1502 3005 eo
1524 2950 1632 3009 vim
1652 2962 1743 3003 aut
1761 2948 1858 3012 in-h

1695 3024 1855 3091 fidias,
