1888 3428
249 171 662 240 HrsToRrAE
702 179 751 238 V
775 189 1202 240 A‘NDALICAE
1242 181 1457 245 LIBJ.
1584 197 1661 268 ὃς

43 253 231 329 fluere,
252 263 627 323 Vandalorum
644 262 787 321 haud
807 265 997 341 magiS,
1017 263 1180 320 otiosi
1198 262 1534 342 speculantes
1548 294 1664 351 quo

46 345 257 404 bellum
287 345 414 403 ess'et
443 350 738 404 exiturum.
779 344 994 402 Et‘haec
1024 346 1247 424 quidem
1283 351 1429 426 apud
1456 355 1667 412 Roma..

43 450 168 486 nos·
211 434 291 487 At
324 430 575 487 Gelimer
604 428 976 487 Vandalorum
1012 430 1286 507 quendam
1307 430 1448 488 misit
1467 436 1522 490 in
1543 441 1667 493 Sar-

41 511 249 570 diniam
268 533 395 570 cum
414 513 581 570 literis
609 512 676 569 ad
692 514 1012 568 Tzazonem
1033 509 1272 570 fratrem.
1318 513 1604 575 Profectus
1622 524 1665 576 is

36 594 108 652 ‚ad
135 617 291 653 oram
322 599 648 653 maritimam
678 615 873 652 navem
912 598 1110 675 reperit
1144 617 1212 652 eo
1232 600 1333 653 iter
1350 595 1665 668 habentem,

37 676 430 758 conscensaque
448 682 503 735 in
522 679 755 735 Calarim
774 696 994 754 portum
1016 680 1298 756 pervethS
1319 720 1334 741 ‚
1365 682 1582 739 tradidit
1601 684 1665 740 li-

35 754 174 819 teras
191 760 301 820 haec
318 764 680 818 continentes,
723 762 858 818 Non
874 759 1066 818 Godas
1089 803 1104 827 ,
1139 780 1198 818 ut
1217 760 1448 820 arbitror
1466 806 1482 830 ‚
1518 764 1666 823 insu-

35 844 143 901 lam
177 843 339 900 nobis
373 841 592 900 abstulit
610 882 627 910 ,
662 841 749 900 sed
767 843 945 901 dirum
963 843 1240 922 quoddam
1260 842 1434 904 fatum
1454 851 1666 927 impen-

35 926 172 984 dens
189 925 462 985 Vandalis·
504 924 650 982 Nam
669 947 796 983 cum
813 945 865 984 te
889 933 944 985 &
970 928 1343 986 Vandalorum
1367 935 1666 1009 praecipuos

35 1005 65 1065 a
81 1009 244 1065 nobis
270 1006 621 1067 submovisset
643 1050 658 1071 ,
693 1007 851 1066 fimul
868 1010 1131 1089 quicquid
1151 1031 1263 1067 erat
1282 1010 1564 1071 bonorum
1582 1036 1665 1072 ra-

0 1161 1 1164 *
32 1095 154 1170 puit
173 1090 202 1149 ἐ
219 1088 496 1149 Gizerichi
514 1092 713 1150 domo.
760 1094 960 1171 Neque
978 1113 1039 1150 tu
1056 1092 1280 1151 insulam
1303 1095 1464 1152 nobis
1482 1095 1662 1155 serva-

0 1196 1 1200 *
33 1191 187 1231 turus
206 1173 395 1241 abiisti,
406 1172 502 1251 sed
521 1172 767 1233 Africam
783 1197 1013 1255 omnem
1029 1177 1324 1236 traditurus
1343 1177 1661 1238 Iustiniano.

33 1259 180 1328 Quae
212 1259 363 1315 enim
397 1254 631 1316 fortunae
651 1258 863 1316 decreta
888 1255 1098 1337 pridem
1120 1280 1268 1317 erant
1286 1301 1305 1329 ,
1331 1284 1391 1318 ea
1408 1283 1556 1320 nunc
1573 1285 1661 1322 re-

31 1360 157 1397 rum
174 1339 462 1397 eventibus
480 1360 754 1419 apparent.
795 1341 932 1398 Non
958 1362 1162 1422 magno
1192 1344 1330 1400 adeo
1349 1350 1660 1404 exercituin

31 1442 138 1479 nos
158 1426 304 1480 venit
319 1420 618 1479 BelisariUS.
662 1427 741 1479 At
769 1426 942 1481 virtus
957 1425 1154 1482 eodem
1173 1443 1283 1481 tem
1289 1447 1422 1505 pore
1439 1424 1659 1508 fugiens

31 1501 62 1562 ὲ
94 1505 350 1563 Vandalis
380 1502 561 1562 secum
594 1503 818 1563 abduxit
853 1504 1058 1563 bonam
1086 1504 1379 1565 fortunam.
1423 1514 1660 1569 Amma-

30 1605 114 1645 tas
149 1593 202 1645 &
232 1587 623 1645 Gibamundus
648 1593 828 1663 jacent
854 1609 949 1665 per
964 1590 1343 1648 Vandalorum
1364 1595 1659 1670 ignaviam.

29 1670 212 1750 Equi,
246 1671 484 1735 navalia,
520 1666 707 1725 Africa
723 1690 849 1726 cum
869 1668 974 1748 ipsa
994 1669 1322 1751 Carthagine
1341 1676 1396 1729 in
1417 1675 1658 1734 hostium

33 1749 154 1813 sunt
173 1773 352 1810 manu.
397 1749 585 1810 Nostri
603 1750 842 1811 desident
861 1792 877 1819 ,
895 1753 1094 1832 quibus
1113 1774 1226 1809 non
1246 1751 1420 1820 feciffe
1438 1754 1657 1816 fortiter

29 1837 91 1892 in·
121 1854 366 1915 tempore
401 1877 418 1904 ,
479 1833 683 1892 damno
729 1857 965 1908 uxorum
1000 1880 1016 1902 ,
1071 1834 1309 1894 liberum«
1359 1859 1655 1919 rerumque

27 1923 285 1975 omnium
304 1917 528 1977 constat.
567 1916 755 1979 Nobis
788 1919 934 1975 Bulae
964 1940 1190 1998 campus
1207 1919 1364 1978 restat
1384 1963 1400 1988 ‚
1435 1922 1528 1980 ubi
1548 1946 1655 1982 nos

28 1999 144 2081 spes
171 2022 334 2080 quam
370 2005 427 2058 in
465 2020 519 2059 te
540 1999 767 2078 positam
787 2000 1070 2064 habemus,
1091 2001 1263 2059 adhuc
1285 2003 1510 2063 detinet.
1556 2010 1652 2064 Tu

27 2103 158 2143 vero
189 2083 486 2141 Sardiniam
508 2124 523 2145 ,
548 2083 910 2164 Sardiniaeque
947 2103 1220 2164 raptorem
1241 2092 1294 2142 δε
1318 2090 1653 2165 pertinentes

28 2187 98 2224 eo
132 2187 283 2224 curas
322 2189 386 2224 ex
415 2169 600 2223 animo
633 2165 816 2224 delens
834 2210 849 2232 ,
893 2189 1058 2245 quam
1090 2171 1330 2246 primum
1362 2191 1485 2227 cum
1504 2171 1651 2229 claffe

25 2246 132 2307 huc
149 2248 294 2306 ades,
339 2247 561 2321 Quibus
580 2251 727 2306 enim
748 2249 814 2306 de
834 2270 889 2305 re
907 2251 1114 2307 summa
1131 2269 1403 2309 certamen
1422 2253 1497 2310 est
1518 2296 1534 2322 ‚
1565 2253 1653 2311 iis-⁴

24 2330 149 2390 dem
168 2335 398 2390 noxium
418 2333 631 2388 minora
649 2329 907 2412 persequi.
943 2335 999 2390 in
1020 2331 1298 2413 posterum
1321 2338 1517 2415 pariter
1534 2358 1653 2395 am-³

26 2411 102 2472 bo
133 2419 188 2472 in
222 2411 434 2472 hostem
453 2414 830 2493 depugnantes
852 2453 868 2480 ,
901 2434 991 2473 aut
1009 2415 1546 2495 prioremfortunam
1565 2441 1651 2476 re=-

26 2498 405 2575 cuperabimus
426 2541 441 2563 ‚
470 2515 561 2554 aut
580 2495 683 2554 hoc
703 2496 1099 2577 consequemur
1116 2520 1183 2556 ne
1204 2497 1418 2557 seorsim
1438 2501 1466 2559 ὃ.
1488 2500 1649 2561 fratre

24 2575 185 2636 frater
204 2622 220 2647 ,
250 2601 311 2637 ea
345 2583 614 2659 patiamur
631 2600 749 2659 quae
767 2580 1024 2638 divinitus
1041 2585 1348 2640 imminent.
1394 2585 1527 2644 Haec
1553 2586 1649 2643 ubi

23 2661 213 2717 Tzazo
232 2663 416 2721 didicit
436 2704 453 2731 ‚
475 2663 772 2741 docuitque
791 2663 1069 2722 Vandalos
1086 2706 1102 2732 ‚
1134 2664 1393 2724 omnibus
1414 2669 1648 2725 lamenta

23 2742 370 2825 plancstusque
389 2764 597 2814 exorta,
616 2766 733 2802 non
748 2746 921 2824 palam
945 2764 1128 2805 tamen
1147 2788 1163 2815 ,
1183 2747 1270 2805 sed
1289 2769 1450 2828 quam
1474 2755 1647 2808 maxi-

21 2845 114 2882 me
133 2824 220 2883 sua
238 2828 373 2884 mala
391 2830 522 2885 clam
544 2828 738 2885 Sardos
755 2827 1293 2893 habentes,dolorem
1312 2828 1525 2907 silentio
1542 2832 1645 2890 ob-

20 2907 295 2988 tegebant.
337 2911 409 2967 Et
440 2909 615 2967 statim
647 2910 867 2989 quidem
888 2910 1018 2969 versi
1036 2912 1101 2970 ad
1121 2911 1391 2991 praesentia
1413 2955 1429 2982 ,
1467 2936 1645 2993 quan—

14 3005 143 3050 tum
162 3012 245 3050 res
261 2989 528 3066 ferebant,
549 2993 774 3058 navibus
793 2992 1088 3055 conscensis
1105 3036 1123 3066 ‚
1142 2999 1308 3055 tertiae
1329 2997 1413 3056 die
1433 2994 1644 3052 classem

1583 3098 1641 3134 m
