1931 3428
305 164 434 241 890·
668 162 775 220 DE
817 156 1103 219 (ἶνες-τῖε
1145 162 1633 228 L-ANGoBARn.
1690 205 1693 209 ·

300 269 430 306 eum
461 244 709 324 nequiter
728 240 884 323 egiffe
904 240 1122 322 profeffi
1154 242 1275 300 sunt
1298 285 1314 306 ‚
1345 251 1512 328 eique
1531 250 1662 329 quid
1685 252 1911 315 'Alachig

300 326 567 389 malitiose
605 344 793 388 contra
812 346 922 384 -eos
955 328 1169 383 locutus
1202 324 1413 397 factam
1448 333 1534 389 vel
1552 336 1703 411 quale
1723 337 1817 415 ipsi
1841 338 1922 398 ad'

298 418 417 489 ejus
435 409 800 490 perditionem
831 408 1114 467 confilium
1145 409 1321 469 eidem
1341 413 1608 473 dederunt
1628 461 1643 481 ,
1681 423 1931 478 nuncia-⁴

299 491 517 556 verunt.
565 493 717 565 Quid
736 495 923 572 plura?
966 493 1257 551 Fleverunt
1276 499 1496 573 pariter,
1529 504 1741 558 &inter
1760 499 1810 560 se
1829 500 1928 560 sa-

301 594 574 636 cramenta
592 576 857 634 dederunt
875 616 892 643 ,
925 576 1069 634 diem
1091 573 1382 636 statuentes
1405 583 1459 637 in
1481 602 1594 661 quo
1628 584 1925 642 Cuniber--

298 677 390 718 tus
411 664 614 719 veniret
630 700 646 727 ‚
661 679 717 716 ut
740 659 833 740 ipfi
853 662 1123 718 civitatem
1141 661 1488 720 Ticinensem
1505 666 1907 725 contraderent.

301 743 480 810 Quod
500 749 551 800 &
573 740 776 800 fastum
796 741 891 799 est.
951 745 1093 801 Nam
1119 744 1204 801 die
1224 742 1423 802 statuto
1448 747 1788 806 Cunibertus
1802 751 1911 807 Ti-

297 828 486 883 cinum
505 824 797 883 adveniens
815 867 831 892 ‚
855 824 922 882 ab
941 830 1015 883 eis
1042 823 1390 885 libentissime
1421 825 1693 909 susceptus
1711 872 1727 897 ‚
1764 835 1915 910 pala-

294 911 438 966 tium
459 906 614 965 suum
633 904 891 987 ingressus
909 907 1002 965 est.
1047 910 1213 967 Tunc
1231 932 1425 968 omnes
1443 916 1585 970 cives
1605 954 1623 981 ,
1655 922 1709 972 &
1728 917 1912 994 praeci-

296 1010 406 1069 pue
424 990 721 1069 Episcopus
738 1031 754 1054 ‚
789 988 1083 1048 sacerdotes
1113 1013 1338 1071 qnoque
1360 1000 1411 1050 δι
1432 996 1604 1053 clerici
1624 1037 1639 1058 ‚
1677 1003 1931 1073 juvenes.

298 1078 358 1130 δε
391 1073 542 1129 senes
559 1112 577 1138 ‚
611 1075 854 1128 certatim
885 1072 950 1128 ad
980 1093 1108 1128 eum
1144 1093 1529 1135 concurrentes
1548 1119 1565 1146 ‚
1607 1077 1911 1159 omnesque

299 1175 429 1212 eum
449 1155 695 1232 lacrymis
725 1156 1088 1232 amplexantes
1108 1195 1122 1215 ,
1156 1158 1282 1213 Deo
1303 1163 1497 1236 gratias
1515 1162 1579 1217 de
1600 1167 1714 1238 ejus
1732 1182 1910 1219 rever-

295 1235 447 1295 sione
463 1234 820 1294 inaestimabili
837 1236 1040 1316 gaudio
1059 1238 1249 1317 repleti
1267 1242 1695 1300 conclamabant.
1745 1247 1910 1314 Quos
1927 1282 1931 1294 ‚

297 1339 495 1375 omnes
515 1321 597 1377 ille
627 1335 687 1376 ut
708 1319 891 1396 potuit
924 1320 1204 1377 consolans
1234 1321 1501 1379 osculatus
1520 1323 1616 1382 est.
1660 1327 1931 1385 Nuntius

293 1399 477 1459 subito
517 1401 581 1459 ad
614 1402 831 1459 Alachis
864 1406 1110 1479 pervenit
1132 1444 1147 1469 ‚
1201 1403 1505 1483 adimplesse
1538 1407 1819 1465 Aldonem
1853 1415 1911 1468 δε

297 1482 646 1541 Grausonem
675 1483 827 1562 quod
847 1489 894 1541 ei
916 1484 1270 1563 promiserant
1296 1527 1314 1552 ‚
1359 1493 1412 1545 &
1433 1507 1594 1567 caput
1612 1490 1931 1550 Cuniberti1

294 1563 526 1624 attulifle
542 1608 560 1635 ,
594 1573 648 1625 &
683 1587 799 1623 non
829 1565 1006 1624 solum
1044 1585 1204 1647 caput
1223 1609 1239 1635 ,
1273 1568 1361 1627 sed
1381 1576 1436 1627 &
1469 1589 1654 1630 totum
1682 1583 1906 1653 coi·puS‚v

296 1670 537 1728 eumque
556 1648 824 1707 affirmans
843 1652 897 1706 in
920 1650 1116 1729 palatio
1136 1649 1333 1709 sedere.
1356 1654 1526 1732 Qd
1556 1656 1641 1712 ille
1661 1658 1917 1726 aud-iem,

295 1733 485 1790 animo
503 1732 874 1789 consternatus
895 1733 968 1789 est
984 1774 1000 1799 ,
1046 1734 1326 1813 multaque
1344 1757 1531 1794 contra
1549 1739 1830 1797 Aldonem
1851 1745 1909 1798 δε

295 1813 641 1872 Grausonem
660 1813 985 1872 furibundus
1004 1822 1055 1871 ὃς
1076 1813 1325 1874 frendens
1344 1823 1730 1890 comminans‚·
1752 1826 1908 1879 exin-

293 1894 618 1977 de'egreffus
634 1938 648 1965 ,
669 1918 760 1975 per
776 1899 1098 1955 Placentiam
1120 1899 1183 1955 ad
1205 1899 1474 1958 Austriam
1494 1903 1651 1960 rediit
1669 1947 1684 1967 ,
1720 1903 1908 1984 fingu-

293 1977 473 2058 lasque
492 1983 734 2036 civitates
753 1983 940 2056 partim
962 1979 1235 2036 blanditiis
1253 1987 1444 2059 partim
1465 1985 1667 2041 viribus
1692 1983 1788 2042 fibi
1815 1984 1906 2044 so-

295 2062 402 2116 cias
419 2059 615 2117 ascivit.
649 2061 793 2116 Nam
813 2063 1158 2118 vincentiam
1183 2067 1420 2131 venienS,
1435 2085 1624 2123 contra
1641 2089 1767 2124 eum
1788 2075 1906 2145 ejus

295 2145 441 2200 cives
458 2140 648 2222 egreffi
667 2183 684 2208 ,
717 2141 924 2198 bellum
946 2164 1263 2221 paraverunt
1281 2186 1297 2211 ,
1332 2145 1418 2203 sed
1440 2168 1569 2205 mox
1591 2151 1716 2207 victi
1733 2192 1750 2218 ‚
1784 2158 1898 2227 ejus
1924 2182 1930 2216 χ

293 2222 424 2281 socii
445 2225 625 2284 effefizi
641 2223 784 2282 sunt.
824 2225 952 2283 Inde
976 2229 1159 2282 exiens
1176 2226 1481 2285 Tarvisium
1501 2232 1722 2308 pervasit
1739 2274 1757 2300 ‚
1788 2238 1900 2313 pari
1926 2239 1931 2293 ,3

294 2307 469 2364 modo
490 2311 650 2364 etiam
671 2314 723 2365 &
744 2311 970 2385 reliquas
990 2312 1243 2366 civitates.
1290 2311 1548 2390 Cumque
1568 2335 1753 2373 contra
1771 2339 1900 2376 eum
1917 2325 1931 2386 s}

297 2389 637 2447 Cunibertus
654 2392 950 2447 exercitum
972 2394 1264 2470 colligeret,
1284 2399 1337 2449 ὅτ,
1358 2395 1687 2470 Forojuliani
1707 2403 1764 2457 in
1783 2405 1900 2476 ejus
1915 2397 1931 2486 {ss

289 2473 554 2529 auxilium
568 2477 720 2547 juxta
737 2470 1051 2530 fidelitatem
1071 2477 1217 2532 luam
1232 2475 1427 2532 vel-lent
1454 2477 1720 2556 profiCisci
1741 2525 1756 2545 ,
1787 2480 1931 2561 ipse-3

288 2553 511 2612 Alachis
544 2555 610 2613 ad
628 2573 850 2634 pontem
869 2557 1172 2634 Liquentiae
1190 2556 1429 2615 fluminis
1450 2601 1468 2628 ‚
1505 2563 1657 2641 quod
1674 2562 1703 2621 a
1721 2567 1897 2623 Foro·
1913 2547 1931 2643 xi

286 2639 405 2710 julii
438 2637 791 2717 quadraginta
810 2637 943 2693 οᾶο
971 2638 1204 2697 millibus
1233 2638 1388 2698 distat
1406 2681 1423 2708 ,
1459 2642 1606 2701 &est
1625 2648 1680 2702 in
1702 2648 1894 2706 itinere
1925 2685 1931 2702 ι,

286 2719 550 2775 Ticinum
577 2718 1005 2798 pergentibuS‚in
1025 2720 1183 2801 sylva,
1203 2745 1321 2801 quae
1342 2725 1653 2803 Capulanus
1678 2727 1895 2799 dicitur,
1917 2727 1931 2790 ἓ

283 2802 453 2858 latens
467 2841 483 2865 ‚
518 2821 641 2857 cum
661 2804 1135 2878 Forojulianorum
1155 2810 1414 2863 exercitus
1431 2806 1641 2887 sparsim
1660 2773 1931 2888 venir-eg}

286 2894 483 2939 omnes
511 2904 607 2940 eos
640 2882 771 2940 sicut
807 2886 1284 2958 veniebantjurare
1304 2887 1399 2946 fibi
1427 2893 1692 2971 compulit
1711 2934 1728 2956 ,
1766 2896 1890 2955 dili·
1914 2879 1931 2967 i

283 2983 479 3046 gen-ter
498 2986 708 3033 cavens,
743 2987 809 3024 ne
827 2969 1017 3048 aliquis
1046 2991 1107 3026 ex
1131 2970 1211 3027 his
1229 2987 1376 3029 retro
1401 2972 1638 3035 reversus
1664 2981 1891 3038 venien·

1740 3058 1890 3120 tibus
