1888 3428
238 199 296 202 ,,
426 198 430 200 ,
1525 174 1651 235 5¹92

178 307 236 381 E
326 282 411 381 ‘x'
517 304 586 381 c
691 302 745 376 E
850 299 919 376 R
1022 298 1079 374 P
1183 296 1260 372 T
1372 302 1436 373 A

32 473 109 518 ex
128 471 352 516 arcana
374 442 963 539 Procopis'historia
999 439 1079 506 ad
1113 463 1207 506 res
1244 440 1628 508 Vandalicas

126 554 188 630 δε
215 544 557 610 Gotthicas
580 543 962 632 pertinentia
990 560 1003 597 :
1040 559 1177 624 quae
1200 542 1422 626 prioris
1443 535 1543 600 hi-

27 622 50 656 *
229 639 426 706 storiae
447 638 658 703 multis
678 635 832 698 locis
857 634 1068 697 lucem
1090 631 1388 711 adferunt
1413 658 1428 694 :

155 773 796 839 HvscoNE
905 764 1502 830 GRo-TIO

637 902 1019 992 interprete).

128 1086 152 1121 ·.
214 1079 228 1087 ’
247 1078 307 1134 ,f
390 1138 395 1143 ι
414 1062 726 1122 Heodofius
755 1065 1078 1136 (An-tonina:
1094 1060 1326 1130 adulter)
1350 1079 1412 1114 ex
1433 1057 1640 1137 palatiis

48 1150 55 1168 ⁸
245 1115 395 1210 fflf
419 1146 760 1226 Carthaginis
791 1154 843 1204 &
874 1148 1146 1203 Ravennae
1168 1143 1230 1199 ad
1261 1143 1448 1199 decern
1471 1140 1639 1197 millia.

84 1225 124 1274 ²?
245 1209 387 1372 Q
420 1230 606 1309 pondo
624 1232 737 1286 auri
756 1231 1000 1308 peculatu
1020 1225 1113 1284 fibi
1134 1220 1437 1283 abstulerat.
1650 1265 1654 1267 »

247 1324 263 1344 ι
335 1303 366 1347 ἓ

38 1385 196 1441 ΜΛ
238 1337 384 1442 Q
501 1395 796 1451 Antbninae
818 1413 940 1449 mos
967 1408 1111 1458 erat,
1142 1390 1341 1467 quovis
1374 1404 1640 1444 terrarum

30 1480 284 1534 maritum
305 1478 550 1533 comita-ri
573 1517 590 1543 ,
623 1497 689 1530 ne
715 1472 822 1531 fine
841 1495 900 1531 ea
919 1472 953 1530 si
978 1471 1102 1530 esset
1120 1512 1137 1538 ,
1167 1472 1374 1528 bonam-
1395 1485 1636 1526 mentem

29 1562 284 1637 reciperet
317 1601 332 1622 ,
378 1560 817 1635 contemptisque
850 1562 962 1631 ejus
995 1547 1361 1630 delinimentis
1393 1552 1448 1609 id
1478 1550 1544 1607 de
1574 1569 1640 1606 ea.

29 1641 377 1700 constitueret
395 1638 544 1719 quod
561 1659 659 1718 pro
677 1637 766 1695 fua
780 1636 903 1696 esset
920 1639 1195 1716 dignitate.

110 1800 424 1870 Quadratus
457 1799 716 1882 Augustae
745 1802 920 1858 literas
939 1800 1002 1858 ad
1030 1797 1339 1857 Belisarium
1368 1796 1493 1854 tulit
1525 1792 1640 1851 haec

29 1887 386 1945 continentes,
431 1888 489 1940 In
520 1904 623 1940 nos
642 1904 760 1960 quae
782 1881 1110 1940 commiseris
1128 1904 1243 1939 non
1261 1885 1476 1961 ignoras
1496 1919 1512 1944 ‚
1547 1873 1639 1932 sed

29 1965 184 2045 quod
203 1969 358 2022 uxori
378 1984 481 2022 tuae
502 1967 796 2045 plurimum
820 1965 1044 2023 debeam
1067 2007 1083 2034 ‚
1117 1965 1170 2022 id
1191 1967 1245 2021 in
1262 1960 1411 2021 causa
1429 1960 1518 2023 est,
1541 1975 1638 2014 cur

30 2047 130 2107 tibi
148 2050 327 2126 culpas
345 2049 659 2105 coridonem
685 2086 705 2113 ,
720 2050 994 2127 vitamque
1014 2066 1162 2105 tuam
1182 2051 1229 2104 ei
1248 2049 1459 2125 largiar.
1488 2040 1638 2120 spem

30 2131 418 2188 incolui-nitatis
435 2134 491 2188 in
510 2129 782 2210 posterum
800 2172 815 2198 ,
841 2151 1127 2208 rerumque
1147 2148 1360 2187 tuarum
1378 2128 1638 2184 omnium

23 2212 304 2271 ‚illi-debes.
349 2215 520 2291 qualis
541 2210 759 2289 posthac
797 2217 850 2269 in
871 2234 988 2268 eam
1022 2210 1238 2269 futurus
1257 2211 1319 2269 fis
1345 2251 1363 2278 ‚
1396 2231 1460 2266 ex
1482 2204 1638 2263 faecis

17 2293 436 2378 cognoscemus.
480 2297 615 2352 Haec
633 2293 728 2351 nbi
756 2297 885 2373 legit
914 2294 1193 2351 Bel-isarius
1209 2291 1463 2351 exsultare
1481 2290 1639 2367 caepit

16 2427 18 2432 ,
31 2376 252 2457 gaudi0,
272 2379 546 2455 animique
564 2373 638 2432 sui
659 2375 846 2432 testem
865 2374 1038 2434 facere
1055 2380 1277 2454 cupiens
1295 2373 1465 2454 ipsum
1486 2375 1641 2441 Qua-

33 2459 244 2516 dratum
266 2499 281 2525 ,
318 2459 383 2515 de
417 2457 535 2516 sede
566 2456 786 2538 surgens
816 2459 880 2516 ad
901 2463 1082 2516 uxoris
1114 2458 1215 2516 suae
1247 2458 1409 2537 pedes
1429 2471 1637 2538 pronus

34 2541 222 2598 accidit
242 2584 258 2605 ,
299 2562 464 2598 manu
484 2559 711 2620 utraque
741 2542 898 2598 tibias
930 2546 1044 2616 ejus
1077 2541 1393 2620 prehensans
1413 2579 1428 2599 ,
1460 2538 1642 2595 &lin-.-

35 2643 195 2701 guam
232 2626 368 2679 circa
397 2624 601 2700 plantas
632 2621 828 2702 pedum
848 2628 965 2696 ejus
994 2626 1410 2703 circumagitans
1435 2643 1449 2676 ε
1491 2611 1638 2678 illam

35 2707 191 2771 vitae‚
233 2707 372 2762 illam
403 2703 580 2761 salutis
610 2704 709 2762 suae
749 2706 1026 2762 auctorem
1061 2706 1365 2782 praedicans.
1411 2701 1642 2760 addebat

39 2789 168 2863 quin
185 2786 345 2844 etiam
368 2785 585 2865 posthac
602 2808 716 2843 non
738 2791 991 2845 maritum
1013 2786 1062 2844 se
1082 2791 1130 2844 ei
1151 2831 1165 2851 ,
1198 2785 1286 2846 sed
1309 2787 1639 2860 mancipium

39 2865 173 2923 fore.
216 2868 281 2925 de
302 2871 542 2947 pecuniis
573 2891 706 2948 quas
738 2892 801 2927 ex
836 2871 1065 2928 Oriente
1083 2870 1149 2927 ad
1174 2867 1223 2926 se
1251 2867 1377 2926 ferri
1405 2864 1641 2944 jusserat,

40 2951 141 3006 tria
160 2951 322 3008 millia
341 2954 453 3009 auri
474 2952 659 3030 pondo
676 2952 1256 3093 Augustzigilpperatori
1273 2951 1420 3012 dedit
1440 2989 1458 3018 ,
1486 2962 1647 3086 catiger-

1047 3055 1089 3110 4
1472 3049 1525 3087 ra
1593 3047 1661 3101 eff
