1931 3428
15 224 17 227 ι
363 117 1212 201 LtssERPRIMvS.
1503 132 1624 191 759

16 283 25 294 ,
83 244 205 286 uam
230 223 512 284 fenestram
535 217 678 301 quasi
696 214 772 271 ob
789 206 1013 286 hospitis
1029 205 1300 261 honorem
1322 240 1336 266 ‚
1370 218 1423 263 re
1441 213 1626 254 autem

17 335 142 374 vera
165 351 178 371 ‚
209 331 273 365 ne
294 330 416 365 eum
437 310 611 383 aliqua
644 295 867 381 pulsaret
896 287 1121 367 suspicio
1144 325 1160 352 ‚
1196 284 1457 339 velamine
1479 297 1632 335 texe-
1665 312 1670 317 »

16 414 97 455 rat
117 389 358 474 precioso
373 431 389 457 ,
407 388 716 466 praecipiens
732 372 1057 437 atrocissima
1075 367 1234 424 belua
1252 366 1479 442 propriis
1495 380 1631 439 pue.-

19 482 93 535 ris
111 518 126 538 ‚
159 495 216 531 ut
235 493 359 529 cum
378 469 484 550 ipsa
502 466 648 548 quasi
666 464 729 520 ad
749 465 1059 541 pincernam
1076 452 1307 525 loquens
1329 486 1346 512 ‚
1369 442 1534 500 Misce
1556 441 1634 498 di-

21 558 170 618 xisset
191 599 205 619 ,
238 556 309 613 illi
330 575 456 610 enm
480 552 682 629 atergo
700 544 898 602 lanceis
933 532 1284 618 perforarent.
1319 525 1637 602 factumque

25 642 116 700 est.
163 640 303 695 Mox
324 636 549 694 crudelis
567 631 780 691 faemina
798 624 1008 703 signum
1042 614 1224 674 dedit:
1261 611 1450 688 iniqua
1483 625 1640 662 man-

24 723 148 783 ‹hta
168 719 539 801 perficiuntur.
580 713 798 794 Ipseque
815 699 1129 764 vulneribus
1142 690 1430 753 transfixus
1457 692 1512 746 in
1529 705 1643 744 ter-

27 826 141 863 ram
172 823 432 861 corruens
450 800 721 879 expiravit.
746 792 842 849 ‘Ea
858 808 984 844 cum
1002 774 1253 842 Rodulfo
1277 776 1390 855 regi
1411 772 1638 831 nuncia-

29 905 87 946 ta
100 883 338 954 fuiffcnt,
352 905 471 941 tarn
490 880 701 938 crudele
721 871 965 955 germani
984 864 1149 924 funus
1168 861 1438 941 ingemuit
1455 895 1471 920 ‚
1492 853 1646 910 dolo-

28 971 206 1050 risque
225 970 511 1046 impatiens
531 1004 546 1030 ,
578 961 642 1019 ad
661 954 1026 1017 ulciscendum
1043 946 1218 1005 fratris
1238 959 1474 998 mortem
1490 955 1646 993 exar-

30 1052 95 1112 fit
121 1097 138 1121 ‚
175 1047 492 1128 foedusque,
524 1043 677 1126 quod
695 1061 818 1099 cum
855 1039 1077 1093 Tatone
1099 1030 1377 1109 pepigerat
1398 1064 1415 1090 ,
1448 1025 1650 1078 irrum-

33 1155 166 1216 pens
185 1175 201 1201 ‚
234 1132 412 1190 eidem
431 1130 636 1188 benum
671 1125 881 1182 indixit.
929 1115 1082 1184 Quid
1119 1114 1306 1191 plura?
1345 1108 1648 1164 Convene-

32 1237 166 1276 runt
185 1234 544 1293 utrorumque
574 1216 629 1268 in
649 1208 850 1283 campis
886 1196 1197 1281 patentibus
1231 1193 1383 1247 acies.
1427 1184 1650 1244 Rodul-

35 1298 125 1364 fus
143 1299 267 1356 suos
285 1301 339 1354 in
364 1315 606 1376 pugnam
628 1292 810 1368 dirigit
835 1327 850 1353 ,
885 1280 989 1363 ipse
1012 1284 1068 1336 in
1089 1276 1265 1334 eastris
1283 1270 1514 1329 residens
1531 1307 1548 1333 ,
1582 1264 1652 1322 de

33 1381 126 1462 spe
149 1381 385 1441 vifiori‘ae
419 1375 550 1435 nihil
586 1372 870 1451 ambigens
889 1408 905 1434 ,
939 1363 1004 1421 ad
1023 1360 1259 1417 tabulam
1282 1353 1438 1412 ludit.
1480 1351 1654 1407 Erant

35 1463 302 1545 fiquidem
322 1481 454 1519 tunc
470 1458 666 1516 Heruli
683 1455 954 1511 bellorum
977 1443 1156 1503 usibus
1176 1434 1486 1505 exercitati,
1507 1430 1656 1487 rnul-

36 1550 460 1625 torumquejam
482 1542 650 1619 strage
682 1532 960 1594 notiffimi.
1009 1528 1129 1593 Qui
1149 1522 1252 1580 sive
1275 1539 1333 1577 ut
1351 1515 1653 1596 expeditius

43 1630 183 1689 bella
199 1644 450 1708 gererent
467 1669 483 1695 ‚
516 1623 620 1680 sive
641 1640 698 1677 ut
730 1619 958 1674 ini-atum
993 1608 1058 1666 ab
1091 1605 1243 1663 hoste
1279 1604 1474 1659 vulnus
1513 1615 1655 1652 con-.-

44 1729 358 1771 temnerent
378 1749 395 1774 ,
428 1707 561 1766 nudi
581 1700 894 1783 pugnabant
913 1737 928 1762 ,
957 1693 1265 1770 operientes
1299 1676 1653 1740 solummodo

27 1795 295 1874 vcorporis
313 1787 631 1850 verecunda.
654 1786 874 1840 Horum
894 1781 966 1834 ita
985 1772 1187 1832 viribus
1207 1772 1325 1827 Rex
1344 1760 1663 1823 indubitan-⁴

47 1897 130 1937 ter
150 1875 322 1934 fidens
339 1914 358 1941 2
379 1876 511 1931 dum
528 1868 631 1948 ipse
653 1866 860 1923 securus
880 1861 944 1916 ad
962 1856 1199 1915 tabulam
1219 1851 1429 1919 luderet
1446 1886 1460 1907 ,
1482 1861 1660 1901 unum

54 1958 207 2019 esuis
242 1963 298 2014 in
329 1956 581 2013 arborem
619 1965 736 2028 quae
767 1945 908 2003 forte
946 1940 1125 1998 aderat
1157 1932 1436 1993 ascendere
1465 1928 1625 2006 jubet
1645 1962 1663 1984 ³
1695 1918 1699 1922 ⁸

35 2057 323 2124 'quatenus
354 2043 401 2097 ei
422 2037 643 2095 suorum
665 2031 947 2090 vietoriam
968 2024 1189 2080 celerius
1208 2013 1428 2074 referret
1447 2052 1464 2078 ‚
1501 2027 1665 2065 corn-

52 2129 288 2185 minatus
313 2127 430 2196 ejus
447 2118 495 2177 se
515 2135 674 2197 caput
694 2109 1014 2172 abscisurum
1037 2145 1053 2171 ,
1081 2101 1117 2159 si
1135 2099 1476 2159 Herulorum
1492 2094 1664 2151 aciem

51 2207 242 2288 fugere
261 2205 557 2261 nunciaret.
596 2205 647 2255 Is
674 2217 799 2262 cum
831 2189 1173 2255 Heruiorum
1190 2181 1336 2240 fleffi
1355 2181 1492 2253 acies
1510 2218 1528 2244 ‚
1564 2179 1616 2230 δε
1637 2168 1665 2226 ὲ

49 2285 426 2368 Langobardis
460 2277 555 2342 eos
589 2281 827 2359 opprimi
856 2270 1184 2351 conspiceret
1203 2307 1219 2328 ‚
1252 2269 1619 2343 interrogatus
1639 2252 1668 2308 ἆ

54 2396 181 2454 rege
201 2371 384 2447 saepius
402 2408 418 2434 ‚
444 2365 574 2446 quid
591 2363 781 2428 Heruli
801 2371 1068 2439 gererent,
1085 2373 1180 2408 eos
1196 2344 1407 2428 opti-me*
1429 2356 1668 2422 pugnare

54 2453 351 2538 respondit.
391 2451 508 2517 Nec
529 2451 674 2527 prius
694 2445 897 2501 malurn
924 2440 1079 2516 quod
1111 2434 1365 2491 cernebat
1383 2429 1538 2505 loqui
1569 2441 1668 2478 au-

57 2544 191 2602 dens
210 2538 420 2616 aperuit
437 2576 452 2601 ,
482 2552 648 2613 quam
684 2520 932 2586 universae
953 2521 1088 2576 acies
1102 2512 1349 2574 hostibus
1367 2529 1518 2588 terga
1535 2524 1671 2585 prae-

57 2627 269 2685 berent.
287 2617 426 2686 'Qui
441 2619 565 2675 licet
582 2609 702 2671 sero
718 2606 939 2666 tandem
957 2605 1015 2661 in
1032 2621 1227 2660 vocem
1245 2610 1555 2672 erumpenS,
1572 2589 1672 2644 Vae

63 2708 198 2772 tibi,
226 2703 407 2781 inquit
426 2740 444 2766 ‚
475 2696 662 2755 misera
680 2692 905 2751 Heroiia
925 2728 942 2755 ‚
975 2695 1094 2765 quae
1115 2679 1330 2742 caelestis
1346 2675 1555 2733 domini
1575 2668 1675 2727 fle-

64 2792 224 2848 &eris
239 2789 332 2843 ira.
376 2780 468 2840 Ad
480 2780 590 2838 haec
608 2775 771 2836 verba
789 2785 1108 2831 commotus
1124 2768 1243 2823 Rex
1265 2764 1336 2820 ait
1352 2801 1368 2828 ,
1386 2747 1676 2831 Numquid

68 2864 502 2950 fugiuntHeruli
521 2863 670 2918 mei?
706 2861 784 2915 At
814 2856 936 2917 ille,
976 2851 1148 2916 Non,
1171 2846 1386 2923 inquit,
1421 2840 1526 2897 hoc
1545 2852 1674 2909 ego,

71 2953 161 3014 sed
179 2969 241 3010 tu
258 2951 378 3016 Rex
396 2942 500 3026 ipse
519 2941 712 3002 dixisti.
757 2941 922 2997 Tunc
944 2936 1078 2990 utin
1097 2922 1442 2989 talibus'fieri
1475 2916 1680 2977 assolet,

855 3022 899 3079 B
919 3018 953 3073 b
974 3015 1010 3073 b
1054 3033 1094 3088 4
1595 3012 1689 3051 rex
