1888 3428
223 133 672 202 GoTTHIcAE
712 127 1124 190 H1sToR1AE
1162 126 1321 183 LIB.
1351 129 1397 183 Ι.
1522 129 1626 204 183

25 216 278 276 Gotthus
297 258 313 283 ‚
348 219 498 274 Pitza
516 217 740 272 nomine
758 254 775 282 ‚
803 208 852 286 se
883 216 937 265 ὃς
954 206 1258 265 habitantes
1282 206 1460 265 secum
1479 206 1635 268 Got-

21 298 147 360 thos
168 299 476 378 Samniique
496 298 750 355 maritimi
780 309 986 372 partem
1005 288 1285 347 dimidiam
1316 292 1373 345 in
1393 289 1634 368 potesta-

19 382 384 442 tem‘tradidit
410 380 784 461 Imperatoris,
829 394 987 430 amne
1021 391 1182 429 tenus
1214 373 1308 450 qui
1346 375 1631 449 regionem

19 487 140 523 eam
174 462 472 523 intersecat.
527 467 606 522 At
643 461 736 540 qui
772 460 906 515 ultra
934 476 1148 513 amnem
1181 449 1328 510 sedes
1359 450 1632 512 habebant

21 547 223 606 Gotthi
241 585 259 616 ‚
282 568 459 626 neque
476 549 679 604 Pitzam
699 541 846 620 sequi
867 581 884 608 ,
914 558 1092 616 neque
1113 532 1292 614 parere
1312 538 1632 612 Imperatori

17 632 76 686 in
110 635 352 688 animum
384 627 731 686 induxerunt.
776 627 855 680 At
887 622 959 679 illi
989 618 1270 676 Belisarius
1297 617 1494 675 milites
1515 638 1632 673 non

18 713 226 769 multos
244 712 391 770 dedit
422 712 662 788 quicum
690 705 802 785 ipso
834 726 894 762 ea
924 705 1047 759 loca
1065 699 1411 759 custodirent.
1457 701 1627 762 Paulo

15 814 142 852 ante
160 793 377 851 Calabri
398 812 621 871 quoque
641 795 694 847 ὃς
717 790 883 866 Apuli
910 830 925 851 ,
973 783 1224 843 Gotthos
1242 785 1389 840 enim
1419 781 1559 861 apud
1580 782 1631 840 se

17 878 198 934 nullos
225 873 490 933 habebant
511 915 526 935 ‚
568 870 757 953 sponte
777 869 825 927 se
845 869 1157 927 dediderant
1176 863 1427 922 Belisario
1447 905 1463 931 ‚
1506 883 1629 921 turn

16 962 109 1037 qui
129 962 184 1014 in
203 978 297 1014 ora
317 959 586 1014 maritima
605 997 622 1023 ‚
655 974 774 1012 tum
799 955 894 1032 qui
911 953 1135 1009 interius
1153 946 1404 1004 habitant
1422 988 1438 1015 ‚
1462 945 1629 1003 ubi&

11 1043 388 1115 Beneventum
407 1037 482 1096 est
502 1037 764 1118 oppidum
787 1079 801 1103 ‚
834 1051 1048 1092 mutato
1068 1035 1125 1089 in
1148 1030 1447 1087 ominatius
1465 1049 1631 1086 voca-

12 1119 147 1180 bulo
170 1163 185 1184 ,
217 1143 340 1179 cum
362 1121 390 1178 a
409 1141 700 1180 ventorum
726 1116 918 1176 saevitia
938 1117 1317 1173 Maleventum
1340 1109 1516 1191 priscis
1544 1111 1629 1168 di-

13 1223 242 1262 ceretur.
284 1206 430 1262 Nam
462 1208 519 1261 in
552 1203 864 1268 Dalmatia,
907 1221 1024 1277 quae
1062 1216 1199 1254 terra
1217 1197 1291 1252 illi
1322 1217 1384 1252 ex
1404 1192 1625 1252 adverso

14 1303 163 1344 trans
194 1307 339 1344 mare
375 1284 469 1342 fita
487 1284 591 1350 est,
626 1282 752 1341 flare
784 1280 919 1339 solet
936 1279 1080 1358 asper
1100 1300 1156 1335 ac
1175 1298 1380 1335 nocens
1411 1295 1629 1336 ventus,

12 1372 112 1448 qui
138 1369 232 1426 ubi
266 1367 521 1436 surrexit,
555 1369 833 1424 neminem
854 1371 953 1421 iter
971 1362 1253 1418 facientem
1276 1361 1410 1416 ultra
1428 1361 1630 1436 reperi-

13 1472 70 1509 re
91 1450 165 1509 est
185 1476 197 1510 ε
218 1450 368 1511 domi
388 1452 545 1508 omni
563 1448 710 1506 aditu
731 1444 905 1504 clauso
926 1444 975 1502 se
991 1441 1214 1525 quisque
1234 1441 1458 1498 servant.
1476 1443 1627 1498 Tan-

9 1552 64 1591 ta
82 1537 228 1591 enim
261 1531 420 1590 flatus
437 1531 511 1590 est
546 1532 804 1589 violentia
822 1569 838 1595 ,
877 1546 936 1586 ut
956 1528 1195 1606 equitem
1227 1545 1349 1580 cum
1375 1544 1522 1601 equo
1542 1544 1627 1579 ra·-

7 1619 123 1695 piat
153 1614 440 1673 sublimem
460 1654 475 1676 ‚
524 1614 873 1690 multumque
907 1629 999 1688 per
1029 1612 1186 1664 inane
1215 1607 1586 1662 circumlatum
1607 1645 1627 1673 ,

10 1696 105 1755 ubi
127 1697 400 1777 postremo
419 1695 632 1769 dejicit,
651 1697 896 1772 perimat.
937 1693 1314 1747 Beneventum
1339 1706 1626 1753 ver0‚cum

11 1798 74 1838 ut
94 1780 200 1839 dixi
217 1797 404 1839 contra
421 1779 591 1853 jaceat
609 1818 626 1846 ‚
648 1781 714 1840 A&
735 1774 957 1855 quidem
976 1771 1133 1830 editis
1153 1773 1208 1827 in
1230 1772 1382 1836 lociS‚
1418 1786 1624 1846 partem

9 1859 117 1920 fert
145 1861 292 1919 istius
318 1858 679 1925 incommodi.
707 1857 892 1937 oppidi
915 1855 1169 1913 conditor
1187 1850 1485 1909 celebratur
1502 1853 1621 1928 Ty-

9 1943 97 2006 dei
128 1944 428 2002 Diomedes
463 1941 582 2023 post
606 1961 822 2020 captum
839 1940 997 1996 Ilium
1018 1938 1219 2013 ejec0tus
1249 1935 1435 2014 Argis·
1476 1937 1524 1989 Is
1544 1931 1624 1991 sui

11 2046 438 2085 monumentum
473 2026 687 2102 reliquit
717 2021 923 2103 oppido
944 2021 1129 2079 dentes
1162 2016 1452 2094 Calydonii
1471 2019 1620 2095 apri,

11 2109 291 2192 Meleagro
313 2107 593 2188 quondam
613 2104 773 2185 ipsius
793 2105 1058 2162 avunculo
1075 2118 1298 2159 venatus
1316 2101 1619 2178 praemium:

13 2194 108 2272 qui
126 2214 271 2270 nunc
289 2196 451 2250 etiam
483 2206 703 2247 manent
723 2232 738 2254 ‚
772 2190 891 2246 miri
910 2186 1148 2266 spetff'mtu
1167 2224 1184 2252 ,
1219 2186 1384 2240 trium
1403 2181 1620 2258 palmo-

9 2293 131 2332 rum
150 2296 263 2332 non
284 2277 462 2336 minus
480 2270 820 2332 craffitudine
839 2312 856 2339 ,
887 2271 1070 2327 lunata
1085 2266 1276 2347 specie.
1309 2266 1419 2322 Hic
1436 2268 1620 2325 AEneae

7 2355 76 2415 ab
97 2358 197 2415 Ilio
217 2358 459 2416 venienti
480 2353 623 2412 fama
639 2351 714 2411 est
744 2347 1085 2432 congressum
1115 2346 1449 2411 Diomedem
1482 2351 1536 2403 &
1554 2366 1619 2402 ex

0 2439 273 2499 2Minervae
313 2439 535 2498 oraculo
573 2432 766 2494 dediffe
785 2439 832 2493 ei
852 2433 1229 2509 simulachrum
1263 2432 1419 2495 Deae,
1440 2427 1617 2507 quod,

11 2523 320 2602 explorator
353 2543 477 2579 cum
496 2521 704 2599 Vlyxe,
737 2511 989 2576 nondum
1018 2533 1174 2594 capto
1210 2511 1464 2571 aGraecis
1495 2510 1619 2575 Ilio,

0 2601 226 2672 ssmiss'uS,
267 2605 392 2663 inde
424 2601 725 2661 abstulerat.
770 2603 1003 2659 Narrant
1021 2601 1167 2656 enim
1186 2637 1201 2658 ‚
1233 2595 1358 2653 cum
1388 2598 1445 2651 in
1466 2612 1620 2649 mor-

0 2685 149 2743 'bum
166 2685 426 2744 incidisset
444 2685 626 2764 postea
644 2727 660 2753 ‚
693 2683 1099 2761 remediumque
1135 2678 1163 2736 a
1180 2678 1365 2737 caelesti
1386 2696 1491 2754 ope
1510 2695 1619 2753 po-

13 2764 177 2825 sceret
195 2807 212 2834 ,
241 2767 550 2850 responsum
569 2770 615 2825 ei
633 2810 650 2836 ,
669 2787 784 2824 non
803 2768 957 2822 aliam
978 2765 1100 2821 mali
1118 2759 1304 2841 fugam
1323 2801 1338 2823 ‚
1357 2758 1451 2815 nisi
1469 2761 1616 2814 Tro-

6 2854 138 2927 jano
173 2853 322 2908 alicui
359 2850 695 2909 simulacrum
728 2846 861 2906 illud
893 2847 1157 2905 redderet.
1217 2844 1279 2902 Id
1311 2837 1484 2922 ipsum
1519 2838 1614 2894 ubi

11 2930 238 2996 nuncsit
271 2972 292 2996 ,,
322 2953 523 3016 negant
551 2932 601 2992 se
637 2931 760 2991 scire
795 2932 1075 2990 Romani:
1119 2925 1205 2987 sed
1238 2925 1470 3006 figuram
1503 2924 1616 2993 ejus

858 3012 922 3069 M
963 3033 1003 3089 4
1438 3020 1620 3074 ‚mon-
