1888 3428
34 234 36 239 .
248 183 694 260 GoT‘rHICAE
735 182 1140 239 HlsToRIAE
1181 186 1424 240 L113.11.
1511 204 1624 262 279

19 286 148 324 cum
167 264 428 323 militibus
447 267 762 344 Byzantium
785 263 943 320 rediit
958 261 1170 319 Narses.
1215 268 1292 320 At
1309 287 1374 321 eo
1394 265 1633 345 digress'os

19 350 214 406 Heruli
244 350 300 403 in
330 349 474 404 Italia
493 369 703 404 manere
721 344 1025 404 recusarunt
1043 386 1060 411 ‚
1100 366 1409 424 quanquam
1430 366 1489 402 ut
1511 369 1625 403 ma-

20 448 209 508 nerent
226 449 418 508 magna
435 429 536 486 illis
562 427 835 486 Belisarius
869 426 896 483 Ξι
924 425 972 483 se
994 447 1155 506 atque
1176 427 1242 483 ab
1259 426 1372 505 ipso
1390 432 1625 505 Impera-

19 531 139 570 tore
157 511 448 569 commoda
469 512 813 590 polliceretur
842 531 855 565 :
878 509 965 565 sed
984 509 1112 566 vasis
1130 511 1365 566 collecftis
1381 512 1621 586 primum

11 596 290 674 Liguriam
309 593 482 652 adiere
493 609 515 659 ¹,
538 593 631 651 ubi
648 610 861 671 reperto
879 595 1048 649 Vraiae
1068 594 1302 648 exercitu
1323 636 1337 655 ,
1360 594 1624 669 mancipia

18 683 74 735 &
106 696 300 754 pecora
326 697 444 755 quae
479 675 622 733 bello
656 693 802 752 capta
822 673 1157 731 adducebant
1171 672 1416 731 hostibus
1432 672 1626 731 *vendi-

16 759 139 817 dere
159 799 177 826 ,
214 756 525 837 magnisque
557 759 794 836 pecuniis
829 761 1055 834 acceptis
1083 757 1428 832 jurejurando
1447 753 1495 813 se
1514 755 1623 813 ob-

16 839 271 899 strinxere
301 861 580 919 nunquam
615 838 664 896 se
693 842 748 895 in
769 838 1019 896 Gotthos
1041 841 1222 918 praelio
1242 857 1334 896 aut
1350 838 1490 895 bello
1513 859 1624 894 ma-

18 939 152 981 num
173 923 642 979 commodaturOS.
684 925 758 978 i-ta
776 939 1023 999 pacatum
1045 923 1184 978 nacti
1211 921 1416 978 abitum
1436 924 1490 976 in
1511 922 1625 977 Ve-

16 1008 218 1063 netiam
252 1001 643 1062 se‘conferunt.
685 1004 758 1060 ibi
787 1002 1075 1084 conspecto
1111 1002 1253 1061 forte
1283 1005 1445 1062 Vitali
1463 1000 1625 1059 subiit

18 1108 113 1144 eos
146 1089 463 1167 poenitentia
496 1084 701 1143 admiffi
736 1089 1216 1164 ixi-Imperatorem
1244 1084 1623 1150 Iustinianum,

14 1167 280 1248 suumque
317 1161 518 1226 crimen
554 1167 872 1225 detestantes
908 1166 1203 1227 Visandum
1240 1170 1266 1225 ἐ
1293 1166 1625 1248 primoribus

18 1249 123 1308 suis
156 1273 280 1308 cum
314 1252 497 1328 aliquo
526 1254 690 1308 milite
715 1250 914 1307 ibidem
935 1254 1246 1330 relinquunt
1282 1274 1294 1306 ε
1329 1250 1624 1325 caeteriBy-

15 1336 258 1390 zantium
294 1330 522 1412 proferiti
551 1374 567 1399 ,
602 1331 828 1390 ducibus
864 1332 1071 1389 Alu'e'th
1110 1339 1164 1389 δε
1200 1331 1625 1408 Philimuthqui

16 1415 335 1472 Ph'anotheo
370 1418 425 1471 in
458 1417 660 1471 Piceno
694 1413 801 1469 fine
833 1434 1068 1472 mortem
1086 1414 1280 1493 adepto
1305 1410 1627 1471 succefi'erat.

14 1501 217 1578 vitigis
250 1504 305 1554 &
341 1499 434 1577 qui
468 1498 610 1576 apud
638 1518 764 1552 eum
801 1515 947 1553 erant
986 1496 1392 1557 Gottbiaudito
1415 1499 1469 1552 in
1490 1493 1539 1551 se
1564 1514 1623 1550 ac

16 1582 339 1638 Ravennam
374 1597 664 1636 venturum
684 1600 809 1635 cum
827 1600 976 1636 novo
998 1601 1119 1636 vere
1138 1578 1443 1635 Belisarium
1469 1618 1484 1644 ‚
1522 1596 1623 1632 tre-

16 1662 200 1742 pidare
222 1665 418 1718 mirum
439 1664 495 1716 in
516 1660 744 1734 modum
766 1700 781 1725 ‚
803 1667 856 1717 &
877 1682 1020 1717 nunc
1034 1660 1139 1717 huc
1157 1701 1173 1727 ,
1196 1680 1338 1716 nunc
1358 1660 1481 1716 illuc
1502 1679 1626 1715 ver-

15 1742 124 1802 sare
140 1741 374 1800 consilia.
416 1744 525 1799 Soli
543 1745 771 1820 impares
800 1739 848 1798 se
879 1741 1122 1808 hostibus
1140 1740 1437 1799 sentiebant
1471 1763 1484 1796 ε
1519 1745 1624 1796 ita-

17 1847 124 1905 que
143 1826 372 1882 aliorum
392 1824 742 1880 barbarorum
761 1827 954 1882 auxilia
970 1826 1168 1881 conciri
1189 1822 1441 1903 placebat.
1478 1823 1624 1879 Ger-

18 1910 190 1965 manis
223 1906 558 1965 abstinebant
592 1920 610 1973 ,’
655 1909 1030 1984 experimento
1066 1905 1246 1964 edoffi
1281 1903 1489 1963 fallaces
1523 1903 1622 1961 esse

15 1988 278 2070 fluxaeque
293 1986 421 2066 fidei
454 2011 468 2045 z
499 2009 596 2067 pro
619 2009 819 2068 magno
838 1988 1096 2046 habentes
1116 2029 1131 2055 ‚
1152 1988 1188 2045 si
1207 2009 1323 2045 non
1343 2008 1466 2044 curn
1481 1989 1624 2043 Beli-

15 2071 150 2132 sario
169 2075 239 2130 illi
257 2092 400 2128 arma
410 2077 703 2151 jungerent
720 2111 737 2138 ,
766 2070 853 2128 sed
873 2072 1081 2128 medios
1102 2068 1150 2127 se
1171 2067 1501 2151 praestarent„
1534 2067 1625 2126 Ad

17 2152 503 2235 Langobardorum
519 2158 816 2233 principem
835 2157 1005 2212 Va’cin
1024 2155 1231 2233 legatos
1250 2150 1434 2221 misere
1456 2191 1473 2216 ,
1506 2144 1623 2209 mla-

17 2240 142 2317 gnis
176 2239 524 2317 pecuniarum
568 2233 834 2314 promissis
877 2234 1187 2293 societatem
1225 2252 1586 2292 emereaturos
1608 2273 1620 2285 .

12 2319 123 2385 ,Sed
141 2322 176 2376 ii
194 2360 211 2387 ,
245 2340 367 2376 cum
390 2316 762 2397 cognovissent
777 2317 948 2376 fidum
967 2317 1282 2398 sociumque
1302 2317 1623 2394 Imperatori

16 2405 187 2460 Vacin
209 2443 225 2470 ‚
257 2404 390 2458 irriti
428 2417 571 2457 retro
601 2399 795 2469 abiere.
837 2401 1024 2458 Rebus
1055 2421 1163 2457 tam
1194 2402 1459 2479 perplexis
1489 2396 1622 2476 saepe

18 2487 220 2564 Vitigis
237 2483 437 2542 ducum
457 2480 833 2539 vetustissimos
851 2485 906 2540 in
937 2483 1219 2539 consilium
1240 2502 1434 2540 vocans
1452 2478 1622 2537 scisci-

18 2566 228 2625 tabatur
259 2565 458 2645 quibus
494 2563 695 2621 artibus
725 2562 936 2623 saetisve
968 2587 1051 2621 res
1083 2569 1138 2622 in
1169 2569 1358 2622 melius
1376 2565 1623 2620 converti

19 2645 247 2728 possent.
289 2645 496 2705 Diversi
512 2646 794 2703 sententias
812 2645 1036 2705 diversas
1049 2647 1247 2716 dixere,
1266 2644 1385 2705 alias
1403 2664 1624 2722 tempo-

22 2731 169 2787 ribus
188 2727 623 2810 discongruentes
641 2770 657 2796 ‚
691 2731 812 2785 alias
838 2732 1060 2786 rationis
1090 2751 1204 2787 non
1226 2748 1436 2810 egenas,
1476 2733 1624 2784 Inter

22 2829 208 2869 caetera
225 2813 268 2867 is
285 2832 504 2890 quoque
522 2812 752 2888 inje&us
770 2809 943 2868 sermo
967 2833 1279 2890 :nunquam
1299 2814 1622 2868 Romanum

16 2897 401 2971 Imperatorem
419 2898 473 2949 in
490 2894 805 2950 Occidentis
822 2893 1074 2951 barbaros
1090 2915 1233 2950 arma
1249 2891 1479 2950 intulisse
1498 2931 1512 2951 ‚
1527 2888 1625 2946 nist

21 2979 168 3055 prius
182 2973 275 3054 ipsi
288 2972 542 3054 sociisque
563 2996 654 3057 per
673 2977 960 3035 Orientem
982 2977 1197 3055 regibus
1216 2997 1340 3036 cum
1361 2971 1506 3033 Persa
1522 2989 1624 3049 pax

24 3083 27 3097 i
60 3096 63 3099 .
1013 3061 1044 3114 S
1088 3079 1128 3135 4
1539 3067 1631 3132 am}
