1888 3428
221 173 341 254 ”468
546 179 941 235 PRocopn
996 172 1545 234 CAEsAREENsre

225 279 418 316 corum
439 278 528 315 rex
561 281 625 315 ex
659 261 840 315 amicis
870 257 974 314 suis
1006 259 1328 335 Byzantium
1360 256 1425 323 ad
1454 244 1843 334 Imperatore'm
1884 320 1888 321 ἶ

221 341 576 398 Iustinianum
611 342 820 421 legatos
849 336 1093 406 mififfet,
1127 341 1442 416 Anglorum
1476 335 1743 415 quosdam
1783 340 1848 393 iis

224 422 427 481 addidit
446 464 460 489 ‚
483 421 682 479 famam
700 425 909 500 imperii
928 426 982 478 in
1002 443 1119 478 eam
1135 441 1298 499 quam
1317 420 1427 477 dixi
1443 417 1665 476 insulam
1696 438 1846 497 quaen

224 527 392 566 rens..
414 507 548 564 Haec
565 505 630 562 de
647 508 836 561 Brittia
853 525 971 581 quae
991 503 1223 560 dicerem
1237 500 1417 559 habui.
1462 504 1656 558 Varniss
1674 519 1847 579 nuper

224 590 580 666 imperaverat
594 584 996 666 Hermegisclns
1019 590 1261 650 nomine,
1281 588 1375 663 qui
1393 582 1660 641 firmando
1677 602 1850 663 regno
1883 621 1885 624 <

225 669 608 727 Theudeberti
642 671 969 726 Francorum
999 672 1138 746 regis
1173 666 1415 723 sororem
1450 669 1716 745 conjugio
1751 663 1851 721 fibi

222 746 546 819 sociaverat,
581 750 757 808 amiffa
779 754 983 808 nonita
1002 750 1206 828 pridem
1227 771 1390 827 quam
1412 747 1670 804 habuerat
1705 767 1853 803 uxo—

223 855 282 891 re
300 875 315 895 ,
334 833 428 891 filii
444 838 602 890 unius
619 851 787 889 matre
812 854 978 911 quem
999 837 1235 894 moriens
1254 834 1390 909 patri
1407 833 1691 908 reliquerat
1709 870 1725 896 ‚
1745 849 1853 885 no‘-

223 916 675 994 mineRadigem.
717 916 782 971 Ei
799 936 968 993 puero
991 934 1136 992 pater
1162 917 1427 993 virginem
1453 916 1642 969 Brittia
1670 910 1853 990 egen·-

227 1017 285 1055 te
319 998 671 1077 desponderat
693 1040 708 1061 ,
753 1002 904 1071 cujus
939 994 1099 1052 frater
1134 997 1274 1073 apud
1298 998 1521 1075 *Anglos
1557 995 1851 1073 regnabat,

225 1100 593 1160 magnamque
612 1081 782 1134 sorori
798 1080 982 1134 dotem
1005 1077 1242 1134 dederat.
1272 1079 1430 1134 Forte
1449 1074 1854 1155 Hermegisclus

226 1184 356 1219 cum
387 1166 702 1219 Varnorum
739 1158 1072 1238 principibus
1102 1180 1193 1237 per
1227 1180 1387 1238 agros
1420 1163 1667 1236 equitans
1697 1178 1853 1215 avem

226 1246 402 1310 vidit,
437 1263 666 1322 eamque
696 1241 958 1298 sonorum
1000 1244 1384 1304 crocitantem,
1415 1239 1516 1296 sive
1547 1259 1730 1296 autern
1765 1242 1855 1295 in-

228 1327 436 1383 tellexit
474 1326 708 1381 volucris
741 1322 934 1381 sonum
955 1363 971 1389 ‚
993 1322 1099 1379 sive
1116 1323 1326 1380 aliunde
1358 1322 1589 1379 edoftus
1611 1348 1628 1389 5
1650 1323 1853 1378 ominis

225 1407 380 1466 'istius
411 1405 567 1464 finxit
592 1406 925 1464 intellesftum
946 1446 964 1472 ‚
999 1405 1262 1462 omnibus
1296 1409 1390 1483 qui
1419 1405 1855 1482 aderantrpalam

229 1490 397 1547 edixit
417 1529 432 1550 ‚
467 1487 586 1568 post
621 1488 733 1545 dies
766 1489 1116 1567 quadraginta
1143 1492 1260 1546 vitae
1280 1486 1376 1544 fibi
1407 1486 1596 1544 instare
1624 1490 1853 1548 exitum,

228 1572 287 1630 id
305 1571 398 1629 fibi
413 1593 567 1628 avem
585 1571 881 1650 praedicere.
926 1570 1145 1627 Deinde
1168 1595 1181 1626 :
1219 1591 1323 1649 ego
1348 1611 1363 1636 ‚
1382 1570 1561 1648 inquit
1580 1609 1595 1633 ,
1619 1590 1738 1625 eam
1759 1588 1858 1626 cu·-

230 1675 349 1712 ram
367 1652 568 1710 habens
589 1656 877 1708 maximam
902 1671 1014 1718 ,ut
1047 1651 1153 1708 sine
1194 1671 1346 1708 metu
1385 1655 1440 1708 in
1472 1654 1592 1708 otio
1630 1653 1855 1719 vivatiS,

232 1735 548 1793 affinitatem
570 1756 693 1791 cum
710 1735 1090 1807 Francisjunxi
1112 1774 1127 1800 ,
1163 1733 1323 1790 dueta
1355 1734 1479 1790 inde
1500 1743 1668 1790 uxore
1690 1758 1703 1790 z
1739 1730 1858 1789 filio

230 1836 419 1876 autem
453 1839 516 1874 ex
566 1819 758 1872 Brittia
790 1814 1002 1893 quaesivi
1053 1818 1482 1872 matrimonium.
1525 1815 1692 1871 Nunc
1727 1835 1857 1872 vero

234 1897 361 1959 cum
381 1902 741 1978 propinquam
761 1896 888 1953 mihi
909 1913 1146 1953 mortem
1165 1897 1321 1954 video
1341 1938 1356 1963 ‚
1390 1897 1568 1954 nullos
1587 1919 1648 1952 ex
1666 1895 1857 1953 secun-

235 1983 305 2041 da
323 2002 493 2063 uxore
524 1979 741 2037 habenti
776 1978 973 2035 liberos
995 2020 1010 2045 ‚
1045 1976 1215 2035 filium
1250 2000 1378 2034 vero
1410 1979 1474 2036 ad
1508 1977 1650 2035 hunc
1687 1977 1854 2057 usque

230 2063 382 2122 diem
414 2080 690 2141 expertem
719 2063 1026 2138 nuptiarum
1049 2101 1064 2126 ‚
1095 2064 1325 2139 aperiam
1356 2061 1511 2117 vobis
1543 2064 1706 2117 animi
1747 2061 1857 2116 mei

230 2149 492 2225 cogitata,
533 2145 610 2200 Ea
627 2141 665 2200 fi
688 2142 843 2200 vobis
862 2146 916 2198 in
938 2142 1214 2221 publicum
1236 2143 1384 2199 utilia
1416 2143 1699 2209 videntur,
1735 2164 1855 2207 VOS,

233 2227 334 2284 ubi
355 2227 740 2283 mortalitatem
770 2228 1054 2302 explevero
1075 2267 1091 2291 ‚
1114 2224 1417 2303 ‘approbate
1450 2231 1503 2282 &
1540 2244 1649 2281 rata
1665 2223 1858 2292 facite,

238 2310 393 2388 quod
430 2311 586 2365 Deus
622 2305 887 2364 fortunet.
934 2310 1014 2363 Sic
1050 2310 1212 2385 igitur
1260 2306 1506 2363 existimo
1554 2308 1856 2365 conducere

226 2392 415 2470 magis
457 2395 771 2448 Varnorum
820 2389 1123 2445 rationibus
1164 2390 1394 2445 Francos
1429 2388 1624 2446 habere
1673 2387 1888 2451 affines-2

235 2494 406 2553 quam
424 2475 542 2530 illos
562 2472 919 2550 quiBrittiam
945 2468 1167 2526 insulam
1199 2468 1463 2527 habitant.
1503 2472 1646 2527 Nam
1679 2473 1858 2527 Brittii
1886 2462 1888 2485 ³

239 2554 405 2612 nobis
425 2552 721 2632 sejungere
740 2593 756 2618 ‚
790 2551 884 2608 nil-‘1
902 2551 1015 2609 sero
1034 2576 1054 2619 ,·
1083 2553 1246 2630 idque
1267 2573 1460 2631 magna
1481 2575 1606 2610 cum
1626 2550 1858 2613 difficul-

237 2653 350 2694 tate
370 2652 671 2715 nequeunt.
714 2633 898 2691 Franci
932 2634 959 2690 ὲ
994 2636 1184 2693 Varnis
1220 2635 1398 2691 medio
1421 2652 1634 2693 tantum
1657 2634 1855 2693 Rheno

237 2717 433 2776 distant
449 2759 465 2784 ‚
488 2737 722 2794 cumque
740 2713 839 2773 {itu
858 2718 1110 2774 locorum
1133 2718 1288 2772 vicini
1307 2715 1428 2785 sint,
1443 2719 1653 2796 imperii
1671 2712 1857 2774 autem

239 2799 618 2881 magnitudine
638 2797 796 2855 validi
822 2821 836 2854 τ
872 2817 981 2854 tam
1017 2797 1367 2856 commodare
1386 2800 1549 2857 nobis
1565 2820 1729 2879 quam
1752 2821 1861 2857 no-

240 2901 381 2949 cere,
397 2899 799 2958 utrumcunque
819 2880 1120 2947 voluerint,
1158 2898 1436 2955 promtum
1474 2879 1687 2938 habent.
1730 2882 1861 2938 No-

238 2962 442 3047 cebunt
459 2981 639 3023 autem
656 3003 673 3032 ‚
690 2960 786 3020 nisi
803 2960 1087 3044 prohibeat
1105 2958 1370 3023 affinitatis
1391 2966 1689 3026 vinculum.
1725 2965 1866 3022 Gra-

1781 3065 1865 3106 vis
