1888 3428
226 214 308 277 74
544 197 933 273 Pssocomt
976 191 1512 250 CAEsAREENsts

223 281 296 338 Et
314 296 466 334 avem
500 277 724 356 quidem
746 298 862 334 non
879 278 1089 355 attigit,
1131 272 1428 330 Iohannem
1457 288 1637 329 autem
1655 282 1826 351 prope
1886 274 1888 276 ’

228 361 456 417 stantem
475 362 529 416 in
549 364 749 417 cervice
767 361 982 437 ignarus
1002 354 1126 413 ferit
1151 355 1330 412 lethali
1346 357 1561 412 vulnere
1578 395 1594 420 ‚
1632 375 1695 409 ex
1713 359 1828 431 quo

228 443 370 499 obiit
390 483 407 509 ‚
430 445 621 523 ingens
634 441 709 498 sui
727 440 1044 497 desiderium
1061 436 1353 494 Iustiniano
1369 458 1426 493 ac
1439 436 1690 493 Belisario
1708 436 1829 492 Ro-

229 524 507 604 manisque
533 531 586 582 &
623 518 1136 601 Carthaginensibus
1171 519 1498 599 relinquens.
1542 519 1686 574 Nam
1705 538 1830 574 cum

230 611 425 665 virtute
446 613 500 664 δε
518 607 730 663 militari
751 609 805 660 δε
825 606 937 661 aliis
953 602 1230 661 excelleret
1249 642 1265 669 ‚
1300 602 1519 658 lenitate
1537 619 1757 657 morum
1777 605 1832 656 &

232 692 377 746 comi
398 684 678 769 congressu
696 690 789 766 qui
823 684 871 743 se
891 689 1126 744 vinceret
1153 683 1385 742 habebat
1411 686 1706 740 neminem.
1749 683 1833 737 Sic
1884 695 1888 702 ⁴

230 771 403 829 fatum
433 771 698 827 Iohannes
726 769 978 848 explevit.
1022 770 1214 825 Vliaris
1232 766 1326 824 ubi
1357 764 1836 823 aconsternatione

232 855 298 911 ad
314 853 363 910 se
382 852 569 921 rediit,
598 856 653 909 in
675 855 853 908 vicum
874 851 1183 930 proximum
1203 867 1350 928 capta
1368 845 1515 928 fuga,
1531 845 1605 921 ibi
1623 851 1679 904 in
1695 864 1837 903 tem—

230 938 325 1014 plo
346 935 639 1014 supplicum
659 937 761 991 ritu
783 931 1051 990 consedit:
1096 936 1175 989 At
1201 931 1462 989 militibus
1497 931 1836 987 Gelimerem

207 1015 546 1096 insequendi
565 1036 680 1073 non
716 1017 852 1073 ultra
883 1014 1156 1072 studium:
1187 1013 1418 1072 Iohanni
1448 1016 1687 1092 primum
1708 1013 1837 1069 vivo

233 1121 352 1178 quae
386 1116 642 1178 poterant
672 1096 884 1166 officia,
918 1118 1049 1154 mox
1081 1115 1303 1154 mortuo
1329 1094 1470 1172 justa
1488 1094 1799 1174 praestabant
1820 1114 1837 1149 ε
1885 1088 1887 1090 ’

234 1186 400 1260 inque
428 1185 552 1239 loco
580 1199 889 1245 manentes»,
926 1178 1129 1235 tristem
1149 1179 1323 1236 casum
1344 1176 1714 1259 significabant
1732 1178 1840 1233 Be·-

235 1263 409 1320 lisario
431 1307 447 1327 ‚
480 1267 575 1343 qui
597 1281 653 1319 ut
672 1262 841 1319 audiit
856 1301 875 1326 ,
907 1262 1057 1320 venit
1074 1260 1138 1317 ad
1154 1260 1405 1316 Iohannis
1419 1262 1715 1324 tumulum,
1732 1256 1841 1313 ibi-

235 1368 345 1423 que
374 1351 429 1401 &
463 1345 742 1425 publicum
759 1342 1022 1401 damnum
1037 1347 1091 1399 &
1108 1340 1260 1399 suum
1282 1342 1466 1399 multis
1480 1340 1734 1399 maestitiae
1753 1341 1842 1395 in»

236 1430 386 1484 diciis
402 1425 717 1504 prosecutus
734 1466 751 1492 ,
785 1430 840 1482 &
858 1423 1018 1482 rebus
1044 1427 1154 1483 aliis
1175 1431 1229 1482 &
1260 1423 1436 1482 reditu
1455 1424 1519 1481 ad
1537 1426 1759 1481 tutelam
1779 1442 1841 1477 e-

169 1510 171 1513 ’
231 1515 320 1585 με
337 1531 520 1566 annuo
544 1526 966 1566 monumentum
985 1506 1280 1566 decoravit.
1320 1509 1488 1564 Vliari
1507 1524 1688 1564 tamen
1709 1501 1844 1560 nihil

235 1595 426 1649 nocuit
446 1633 462 1657 ‚
504 1589 819 1647 testantibus
847 1593 943 1669 qui
964 1592 1219 1647 morienti
1247 1586 1529 1646 adfuerant
1559 1585 1843 1646 militibus,

236 1673 542 1752 gravissima
559 1670 608 1728 se
643 1671 840 1751 abipso
862 1671 1080 1728 adactos
1101 1671 1429 1745 jurejurandi
1448 1672 1742 1750 religione,
1771 1688 1842 1723 ne

239 1777 348 1835 qua
366 1757 502 1812 ultio
521 1752 820 1810 sumeretur
835 1752 899 1810 de
911 1752 1136 1810 homine
1157 1773 1273 1808 non
1292 1750 1549 1830 spontein
1576 1753 1630 1809 id
1657 1754 1842 1830 piacu-

238 1840 354 1895 lum
375 1834 645 1917 prolapsffi
688 1838 772 1893 Sic
789 1835 874 1892 illa
893 1835 978 1893 die
996 1833 1157 1893 evafit
1177 1837 1541 1914 captivitatem
1578 1835 1842 1891 Gelimer.

156 1973 159 1974 γ
239 1926 323 1985 At
342 1918 616 1977 Belisarius
649 1914 853 1998 insequi
875 1915 1206 1996 perseverans
1225 1958 1242 1985 ,
1278 1916 1371 1974 ubi
1388 1918 1452 1975 ad
1474 1915 1662 1974 urbem
1682 1916 1845 1972 mari—

241 2008 431 2060 timam
459 2000 826 2059 Numidarum
846 2003 1089 2079 pervenit
1108 2043 1124 2065 ‚
1159 1999 1345 2057 decem
1374 1999 1582 2057 dierum
1611 1994 1844 2056 itinerea

244 2086 573 2164 Carthagine
588 2124 606 2151 ,
641 2085 724 2139 cui
745 2103 948 2140 nomen
968 2084 1160 2160 Hippo
1179 2085 1360 2161 regius
1379 2123 1396 2150 ‚
1429 2079 1579 2140 discit
1596 2080 1843 2161 superato

238 2173 423 2245 Papua
452 2186 640 2223 monte
681 2164 1016 2222 Gelimerem
1049 2162 1283 2244 effugisse
1320 2167 1599 2222 Romanas
1632 2183 1845 2219 manus.

241 2256 306 2308 En
340 2252 525 2306 ultima
553 2247 813 2305 Numidia
847 2246 921 2303 est
954 2250 998 2304 is
1016 2268 1212 2315 monS,
1245 2247 1508 2326 abruptus
1527 2248 1844 2325 plurimum,

242 2330 550 2411 difficilique
568 2329 714 2388 aditu
731 2328 805 2388 ob
821 2329 1171 2386 circumdatas
1181 2347 1381 2387 cautes.
1400 2330 1664 2387 Habitant
1683 2329 1846 2385 Mau-

245 2419 324 2481 ri,
355 2435 488 2492 gens
523 2412 746 2469 barbara
764 2454 781 2481 ,
814 2416 981 2469 amica
1015 2430 1147 2470 tunc
1183 2418 1237 2469 &
1279 2409 1387 2469 fida
1435 2413 1725 2470 Gelimeri.
1781 2414 1843 2464 In

243 2514 437 2554 monte
466 2499 675 2552 extimo
693 2494 956 2575 oppidum
975 2492 1049 2551 est
1066 2498 1352 2573 antiquum
1374 2534 1390 2556 ‚
1420 2492 1508 2552 sed
1536 2513 1717 2551 carens
1736 2512 1844 2548 no·-

243 2583 393 2636 mine
416 2619 433 2645 ,
464 2581 520 2634 in
551 2599 665 2656 quo
689 2599 812 2643 cum
833 2576 1130 2645 comitibus
1146 2576 1391 2634 Gelimer
1410 2576 1438 2633 ὲ
1465 2577 1614 2633 malis
1634 2574 1738 2640 suis
1757 2594 1845 2630 re-

241 2660 485 2739 spirabat.
527 2660 803 2716 Belisatius
821 2662 1000 2738 itaque
1039 2665 1063 2731 (
1082 2678 1256 2738 neque
1278 2662 1422 2716 enim
1442 2677 1648 2716 tentare
1681 2676 1845 2714 mon-
1879 2705 1886 2711 „

241 2748 311 2800 tis
342 2740 645 2800 adscensum
672 2741 856 2818 hyems
875 2783 893 2810 ,
930 2763 1046 2821 quae
1078 2747 1188 2816 jam
1225 2739 1438 2808 aderat,
1467 2739 1807 2819 permittebat
1828 2749 1850 2801 ,'

241 2846 419 2903 neque
438 2822 756 2881 nutantibus
773 2823 944 2881 adhuc
964 2824 1056 2880 reb
1066 2845 1122 2881 us
1152 2825 1317 2901 longe
1348 2822 1376 2879 Ξῑ
1395 2823 1724 2903 Carthagine
1748 2820 1845 2877 ab-

181 2969 184 2973 ,
241 2907 448 2965 {cedere
468 2924 651 2963 tutum
672 2911 697 2978 )
729 2906 956 2965 dilecstos
979 2909 1172 2964 milites
1191 2947 1209 2974 ,
1230 2905 1401 2963 Phara
1419 2905 1574 2973 duce,
1591 2903 1846 2966 obfiden—

245 2991 318 3048 do
337 2992 518 3048 monti
536 2991 768 3071 reliquit.
811 2990 940 3049 Erat
969 2988 1162 3049 Pharas
1180 2989 1259 3052 vir
1288 2987 1566 3059 strenuuS,
1609 3002 1849 3067 magnae-

1743 3084 1850 3145 que
