1888 3428
227 149 351 227 *476
577 150 971 206 Pnoc01³11
1015 143 1548 206 CAESAR'EENSIS
1875 217 1878 220 ‚

222 250 441 308 proram
460 226 510 287 se
528 230 769 288 extendit
789 271 806 296 ,
839 228 1059 306 simplex
1081 234 1135 285 δε
1153 227 1259 285 hoc
1277 270 1295 297 ,
1332 231 1485 288 clavis
1502 227 1685 287 ferreis
1702 228 1759 287 in
1777 230 1833 289 id
1876 292 1877 295 ,

222 330 437 369 tantum
470 310 750 369 confixum
783 329 845 368 ut
879 309 1038 367 costis
1078 308 1350 388 cohaerens
1388 313 1592 370 teftum
1620 308 1828 369 efficiat.
1872 332 1876 341 ’

222 395 305 451 Ex
340 393 422 452 his
455 394 693 473 partibus
715 397 863 450 navis
896 389 1145 449 constans
1174 389 1457 471 speciosior
1480 393 1552 450 est
1587 414 1750 471 quam
1771 410 1832 451 ut

222 475 404 535 verbis
438 477 598 556 digne
626 476 846 553 depingi
881 471 1061 552 possit.
1107 477 1310 553 quippe-
1337 497 1565 554 operum
1594 475 1834 533 miranda

219 557 337 638 ‘ipsa
348 557 423 616 sui
441 556 628 615 natur&
639 554 870 614 difficilia
880 556 1132 614 hominib
1142 579 1202 613 us
1219 555 1340 615 sunt
1352 560 1615 637 explicatu
1633 580 1646 614 τ
1667 578 1838 636 quan·
1883 548 1888 562 ⁸

222 645 454 719 tumque
491 663 572 697 res
605 643 749 696 cerni
782 638 960 696 solitas
1002 636 1210 696 artificii
1244 638 1540 717 praestantia
1572 642 1834 706 vincunt,
1882 715 1886 718 ᾖ

221 728 543 781 tantundem
578 725 844 778 orationis
877 725 987 780 vim
1022 720 1291 801 superant.
1333 722 1420 779 Ad
1437 721 1543 778 hoc
1558 723 1836 800 lignorum

222 826 344 885 quae
358 806 462 863 dixi
483 806 696 862 nullum
713 821 804 861 aut
822 807 1026 884 putruit
1046 845 1064 872 ‚
1109 822 1201 861 aut
1220 808 1416 862 cariem
1441 804 1677 861 ostendit
1695 845 1711 871 ‚
1746 802 1836 861 sed

185 925 188 926 ν
216 887 373 967 'quasi
414 889 583 944 modo
617 884 870 943 fabricata
899 887 1024 944 efl'et
1055 889 1204 944 navis
1236 888 1300 944 ad
1332 885 1568 943 nostram
1590 904 1837 947 aetatem,
1886 940 1888 942 .

222 970 377 1049 quod
398 968 640 1048 &ipsum
658 970 896 1025 miraculi
914 967 1141 1049 speciem
1157 968 1319 1026 habet
1336 1010 1352 1035 ,
1385 987 1565 1026 manet
1582 971 1837 1025 incorru-

220 1070 334 1130 pta.
379 1050 449 1107 Et
466 1052 575 1108 haec
595 1052 658 1108 de
675 1054 795 1107 navi
825 1056 1005 1107 AEneae
1030 1050 1208 1107 obiter
1227 1051 1367 1109 diota
1387 1050 1569 1107 sunto.
1612 1054 1693 1108 At
1711 1053 1839 1106 To-

223 1136 339 1190 tilas
359 1155 520 1190 naves
540 1136 730 1213 longas
764 1152 1027 1190 trecentas
1048 1132 1278 1189 Gotthis
1296 1134 1485 1211 implet
1502 1174 1518 1200 ‚
1554 1154 1759 1212 eosque
1778 1135 1836 1188 in

225 1216 495 1273 Graeciam
531 1219 604 1272 ire
624 1215 788 1289 jubet
806 1255 822 1280 ‚
867 1221 921 1271 &
943 1215 1388 1294 populationibus
1407 1236 1569 1293 quam
1588 1208 1691 1272 laic
1712 1212 1837 1291 pos—

222 1296 340 1354 sent
359 1293 586 1377 graffari.
631 1298 764 1353 Haec
784 1295 950 1353 claffis
971 1338 988 1365 ,
1018 1297 1193 1354 donec
1213 1297 1277 1353 ad
1296 1298 1592 1375 Corcyram
1613 1337 1628 1357 ,
1654 1296 1837 1354 Phaea-

225 1401 351 1437 cum
369 1381 505 1436 olim
524 1378 746 1436 insulam
768 1421 785 1447 ,
825 1382 1161 1456 perveniret,
1194 1376 1395 1454 transiit
1428 1381 1649 1435 innoxia
1685 1377 1838 1458 quod

221 1458 414 1519 {freto
449 1460 651 1530 ficu10‚
693 1461 788 1518 ubi
825 1459 899 1517 est
933 1455 1236 1539 Charybdis
1262 1501 1280 1526 ‚
1329 1462 1627 1540 Corcyram
1664 1481 1840 1540 usque
1886 1476 1888 1479 “

222 1545 369 1601 nulla
404 1560 650 1601 occurrat
680 1543 844 1601 insula
880 1541 1200 1599 hominib-<us
1225 1542 1489 1615 habitata,
1519 1546 1700 1621 itaque
1729 1564 1841 1621 ego
1878 1565 1882 1569 ·

223 1646 351 1682 cum
368 1624 502 1704 saepe
518 1628 634 1684 illac
655 1628 1020 1706 navigaverim
1038 1630 1275 1682 incertus
1303 1623 1421 1683 haefi
1442 1667 1459 1693 ‚
1496 1625 1589 1682 ubi
1607 1628 1692 1683 illa
1711 1625 1841 1701 essetf:
1880 1680 1886 1683 ⁷

227 1706 489 1786 Calypsus
522 1706 707 1765 insula.
743 1729 865 1767 nam
894 1709 951 1762 in
979 1711 1137 1764 omni
1172 1706 1277 1764 hoc
1311 1710 1443 1765 mari
1473 1708 1675 1764 nullam
1696 1728 1836 1764 con-2

223 1786 366 1867 spexi
384 1788 610 1846 insulam
633 1833 646 1853 ‚
684 1787 779 1845 nifi
816 1807 921 1845 tres
946 1787 973 1845 a
993 1790 1230 1867 Corcyra
1248 1786 1418 1845 ferme
1435 1807 1671 1846 trecenta
1689 1787 1836 1846 diffi-
1879 1812 1886 1822 ³

224 1888 304 1927 tas
323 1870 486 1929 stadia
504 1912 520 1937 ,
534 1874 840 1949 vicinasque
859 1874 998 1926 inter
1017 1867 1065 1926 se
1081 1910 1099 1936 ‚
1123 1871 1365 1927 modicas
1383 1871 1703 1939 admodum,
1718 1872 1838 1928 nul-

221 1955 282 2010 lo
301 1952 366 2010 ad
383 1952 674 2010 hominum
698 1955 1122 2010 animantiumve
1144 1952 1266 2010 usus
1283 1954 1429 2010 tecto
1450 1994 1466 2015 2
1504 1953 1647 2010 nulla
1667 1975 1719 2010 re
1735 1954 1835 2010 alia

222 2034 521 2092 instrufias.
583 2034 823 2093 Othonae
853 2037 1033 2093 vocari
1067 2032 1263 2092 solent.
1305 2034 1608 2113 Suspicetur
1641 2038 1833 2115 aliquis

222 2115 311 2176 hic
340 2113 590 2188 habitasse
621 2115 885 2194 Calypso,
918 2134 1078 2196 atque
1108 2117 1230 2175 inde
1248 2120 1463 2175 Vlixem
1496 2116 1646 2175 brevi
1674 2123 1834 2194 trajea

224 2200 320 2259 &cu
337 2241 354 2267 ,
376 2197 479 2256 five
501 2217 609 2257 rate
629 2219 687 2260 ut
706 2200 986 2256 Homerus
1004 2197 1183 2256 scribit-
1200 2240 1215 2267 ,
1235 2197 1340 2256 five
1359 2200 1464 2256 alio
1484 2200 1677 2267 modo,
1703 2220 1834 2257 cum
1853 2246 1878 2256 -

223 2303 360 2339 nave
379 2280 757 2341 destitueretur
773 2323 790 2349 ,
811 2281 1110 2359 Corcyram
1129 2277 1410 2340 adveniffe.
1453 2283 1586 2339 Haec
1605 2285 1677 2339 ita
1698 2303 1830 2340 con-

216 2364 418 2442 jectare
445 2365 619 2421 liceat.
663 2385 788 2421 narn
806 2362 1032 2420 vetustas
1051 2368 1377 2422 narrationes
1396 2364 1459 2422 ad
1477 2367 1715 2421 exactam
1736 2385 1831 2421 ve-

221 2451 442 2506 ritatem
471 2447 711 2526 redigere
731 2487 746 2513 ‚
782 2443 923 2503 haud
945 2443 1098 2503 facile
1117 2445 1193 2503 est
1211 2488 1227 2514 ‚
1263 2446 1481 2526 quando
1501 2448 1665 2527 long-a
1683 2465 1826 2513 aetas,

223 2550 339 2585 non
369 2530 621 2586 locorum
652 2544 865 2584 tantum
886 2531 1110 2585 nomina
1131 2569 1147 2595 ‚
1179 2526 1265 2586 sed
1299 2535 1353 2584 &
1374 2547 1493 2607 quae
1527 2528 1592 2586 de
1624 2531 1687 2584 iis
1709 2526 1836 2584 sunt-

221 2611 417 2667 t-radita
435 2611 729 2690 plurimum
758 2608 891 2667 solet
909 2613 1214 2668 immutare.
1259 2611 1526 2688 Exemplo
1546 2608 1606 2667 fit
1625 2650 1640 2675 ‚
1677 2609 1833 2688 quod
1887 2635 1888 2638 ¹

222 2713 419 2750 navem
454 2714 571 2771 quae
610 2693 718 2749 alto
752 2713 816 2748 ex
835 2690 959 2750 saxo
990 2690 1128 2750 faistai
1149 2696 1202 2749 in
1223 2693 1404 2749 littore
1436 2691 1537 2748 stat
1555 2693 1831 2769 Corcyrae,
1882 2724 1885 2725 ν

221 2777 367 2831 illam
387 2772 485 2829 effe
505 2775 755 2831 nonnulli
773 2774 1076 2831 existimant
1095 2816 1112 2844 ,
1132 2796 1238 2854 qua
1255 2777 1439 2831 Vlixes
1456 2816 1473 2842 ,
1500 2795 1624 2830 cum
1646 2771 1831 2850 hospi-

223 2860 302 2913 tio
319 2855 346 2912 ὲ
362 2854 668 2920 P-haeacibus
689 2873 942 2933 exceptus
959 2856 1101 2925 effer,
1123 2860 1177 2914 in
1199 2855 1431 2913 Ithacam
1452 2856 1717 2912 trave6ms
1735 2853 1854 2910 eshv

204 2941 398 3025 [Atqui
431 2958 551 3004 non
583 2937 890 3012 uniusmodi
920 2938 973 2997 id
997 2942 1273 3020 navigium
1303 2936 1377 2996 est
1397 2979 1415 3002 ,
1447 2937 1532 2997 sed
1563 2959 1626 2995 ex
1647 2937 1834 2994 multis

1729 3037 1757 3075 C
1772 3036 1839 3076 ΟΦ
