1931 3428
298 141 719 197 ‘L1BER
796 140 1227 211 PR14Mvs.⁸
1502 167 1627 227 747

9 232 68 286 δε
95 221 254 283 semis
287 220 449 302 pedes
484 222 693 279 inveni.
736 221 822 276 Sic
853 222 1390 298 quoque'contrario
1425 231 1625 298 mod0,

7 325 222 389 quanto
240 307 607 386 propinquius
636 303 920 361 meridiem
938 298 1112 362 versus
1130 304 1194 361 ad
1215 305 1384 364 solem
1419 313 1627 372 accedi-

8 409 121 461 tur,
138 405 355 450 tantum
374 383 584 467 semper
601 385 804 446 umbrae
823 384 1097 444 breviores
1115 385 1366 445 videntur
1386 413 1403 457 3
1441 395 1496 449 in
1514 414 1632 453 tan-

0 490 132 532 *tum
151 515 168 537 ‚
186 490 248 531 ut
265 468 490 528 solstitio
511 468 740 540 aestivali,
756 467 1065 548 respiciente
1084 465 1191 526 sole
1210 469 1277 526 de
1294 472 1479 529 medio
1500 481 1630 545 caeli,

7 559 68 614 in
99 561 343 636 AEgypto
382 559 437 611 δε
465 552 862 633 Hierosolymis
892 591 910 618 ‚
940 556 996 608 &
1028 554 1085 608 in
1123 572 1320 610 eorum
1354 556 1631 616 vicinitate

10 637 320 696 constitutis
352 638 524 705 lociS,
563 635 732 694 nullae*
753 635 1037 694 videantur
1056 632 1284 694 umbrae.
1335 640 1398 692 In
1415 640 1632 698 *Arabia

7 738 143 778 vero
167 759 184 781 ,
199 716 307 775 hoc
326 716 441 798 ipso
461 737 711 799 tempore
729 758 746 786 ,
767 713 844 774 sol
860 715 1016 796 supra
1035 718 1282 778 medium
1301 720 1411 777 caeli
1426 721 1490 779 ad
1511 745 1636 801 par-

6 817 123 859 tem
151 797 450 880 Aquilonis
468 804 741 871 cernitur,
778 799 1100 881 umbraeque
1131 800 1275 861 versa
1296 805 1413 859 vice
1445 823 1636 863 contra

8 883 296 964 meridiem
315 884 594 946 videntur.

501 1042 563 1108 C
666 1044 1174 1114 AP.⁴VI.

180 1196 258 1244 De
279 1167 452 1244 duobus
472 1184 708 1243 umbilicis
728 1187 1085 1242 Oceanimarv‘s
1111 1226 1129 1252 ,
1165 1186 1252 1263 qui
1271 1186 1395 1261 fient
1408 1207 1471 1245 ex

473 1284 685 1344 utraque
710 1282 860 1344 parte
894 1270 1178 1326 Britannia.

10 1406 150 1535 N
167 1404 247 1462 Ec
260 1402 381 1462 satis
399 1406 588 1482 procul
605 1401 673 1461 ab
697 1402 805 1461 hoc
825 1404 890 1462 de
915 1426 1029 1484 quo
1050 1405 1403 1486 praemifimus
1430 1410 1641 1478 littore,

177 1504 365 1544 contra
385 1486 782 1544 occidentalem
800 1505 1006 1565 partem
1026 1532 1042 1554 ,
1078 1511 1186 1569 qua
1204 1487 1312 1546 fine
1330 1489 1439 1548 fine
1458 1493 1641 1549 Ocea-

9 1590 149 1628 num
181 1570 406 1650 pelagus
424 1587 571 1649 patet
602 1610 620 1636 ,
654 1566 1070 1648 profundissima
1094 1593 1355 1652 aquarum
1374 1575 1460 1631 illa
1481 1596 1643 1632 vora-

11 1672 90 1734 go
110 1649 185 1708 est
205 1694 224 1721 ‚
260 1673 425 1731 quam
446 1650 641 1729 ufitato
678 1656 905 1709 nomine
929 1656 1088 1709 maris
1119 1654 1441 1713 umbilicum
1473 1678 1641 1715 voca-

10 1737 140 1794 mus
165 1775 182 1799 ‚
218 1755 340 1814 quae
361 1735 521 1791 bisin
542 1734 628 1791 die
656 1731 857 1792 fluctus
876 1732 1162 1793 absorbere
1189 1743 1244 1794 ὃς
1270 1737 1481 1797 rursum
1502 1761 1641 1798 evo-

10 1838 162 1876 mere
182 1815 402 1885 dicitur‚
417 1815 552 1874 ficut
564 1836 660 1895 per
676 1816 919 1877 universa
936 1818 1022 1875 illa
1034 1818 1239 1888 littora,
1258 1821 1640 1880 accedentibus

11 1906 69 1958 &
85 1899 462 1958 recedentibus
479 1896 761 1967 fluffibus,
776 1902 1048 1958 celeritate
1065 1905 1231 1959 nimia
1248 1902 1365 1960 fieri
1385 1926 1641 1985 compro-

12 1983 193 2041 batur.
213 1981 554 2057 Hujusmodi
574 2003 781 2064 vorago
803 1981 908 2041 five
930 1983 1206 2062 vertigo,a
1229 1991 1390 2062 poeta.
1405 1990 1638 2068 Virgilio

16 2063 326 2144 Charybdis
343 2066 640 2146 appellatur
655 2107 672 2134 ‚
694 2087 860 2147 quam
879 2069 962 2124 ille
979 2072 1036 2124 in
1055 2066 1200 2125 freto
1223 2071 1404 2127 Siculo
1424 2067 1524 2128 esse
1543 2069 1641 2128 suo

15 2151 75 2208 in
95 2149 332 2206 carmine
351 2152 599 2228 loquitur
619 2187 637 2215 ‚
657 2147 764 2206 hoc
781 2150 955 2206 modo
975 2147 1191 2207 dicens:

42 2325 46 2328 ,
96 2274 349 2322 Dextrum
382 2267 537 2345 Scylla
555 2266 718 2330 latus,
763 2268 936 2324 laevmn
970 2268 1236 2344 implacata
1271 2269 1528 2353 Charybdir

97 2347 295 2419 obfidet
313 2377 331 2412 ,-
349 2363 499 2423 atque
514 2351 613 2404 imo
639 2351 858 2406 barathri
881 2366 958 2406 ter
970 2352 1168 2428 gurgite
1187 2349 1343 2427 vastos

53 2492 55 2494 ,
99 2430 272 2486 Sorbet
291 2432 343 2485 in
363 2431 630 2506 abruptum
650 2432 857 2503 flustra,
888 2433 1140 2509 rursusque
1156 2434 1251 2509 fitb
1268 2453 1413 2493 auras

44 2585 46 2587 Ι
99 2513 262 2589 'Erigit
279 2514 495 2570 alternos
512 2553 531 2581 ‚
547 2515 774 2589 &fidem
792 2517 1014 2573 verberat
1034 2518 1183 2575 unda.

24 2619 121 2683 Ab
136 2620 236 2680 hac
254 2622 374 2681 sane
392 2623 460 2684 de
480 2645 588 2706 qua
621 2626 858 2685 diximus
887 2631 1153 2709 vertigine
1172 2669 1192 2697 ‚
1227 2627 1359 2709 saepe
1378 2648 1542 2687 naves
1561 2648 1644 2685 ra·-

23 2707 165 2782 ptim
198 2705 500 2786 cursimque
521 2708 724 2768 adtrahi
744 2709 1133 2779 adfirmantur,
1176 2729 1322 2774 tanta
1353 2712 1642 2777 celeritate,

28 2803 94 2844 ut
108 2786 419 2869 sagittarum
439 2811 532 2867 per
548 2797 662 2851 a'e'ra
678 2792 847 2874 lapsus
864 2797 1064 2863 imitari
1082 2795 1366 2856 videantur
1385 2834 1403 2860 ‚
1424 2799 1478 2852 &
1497 2814 1644 2850 non-

25 2888 316 2949 nunquam
343 2874 400 2929 in
429 2874 522 2930 illo
542 2873 794 2934 barathro
828 2876 1105 2936 horrendo
1142 2879 1307 2934 nimis
1339 2877 1488 2933 exitu
1521 2894 1646 2952 per-

30 2969 184 3012 eunt.
227 2957 373 3036 Saepe
402 2975 528 3015 cum
556 2963 669 3036 jam
695 2964 918 3044 jamque
950 2960 1256 3043 mergendae
1288 2958 1428 3026 sint,
1455 2954 1647 3096 subciltis

1469 3057 1545 3095 un
1588 3059 1644 3095 a-
