1888 3428
232 173 661 232 Go’rTnlcAE
715 172 1123 227 Hts‘roRlAE
1167 176 1446 232 L1B.111.
1537 196 1642 252 311
1708 184 1711 188 ’

29 255 98 313 ad
113 260 502 335 Imperatorem
523 251 842 337 perferrent,
863 255 918 309 in
936 272 1128 309 arcano
1151 272 1333 312 autem
1355 256 1487 314 nihil
1504 258 1647 315 aliud

24 335 153 416 juffi
179 355 329 396 erant
364 337 506 416 apud
540 336 891 396 Iustinianum
924 332 1130 391 efficere
1150 377 1167 405 ,
1199 358 1363 414 quam
1386 356 1445 394 ut
1466 337 1571 416 ipse
1593 342 1647 396 vi

27 424 382 499 pecuniarum
412 440 626 500 accepta
656 420 886 499 patriciis
905 414 1301 486 asscriberetur,
1335 418 1500 498 idque
1517 421 1646 477 ade-

29 522 156 581 ptus
173 504 376 560 Italiam
395 523 621 560 omnem
638 500 888 568 traderet,
906 498 1154 577 deposito
1175 503 1494 580 principatu.
1535 505 1646 558 Le-

24 588 138 664 gati
158 587 476 663 Byzantium
502 602 562 643 ut
580 602 770 641 venere
788 626 803 647 ‚
835 581 1130 662 pra-’scripta
1159 583 1380 640 sollicite
1410 581 1646 662 sequun-

28 685 134 723 tur.
181 672 370 746 Atque
389 669 605 724 interim
627 664 805 744 evenit
828 708 843 731 ,
883 683 943 722 ut
970 664 1287 723 Erarichum
1311 663 1463 723 evita
1483 666 1645 722 tolle-

23 766 146 806 rent
169 749 370 807 Gotthi
391 790 405 810 ‚
434 770 612 828 eoque
631 767 850 805 exemto
870 789 885 814 ,
908 750 980 806 ita
1003 766 1063 805 ut
1083 751 1347 826 placuerat
1368 787 1384 814 ‚
1412 768 1646 827 regnum

23 835 288 910 acciperet
307 833 539 889 Totilas.
584 828 904 888 Iustinianus
923 870 940 897 ,
962 829 1250 911 postquam
1270 831 1336 889 de
1356 852 1482 889 eum
1501 827 1646 887 fama

25 915 246 993 pertulit
266 911 430 972 finem
449 911 689 969 Erarichi
709 953 725 978 ,
759 920 812 971 &
837 917 892 970 in
912 913 1163 981 Gotthos
1183 918 1473 992 imperium
1493 933 1646 969 acce-

22 993 151 1075 piffe
171 997 414 1053 Totilam
436 1037 453 1064 ‚
475 1017 590 1053 non
610 993 763 1054 defiit
780 998 1048 1053 criminari
1068 995 1385 1076 probrisque
1402 995 1648 1054 inse-&ari

25 1080 232 1156 eosqui
251 1082 507 1136 exercitui
532 1099 625 1157 per
654 1080 858 1136 Italiam
879 1097 1149 1157 praeerant.
1195 1096 1528 1159 quapropter
1557 1098 1644 1134 re-

23 1161 159 1218 lie‘tis
178 1180 274 1239 per
291 1161 492 1240 oppida
507 1159 755 1240 praefidiis
773 1160 1041 1218 Iohannes
1059 1163 1312 1221 Vitaliani
1348 1180 1506 1219 natus
1534 1158 1644 1217 fra-

24 1260 138 1308 tre,
170 1241 408 1323 Besaque
444 1248 498 1300 &
529 1244 722 1300 Vitalis
739 1264 797 1300 ac
831 1243 991 1300 duces
1010 1246 1185 1301 caeteri
1204 1246 1524 1301 Ravennam
1545 1264 1645 1299 co-

22 1343 157 1383 eunt
175 1365 193 1393 ,
226 1325 320 1384 ubi
335 1331 445 1401 jam
466 1323 889 1388 Constantianus
910 1330 966 1382 δε
979 1366 996 1393 ,
1013 1325 1078 1383 de
1096 1346 1211 1405 quo
1231 1327 1404 1394 dicere
1422 1328 1647 1403 occaepi,

23 1407 331 1466 Alexander
363 1405 412 1466 se
445 1407 719 1465 tenebant.
761 1413 822 1464 In
847 1428 1020 1465 unum
1054 1407 1348 1486 congressis
1367 1411 1644 1486 optimum

17 1486 169 1548 factu
188 1487 357 1547 visum
374 1495 649 1550 Veronam
669 1493 908 1569 primurn
927 1530 942 1552 ‚
961 1512 1081 1569 quae
1099 1495 1155 1548 in
1173 1494 1416 1548 Venetiis
1433 1489 1530 1557 est,
1547 1511 1645 1570 ag·-

19 1571 194 1653 gredi.
237 1572 348 1629 Vbi
367 1571 420 1630 id
441 1573 708 1652 oppidum
728 1579 784 1629 <Sc
802 1571 1101 1650 praesidium
1119 1570 1194 1629 ibi
1210 1572 1472 1630 habentes
1490 1573 1647 1629 Got-

18 1653 149 1711 thos
165 1651 418 1731 cepiffent
434 1695 451 1722 ,
470 1659 526 1710 in
543 1655 789 1728 Totilam
815 1660 867 1712 δε
890 1658 1149 1712 Picenum
1168 1654 1363 1712 deinde
1381 1654 1647 1733 procede-

19 1756 97 1794 re.
140 1736 401 1794 collectus
438 1734 514 1792 est
544 1737 929 1793 Romanorum
964 1740 1230 1794 exercitus
1265 1737 1329 1793 ad
1349 1737 1645 1794 duodecim

21 1818 190 1895 millia
208 1859 224 1886 ,
254 1816 350 1875 sub
369 1816 598 1876 ducibus
620 1818 870 1876 undecim
891 1860 906 1884 ‚
938 1840 1179 1898 quorum
1199 1818 1461 1899 potissimi
1482 1821 1646 1876 Con-

20 1897 317 1958 stantianus
336 1906 389 1958 &
413 1900 724 1957 Alexander
741 1941 758 1967 ‚
792 1903 888 1980 qui
905 1901 1080 1957 statim
1101 1906 1384 1960 Veronam
1407 1920 1643 1958 conten-

19 1982 214 2041 derunt
234 2024 251 2050 ,
285 1987 451 2063 inque
471 1987 584 2057 ejus
602 1986 802 2060 campis
819 1986 1005 2041 metati
1024 1984 1144 2041 sunt
1160 1983 1338 2041 castra.
1386 1984 1643 2041 Circum-
1705 2028 1708 2031 -

20 2065 159 2140 jecta
175 2069 320 2123 enim
340 2066 548 2146 oppido
569 2066 839 2144 planitie5‚
859 2083 981 2146 apta
1003 2070 1211 2146 equiti,
1244 2067 1537 2123 Mantuam
1556 2065 1643 2123 us-

22 2169 131 2227 que
150 2150 464 2228 porrigitur,
484 2169 603 2227 quae
618 2151 840 2205 Verona
857 2147 1030 2205 dissita
1048 2148 1118 2206 est
1139 2150 1244 2207 diei
1262 2152 1468 2207 itinere.
1513 2149 1642 2206 Erat

21 2232 79 2287 in
99 2233 322 2288 Venetis
338 2233 416 2287 vir
434 2230 625 2297 claruS,
644 2230 954 2288 Marcianus
968 2234 1221 2299 nomine„
1234 2234 1295 2291 in
1312 2231 1525 2289 castello
1544 2231 1642 2287 ha-

23 2310 199 2369 bitans
225 2317 451 2371 Verona
482 2311 653 2391 prope
683 2310 856 2369 abfito
875 2353 890 2374 ,
924 2318 1018 2392 qui
1038 2335 1240 2393 magno
1262 2318 1318 2370 in
1337 2319 1642 2392 Imperato-

19 2414 135 2459 rem
168 2394 344 2453 studio
383 2394 438 2452 id
471 2395 663 2474 agebat
682 2433 698 2460 ‚
733 2395 1003 2474 oppidum?
1020 2415 1079 2454 ut
1099 2399 1356 2465 exercitu-i
1376 2398 1639 2465 Romano

19 2480 244 2556 aperiret
285 2498 299 2532 :
360 2479 506 2535 Nam
540 2479 766 2558 vigilum
802 2478 1084 2557 quendam:
1133 2478 1160 2536 a
1190 2498 1362 2560 puero
1396 2496 1642 2547 noverat,

21 2579 188 2637 quem
206 2558 371 2616 miffis
387 2559 450 2617 ad
468 2559 522 2617 id
545 2561 757 2618 idoneis
788 2563 1012 2638 pecunia
1029 2580 1315 2638 permovet
1335 2567 1642 2638 Imperato-

20 2642 94 2696 ris
113 2643 338 2699 militem
354 2645 494 2699 intra
514 2645 704 2701 maenia
721 2644 972 2721 accipere.
1020 2645 1285 2723 Cumque
1303 2641 1525 2720 islfidem
1541 2643 1640 2700 de-

24 2720 210 2789 diffet,
243 2726 413 2782 mittit
443 2728 621 2803 operis
651 2725 921 2799 adjutores
955 2727 1020 2784 ad
1059 2727 1220 2785 duces
1239 2729 1525 2785 Romanos
1543 2727 1642 2804 qui

23 2805 177 2882 pasta
194 2802 546 2885 significarent
567 2848 583 2875 ,
613 2805 946 2887 comitesque
965 2807 1015 2866 se
1032 2810 1289 2868 adderent
1307 2831 1400 2888 per
1416 2809 1640 2864 noctem

19 2890 82 2942 in
103 2887 368 2965 oppidum
388 2891 683 2947 intraturis„
725 2891 928 2947 Placuit
946 2892 1176 2949 ducibus
1196 2937 1212 2958 ,
1247 2890 1343 2949 suo
1361 2890 1389 2947 ἐ
1408 2908 1640 2947 numero

12 2968 399 3051 faliquemcum
420 2973 656 3037 militum
675 2977 855 3053 paucis
871 2974 1168 3053 praegredi,
1187 2977 1319 3054 qui,
1354 2972 1390 3031 fi
1410 2972 1537 3051 vigil
1556 2970 1644 3025 ille

975 3058 1029 3115 V
1069 3076 1109 3133 4
1465 3068 1651 3137 portas
