1888 3428
242 174 676 232 GoTTHICAE
715 167 1119 230 H1s’r0R1AE
1160 172 1411 232 [ΑΒΗ.
1553 181 1659 256 283

72 257 305 315 clamore
336 253 541 311 sublato
578 253 912 311 revocandos
947 253 1011 313 acl
1047 256 1282 320 milites,
1328 256 1460 312 nihil
1492 278 1671 336 egere,

26 352 29 354 ’
69 339 221 419 quod
238 337 302 396 ad
320 339 679 416 pugnantium
700 357 849 415 aures
869 357 983 392 non
1003 353 1305 415 penetraret
1325 336 1485 394 sonus
1507 381 1521 406 ‚
1560 362 1670 398 ma-

0 452 3 455 ·
64 442 239 501 gnum
258 440 348 497 per
373 417 598 497 spatium
619 419 754 475 colle
778 421 1125 495 interjacente
1145 459 1162 485 ‚
1198 418 1428 475 Gotthis
1446 440 1669 500 quoque

64 504 132 560 de
163 501 414 559 industria
443 522 717 558 armorum
752 500 970 580 strepitu
990 499 1430 559 obturbantibuS.
1473 501 1669 560 sollici-

63 601 182 641 tum
215 582 367 660 super
398 583 478 640 his
513 581 820 640 Belisarium
842 582 949 640 adit
979 586 1074 662 qui
1104 580 1211 640 haec
1230 581 1427 660 scripfit
1458 588 1664 641 Proco-

12 739 13 742 ,
60 669 180 744 pius
201 686 257 722 ac
275 663 342 721 fic
373 665 645 722 admonet.
690 670 910 724 Veteres
928 706 944 732 ,
972 663 1182 727 Belisari
1202 709 1216 729 ‚
1255 665 1519 722 tubicines
1539 667 1664 722 Ro-

59 767 349 811 manorum
387 747 605 806 duobus
631 746 876 804 cantibus
904 748 1194 806 utebantur
1212 788 1229 814 ‚
1266 768 1504 826 quorum
1524 769 1661 805 con-

58 832 253 886 citatus
283 832 413 887 alter
433 833 625 887 milites
642 829 705 887 ad
738 825 976 910 pugnam
996 828 1318 887 accendebat
1338 871 1355 897 ‚
1401 833 1527 894 alter
1543 832 1663 888 len-

53 915 166 969 tior
199 913 261 970 ad
283 913 442 970 castra
472 911 685 970 eosdem
711 912 1028 980 revocabat,
1078 929 1243 991 prout
1279 917 1562 992 imperanti
1594 935 1658 970 ex

56 993 152 1052 usu
179 996 535 1068 judicabatur.
580 996 713 1051 Haec
746 1017 839 1074 per
869 995 1013 1075 signa
1032 1001 1082 1055 ἃ
1103 995 1263 1055 duces
1282 1015 1401 1074 quae
1433 1013 1658 1074 oporte-

49 1076 157 1134 bat.
182 1081 338 1136 militi
366 1076 745 1158 praecipiebant
767 1117 781 1138 ,
823 1085 874 1136 &
901 1099 961 1133 ea
991 1079 1259 1135 intellefta
1293 1079 1492 1135 milites
1523 1099 1652 1141 cum

50 1157 159 1218 fide
178 1158 636 1240 exsequebantur,
677 1161 877 1219 clamor
895 1162 1040 1218 enim
1076 1162 1128 1216 in
1153 1160 1341 1239 praeliis
1368 1178 1568 1217 certam
1590 1159 1656 1216 fi-

47 1240 459 1321 gnificationem
475 1242 595 1301 dare
615 1246 803 1320 nequit
821 1284 837 1309 ‚
879 1241 1011 1320 saepe
1031 1260 1090 1299 ut
1110 1240 1192 1309 fit,
1209 1244 1312 1299 alio
1333 1239 1379 1298 se
1400 1240 1655 1300 miscente

50 1324 313 1401 strepitu,
347 1324 476 1402 saepe
514 1330 568 1380 &
604 1323 791 1380 averfis
824 1328 878 1380 in
914 1325 1000 1381 sua
1037 1327 1267 1402 pericula
1288 1345 1399 1403 pug
1446 1349 1453 1357 ¹
1513 1328 1652 1381 tium

49 1403 298 1463 sensibus.
343 1411 420 1463 At
436 1406 655 1485 quando
674 1426 752 1461 ars
770 1406 855 1461 illa
873 1426 964 1485 per
983 1410 1242 1466 incuriam
1256 1405 1423 1463 oblite
1509 1429 1535 1463 a
1552 1406 1649 1472 est,

49 1508 227 1567 neque
244 1510 352 1546 una
369 1488 500 1546 tuba
522 1508 603 1544 res
618 1490 906 1544 contrarias
922 1487 1151 1545 indicare
1169 1487 1451 1545 didicimus
1468 1529 1484 1556 ,
1506 1488 1650 1546 aliud

46 1567 304 1628 substitue
337 1569 634 1628 discrimen.
676 1569 1068 1648 Equestrit'uba
1086 1570 1230 1627 indic
1252 1572 1456 1647 praelia,
1500 1591 1650 1628 rece-

44 1671 200 1730 ptum
237 1652 479 1730 pedestri.
521 1652 705 1707 Nemo
729 1654 827 1707 erit
847 1692 864 1718 ,
906 1655 1000 1729 qui
1033 1672 1148 1707 non
1177 1650 1330 1709 facile
1358 1652 1649 1732 distinguat

42 1732 397 1800 sonosfcum
428 1737 558 1791 alter
592 1732 620 1788 ὲ
652 1735 802 1790 corio
824 1736 1083 1811 tenuique
1099 1736 1251 1814 ligno
1273 1774 1287 1794 .
1331 1735 1462 1791 alter
1480 1732 1643 1792 crasso

43 1835 107 1872 ex
133 1836 232 1873 aere
266 1834 434 1873 exeat.
479 1816 687 1874 laetatus
720 1817 977 1894 Procopii
998 1820 1214 1873 monitu
1245 1813 1523 1873 Belisarius
1544 1837 1645 1875 vo·-

39 1916 211 1955 catam
243 1897 308 1955 ad
338 1896 387 1955 se
412 1902 740 1954 concionem
773 1896 840 1954 sic
868 1899 1176 1975 alloquitur.
1219 1898 1647 1963 Audaciamha-

39 1981 231 2037 &tenus
258 1982 442 2037 utilem
475 1980 782 2058 laudarique
817 1981 1035 2060 dignam
1068 1978 1290 2047 censeo,
1336 1982 1466 2043 dum
1502 1987 1644 2040 intra.

39 2062 267 2119 modum
286 2060 383 2119 stat
399 2104 415 2130 ,
433 2065 752 2142 nullumque
770 2065 822 2117 in
845 2082 1054 2119 utentes
1073 2060 1174 2119 fert
1191 2064 1469 2120 damnum.
1490 2066 1643 2142 quic-

32 2144 166 2222 quid
199 2147 426 2202 nimium
461 2143 569 2211 est,
608 2146 853 2223 quamvis
885 2149 1092 2223 optima
1128 2148 1184 2202 in
1221 2148 1421 2202 malum
1454 2150 1639 2206 vertit.

35 2229 153 2284 Vos
171 2229 227 2283 in
247 2225 520 2306 posterum
539 2245 718 2284 cavete
737 2268 752 2293 ‚
772 2247 838 2283 ne
860 2248 956 2285 vos
975 2227 1132 2284 ardor
1149 2227 1237 2283 iste
1253 2224 1414 2285 fallat.
1459 2230 1639 2310 Fuge-

34 2328 90 2365 re
109 2352 124 2372 ‚
159 2307 195 2365 fi
230 2308 363 2366 hosti
386 2329 578 2365 noceas
598 2350 614 2376 ‚
649 2328 803 2387 turpe
822 2330 936 2365 non
957 2307 1050 2365 est.
1094 2309 1182 2367 sed
1206 2315 1298 2388 qui
1329 2316 1637 2389 praecepsin

5 2461 14 2470 ,Δ
32 2384 387 2470 Ρεῐῖειιίαηιὶῑ
405 2412 518 2447 non
537 2391 759 2470 expensa
774 2433 790 2459 ,
821 2390 1019 2448 etiamsi
1042 2390 1262 2450 fortuna
1281 2393 1372 2450 det
1389 2394 1635 2462 evadere,

32 2473 388 2551 imprudentis
420 2476 583 2530 animi
608 2493 832 2531 tenetur.
890 2477 1064 2532 Fortis
1095 2474 1226 2532 mihi
1262 2476 1385 2540 ille,
1425 2478 1517 2553 qui
1540 2475 1635 2535 ubi

33 2554 233 2612 neceffe
251 2555 326 2611 est
343 2595 361 2621 ,
386 2558 560 2613 virum
583 2554 634 2613 se
654 2554 875 2634 praestat.
918 2558 1132 2615 Barbari
1154 2557 1314 2615 nobis
1335 2578 1459 2614 cum
1479 2578 1635 2635 aper-

34 2653 88 2693 ta
103 2635 217 2694 vise
237 2642 462 2716 impares
479 2637 711 2696 sentiunt
729 2680 744 2706 ‚
785 2640 850 2696 de
867 2639 1064 2697 infidiis
1085 2642 1367 2720 pernitiem
1390 2640 1633 2697 moliun-

31 2735 133 2776 tur.
181 2721 402 2778 Credite
433 2719 625 2796 justius
661 2722 824 2799 culpae
856 2721 1020 2779 tribui
1053 2723 1210 2779 vobis
1231 2722 1372 2800 poffe
1393 2762 1408 2784 ‚
1437 2721 1473 2779 fi
1492 2727 1634 2801 peri⁶

36 2801 160 2857 culo
193 2803 573 2881 implicamini,
592 2825 753 2882 quam
772 2801 807 2858 si
827 2803 964 2861 dolis
982 2804 1263 2862 hostilibus
1281 2803 1489 2863 vosmet
1504 2803 1632 2861 sub-

32 2880 246 2939 ducitis.
285 2884 434 2942 Nihil
451 2892 657 2964 turpius
680 2907 841 2964 quam
875 2884 925 2943 se
960 2887 1025 2944 ad
1042 2886 1278 2944 hostium
1297 2905 1474 2967 aptare
1493 2906 1630 2941 con-

31 2962 152 3024 filia.
198 2965 328 3027 mihi
342 2988 411 3027 ne
431 2968 646 3027 illorum
667 2966 873 3027 insidias
890 2970 1133 3029 incidatis
1145 3009 1163 3040 ,
1186 2988 1320 3051 cura}
1337 2973 1450 3028 erit.
1471 2964 1628 3057 vestfi

33 3070 36 3072 ·
1527 3062 1626 3108 ent
