1888 3428
143 169 232 210 AD
276 145 640 210 Gor'Tflos
678 155 869 210 PERT
892 168 1201 206 INENTIS
1234 153 1370 206 Lm.
1393 154 1427 205 1.
1520 161 1623 222 545

17 232 207 311 pidum
231 235 487 312 direpturi
502 233 652 290 ibant
672 269 689 301 ·‚
709 230 982 309 servabant
1001 226 1216 286 o'rdines
1234 273 1250 298 ‚
1272 252 1446 309 neque
1462 229 1630 306 longe

17 315 144 373 inde
175 315 225 372 se
262 316 588 373 amovebant
622 311 963 372 excursores„
998 311 1091 388 ipsi
1127 331 1370 390 receptus
1399 332 1512 367 non
1540 329 1627 365 te·-

18 400 230 454 merarii
251 415 341 453 aut
360 395 627 464 dissoluti,
653 395 737 453 sed
756 391 1040 472 compositi
1060 412 1208 450 erant
1228 434 1242 457 ,
1263 395 1446 449 locum
1467 392 1623 448 suum

18 477 350 548 servantibus
369 482 522 556 queis
537 477 846 535 mandatnm
868 479 1094 532 aliorum
1112 494 1259 554 terga
1278 478 1435 537 tutari
1456 517 1467 536 ‚
1506 471 1617 548 ipso

18 563 234 639 agmine
271 560 531 639 quadrato
566 559 893 622 incedente,
923 556 1129 634 suoque
1163 557 1454 634 complexu
1485 573 1621 629 prae-

15 642 137 699 dam
159 640 431 714 ambiente
455 642 681 699 mediam
703 680 717 700 ‚
734 661 845 717 quo
867 641 1059 696 refiius
1080 637 1455 695 custodiretur.
1489 637 1618 691 Hoc

4 721 188 780 modo
207 743 330 779 cum
353 728 587 800 primum
604 720 819 778 hostiles
839 743 997 800 agros-
1013 719 1176 777 essent
1196 722 1469 799 populati,
1491 737 1619 796 pau«

14 806 89 861 cis
128 804 246 882 post
280 805 468 866 diebus
503 804 695 861 cun&a
729 808 784 859 in
821 808 972 879 pejus
1008 801 1228 860 fluxere.
1279 805 1616 860 Herulorum

16 907 252 965 namque
286 887 393 943 dux
424 885 722 951 PhulcariS‚
760 882 915 942 fortis
934 884 1052 941 sane
1071 905 1180 942 erat
1201 891 1253 942 δέ
1280 884 1466 941 hostile
1486 881 1617 938 nihil

12 986 296 1036 metuen3‚
336 966 422 1043 sed
454 965 606 1023 ferox
640 967 782 1024 idem
815 989 874 1024 ac
891 968 1166 1030 turbidus,
1203 974 1256 1024 δε
1287 986 1429 1023 extra
1450 984 1614 1044 quam
1661 1022 1665 1027 ,

9 1053 149 1107 ratio
168 1052 471 1128 praeciperet
490 1048 780 1106 vehemens
805 1091 820 1117 ‚
847 1069 905 1106 ut
923 1045 1014 1129 qui
1036 1049 1166 1105 boni
1188 1050 1334 1106 ducis
1352 1048 1614 1105 indicium

9 1150 240 1211 poneret
258 1174 275 1199 ,
311 1153 425 1187 non
445 1131 582 1188 bene
600 1128 799 1189 struere
819 1152 876 1188 ac
911 1153 1094 1211 regere
1114 1132 1276 1189 aciem
1299 1173 1315 1198 ‚
1345 1129 1431 1187 sed
1453 1129 1486 1185 si
1505 1125 1614 1206 ipse

6 1216 64 1270 in
100 1235 282 1293 pugna
316 1211 637 1292 conspicuus
667 1216 907 1292 aliosque
948 1235 1269 1292 praecurrens
1303 1220 1357 1270 &
1398 1212 1613 1292 ingenti

7 1295 197 1353 ardore
215 1294 353 1351 hosti
372 1294 422 1351 se
453 1293 689 1352 inferens
708 1317 870 1352 manu
890 1298 1138 1375 pleraque
1159 1307 1465 1375 perageret,
1505 1293 1612 1349 hoc

9 1398 174 1456 opere
193 1378 345 1435 laetus
364 1398 421 1434 ac
449 1376 860 1458 gloriabundus.
903 1381 988 1435 Ac
1007 1397 1136 1435 tunc
1154 1375 1297 1435 for‘te
1316 1378 1433 1455 plus
1452 1374 1609 1453 solito

7 1480 192 1516 amens
211 1500 229 1526 ‚
258 1465 505 1517 Parmam
540 1478 836 1518 excurrerat
855 1499 870 1521 2
904 1460 1055 1540 quod
1086 1481 1152 1517 eo
1182 1478 1429 1539 tempore
1448 1459 1610 1536 oppi-

6 1541 141 1600 dum
175 1543 386 1599 Francis
420 1541 724 1599 tenebatur.
777 1542 1016 1599 Recffhim
1050 1540 1222 1600 fuerat
1254 1545 1466 1598 mittere
1500 1541 1611 1617 pri-

7 1644 163 1680 mum
198 1626 563 1702 exploratores
593 1627 689 1703 qui
731 1621 970 1681 hostium
1006 1622 1220 1698 consilia
1253 1621 1610 1680 rimarenturz

5 1704 200 1763 deinde
233 1707 300 1762 ab
334 1705 415 1762 his
446 1705 704 1762 edoctum
735 1745 752 1771 ‚
791 1708 892 1762 iter
911 1703 1080 1762 facere
1098 1706 1352 1763 ordinato
1372 1707 1609 1784 agmine„

4 1790 86 1844 At
101 1787 373 1844 illesomne
393 1790 447 1843 in
483 1787 699 1844 audacia
732 1805 891 1866 atque
922 1786 1228 1844 inconsulto
1250 1793 1455 1865 impetu
1475 1805 1611 1864 prae-

5 1867 197 1927 fidium
231 1890 498 1949 reponens
525 1909 542 1937 ‚
584 1868 1008 1947 incompositum
1044 1870 1381 1927 Herulorum
1415 1887 1612 1948 agmen

8 1957 63 2008 &
83 1952 176 2031 qui
195 1949 223 2008 ὲ
242 1954 509 2009 Romanis
526 1951 846 2009 cohortibus
864 1950 1079 2008 aderant
1102 1995 1115 2016 ,
1147 1951 1340 2008 cursim
1360 1956 1469 2031 agit
1485 1993 1501 2018 ,
1525 1954 1611 2006 ni-

5 2031 82 2090 hil
112 2032 363 2092 infestum
400 2031 676 2111 suspicans.
719 2032 805 2091 sed
842 2035 1156 2092 admonitus
1189 2042 1303 2111 ejus
1324 2035 1610 2091 reiButili-

7 2117 184 2183 nus‘in
203 2115 596 2194 amphitheatro
617 2115 711 2173 sub
735 2115 924 2173 urbe—m
946 2115 1043 2174 sito
1067 2158 1083 2183 ‚
1115 2120 1168 2173 in
1187 2138 1300 2196 quo
1321 2118 1613 2174 auetorita-

8 2201 123 2254 tiin
144 2198 197 2254 id
229 2197 481 2256 homines
500 2197 769 2276 spestante
801 2200 1013 2276 populo
1043 2199 1350 2279 depugnare
1369 2220 1492 2255 cum
1514 2193 1613 2252 be*-

7 2277 116 2360 stiis
150 2277 425 2342 solebant,
468 2280 693 2338 dileetos
724 2279 944 2337 suorum
978 2278 1294 2337 fortisfimos
1312 2277 1614 2338 robustisfi«
1694 2277 1697 2279 ’
1763 2240 1767 2244 ⁴

8 2382 241 2440 mosque
262 2360 572 2430 abscondit,
610 2363 1007 2442 praevalidisque
1027 2362 1227 2421 insidiis
1244 2385 1370 2420 eum
1404 2365 1459 2419 in
1488 2383 1615 2418 mo·-

9 2443 140 2501 dnm
177 2443 438 2523 oppositis
470 2464 682 2522 tempus
726 2446 918 2523 agendi
961 2449 1260 2524 opperitur.
1318 2445 1613 2522 Postquam

8 2528 139 2586 citra
173 2547 268 2582 eos
300 2527 569 2583 Phulcaris
600 2530 902 2603 Herulique
922 2546 1358 2604 penetraverant,
1394 2528 1522 2584 dato
1545 2523 1614 2580 si-

0 2623 124 2688 {gno
146 2629 440 2687 erumpunt
457 2611 641 2665 Franci
662 2651 679 2677 ‚
711 2607 1030 2687 sparsimque
1050 2616 1103 2665 δε
1124 2612 1459 2690 negligenter
1478 2628 1617 2664 eun—

0 2688 158 2759 ltibus
187 2688 422 2748 insiliunt
452 2689 646 2757 subiti,
686 2697 740 2748 &
765 2732 779 2752 ‚
810 2713 1085 2770 quemque
1104 2695 1245 2748 nach
1268 2734 1282 2758 ‚
1317 2688 1616 2771 promiscue

0 2762 267 2846 *floccidunt
299 2812 317 2838 ,
355 2773 620 2852 perculsos
649 2776 850 2853 quippe
884 2773 1208 2853 superventu
1242 2776 1528 2853 inopinato
1561 2791 1617 2826 ac

13 2855 411 2912 circumventos
430 2856 577 2913 velut
594 2858 862 2937 indagine.
890 2862 1014 2914 Pars
1035 2859 1268 2914 maxima
1287 2856 1379 2914 ubi
1400 2852 1618 2911 tandem

13 2931 212 3021 sensere
229 2958 344 3017 quo
364 2940 631 2999 malorum
650 2937 903 3000 venissent
917 2978 932 3001 ,
969 2939 1262 3021 degeneres
1294 2954 1507 3071 turpetln
1526 2930 1629 3013 sd<

856 3022 923 3079 M
944 3041 999 3078 m
1083 3051 1086 3055 ψ
1170 3021 1178 3025 ’
1483 3030 1629 3070 utem

13 3131 23 3152 S
