1888 3428
12 274 19 278 μ
284 188 1295 253 DEREB.GE-r1‹.:1s.
1503 195 1613 265 693

11 277 252 338 modurn
269 278 488 335 collium
511 278 778 334 cumulata
796 313 812 340 ,
835 290 1086 349 campum
1110 271 1226 346 plus
1248 286 1411 346 quam
1434 266 1623 327 deceni

11 361 249 423 millibus
277 358 663 438 oppleverunt.
710 354 882 433 Qod
903 350 1082 410 Gothi
1100 369 1379 406 cernentes
1398 390 1410 409 ‚
1431 350 1624 408 ineffa-

10 443 107 501 bili
129 444 480 501 exsultatione
500 442 772 503 laetantur,
812 456 879 492 eo
904 434 1056 515 quod
1076 435 1215 511 regis
1234 430 1309 487 sui
1328 431 1623 490 &Walemi-

10 529 80 584 ris
98 525 409 604 sanguinem
433 529 487 580 ὃς
515 522 664 579 suam
683 521 929 598 injuriam
962 537 1086 573 curn
1117 515 1625 591 maximairiimico-

11 629 133 666 rum
153 606 322 686 strage
347 602 740 662 ulciscerentur.
783 602 872 655 De
896 597 1287 656 innumeranda
1310 616 1438 651 vero
1459 599 1626 651 varia-

10 699 118 771 que
138 687 489 746 multitudine
509 686 744 742 hostium
764 684 858 761 qui
879 685 1164 739 valuerunt
1185 677 1410 736 evadere
1429 717 1447 746 ‚
1484 674 1628 756 effu--⁴

7 773 123 853 gari
148 773 233 830 vix
254 770 316 829 ad
336 768 423 827 sua
441 770 656 850 inglorii
677 782 1061 845 pervenerunt.

497 909 569 972 *C
673 931 719 971 A
822 928 876 971 Ρ.
1022 926 1155 969 Lv.

49 1044 386 1116 Thebrlemirm.
414 1069 504 1105 rex
522 1052 570 1107 in
590 1062 771 1108 Suevos
791 1061 951 1102 movet
970 1084 987 1111 ,
1027 1040 1192 1121 eosque
1210 1041 1371 1118 vastat
1391 1042 1586 1118 &pene

86 1136 284 1211 fitbt'git.
306 1134 610 1190 Theodericus
631 1132 925 1191 Theodemiri
930 1129 1081 1200 filius,
1086 1146 1206 1204 pene
1224 1123 1380 1182 adhuc
1396 1143 1541 1201 puer,

191 1220 335 1292 inscio
356 1220 498 1291 patre
514 1217 660 1272 Babai
692 1227 1035 1273 Sarmatarum
1061 1228 1217 1286 regem
1243 1210 1435 1265 adortus

277 1300 542 1355 interimit.
580 1300 898 1376 singidonum
917 1296 1174 1351 civitatem
1193 1293 1342 1366 capit.

125 1436 230 1495 Ost
265 1457 472 1501 certum
492 1457 623 1496 -vero
659 1453 873 1512 tempus
906 1430 1118 1490 instanti
1137 1427 1369 1509 hyemali
1400 1423 1629 1505 frigore,

124 1541 392 1599 amneque
425 1518 673 1576 Danubii
705 1515 858 1573 solite
880 1515 1208 1594 congelato:
1263 1505 1628 1581 (namistius-

7 1602 162 1660 modi
180 1600 381 1660 fluvius
398 1607 469 1659 ita
488 1599 713 1683 rigescit,
735 1618 792 1655 ut
808 1602 862 1655 in
879 1596 1028 1655 filicis
1048 1594 1279 1652 modum
1299 1591 1456 1648 vehat
1476 1609 1628 1646 exer-

9 1690 179 1743 citum
200 1684 499 1763 pedestrem
522 1724 537 1745 ,
559 1681 892 1762 plaustraque
913 1685 967 1736 &
987 1679 1240 1757 tragulam,
1260 1676 1342 1731 vel
1362 1670 1626 1751 quicquid

8 1767 240 1825 vehiculi
259 1764 441 1832 fuerit,
464 1786 562 1822 nec
579 1763 893 1842 cymbarum
911 1760 1147 1840 indigeat
1166 1758 1363 1832 lintre)
1400 1754 1469 1811 sic
1490 1773 1624 1833 ergo

8 1872 134 1908 eum
156 1851 397 1930 gelatum
417 1846 758 1905 Theodemir
778 1841 1102 1902 Gothorum
1124 1861 1210 1897 rex
1233 1858 1454 1901 cernens
1473 1877 1490 1904 ,
1526 1856 1630 1914 pe-

8 1930 237 1990 destrem
256 1932 404 1989 ducit
424 1933 753 1994 exercitum3
802 1922 1133 2002 emensoque
1151 1921 1420 1983 Danubio
1442 1959 1458 1986 ,
1495 1921 1630 1974 Sue—

7 2017 89 2090 vis
125 2012 449 2095 improvisus
481 2012 509 2069 a
543 2031 700 2091 tergo
733 2011 1001 2089 apparuit.
1041 2009 1187 2065 Nam
1208 2006 1359 2083 regio
1381 2004 1462 2059 illa
1493 2003 1629 2073 Sue-

10 2117 208 2154 vorum
228 2097 294 2153 ab
314 2101 524 2173 oriente
542 2092 838 2168 Bajobaros
857 2089 1019 2151 habet
1038 2130 1053 2156 ‚
1076 2088 1141 2146 ab
1161 2087 1446 2144 occidente
1464 2081 1632 2138 Fran-*

11 2201 108 2237 cos
128 2219 145 2245 ,
178 2178 446 2235 a‘meridie
463 2173 884 2255 Burgundiones
905 2215 920 2239 ‚
940 2171 966 2229 Ξι
989 2171 1354 2251 septentrione
1373 2163 1627 2223 Thurin-

11 2283 135 2343 gOS.
182 2259 407 2329 Quibus
440 2257 626 2316 Suevis
645 2278 775 2314 tunc
799 2255 975 2332 juntPci
1010 2254 1301 2311 'Alemanni
1339 2252 1501 2306 etiam
1533 2244 1631 2303 ad-

14 2344 201 2412 erant,
236 2342 440 2422 ipsique
472 2341 641 2417 Alpes
675 2341 875 2395 ετεᾶαε
896 2340 1128 2393 omnino
1150 2346 1433 2415 regentes:
1478 2327 1627 2386 unde

11 2428 278 2493 'nonnulla
311 2424 517 2482 fluenta
535 2421 801 2480 Danubio
824 2417 1062 2476 influunt
1084 2461 1100 2486 ‚
1144 2421 1317 2474 nimio
1339 2434 1465 2472 cum
1488 2409 1627 2466 sono

14 2512 313 2590 vergentia.
356 2509 466 2564 Hic
497 2527 628 2585 ergo
659 2506 835 2561 taliter
854 2505 1069 2559 munito
1091 2502 1246 2563 loc0‚
1283 2494 1631 2558 Theodemir

16 2613 106 2650 rex
127 2592 318 2649 hiemis
333 2608 583 2667 tempore
605 2584 928 2644 Gothorum
954 2584 1195 2649 ducfftavit
1217 2581 1513 2642 exercitum
1537 2614 1552 2641 ‚
1572 2579 1630 2631 δε

8 2677 124 2732 ‘tam
143 2677 448 2731 Suevorum
479 2688 699 2751 gentem
721 2689 884 2746 quarn
904 2671 1064 2723 etiam
1104 2667 1541 2722 Alemannorurn
1564 2678 1630 2712 u·-

20 2755 232 2836 trasque
249 2757 312 2814 ad
331 2758 564 2811 invicem
586 2749 870 2813 foederatas
886 2750 1084 2808 devicit
1100 2789 1115 2815 ‚
1138 2744 1359 2803 vastavit
1377 2784 1392 2805 ,
1415 2749 1468 2799 &
1489 2758 1629 2819 pene

22 2835 251 2918 subegit.
295 2836 424 2894 Inde
462 2855 686 2913 quoque
724 2834 898 2889 vietor
916 2830 979 2887 ad
1001 2831 1241 2908 proprias
1266 2827 1442 2885 sedes,
1463 2826 1516 2884 id
1537 2821 1630 2884 est,

18 2924 325 2977 Pannonias
340 2935 633 2982 revertenS‚
647 2915 1055 2971 Theodericum
1076 2909 1251 2968 filium
1271 2911 1446 2972 suum,
1463 2923 1628 2983 quem

25 2999 571 3081 Constantinopolim
608 2996 848 3056 obsidem
880 2993 1096 3051 dederat
1116 3033 1133 3062 ,
1178 2991 1206 3050 a
1235 2995 1421 3048 Leone
1454 2990 1631 3062 impe-

892 3079 944 3135 X
967 3097 999 3132 x
1051 3097 1075 3152 3
1453 3085 1629 3126 ratore
