1888 3428
205 175 319 237 <130
342 188 661 243 TTH1cAE
698 168 1112 229 HrsTorzrAE
1150 168 1431 224 LIB.IV.
1514 164 1636 240 489

18 259 88 322 ad
103 279 322 319 montes
335 264 485 336 juxta
499 258 676 317 editos
693 255 1080 333 pertingerent.
1098 251 1178 304 At
1194 247 1479 328 postquam
1499 257 1644 302 rece*

10 349 106 427 *pit
131 342 181 403 se
211 344 431 424 pelagus
452 383 467 408 ‚
498 341 669 398 relisti
699 341 756 395 in
793 337 947 393 terris
981 329 1145 411 pisces
1162 331 1332 409 specie
1367 332 1646 408 incognita

25 450 127 508 pro
150 425 400 485 monstris
418 422 794 481 habebantur:
824 436 1062 497 quorum
1081 432 1278 490 corpus
1296 433 1462 467 omne
1485 452 1499 472 ‚
1518 408 1647 466 cum

26 530 264 589 coquere
284 528 378 565 eos
396 508 593 567 vellent
613 508 708 581 qui
732 500 914 559 edules
931 497 1266 555 crediderant
1282 535 1296 560 ‚
1322 496 1491 550 calore
1512 496 1652 570 ignis

27 592 346 650 contactum
367 593 424 647 in
460 587 798 669 putredinem
828 578 1134 658 faedamque
1166 575 1366 634 saniem
1401 571 1653 631 diffluxit.

22 679 185 733 Tum
205 695 336 733 vero
357 672 424 730 ad
461 689 587 729 eum
605 670 793 727 locum
814 707 831 732 ‚
859 669 1034 744 quiex
1059 684 1126 720 eo
1145 659 1299 741 quod
1319 659 1653 715 narravimus

29 760 230 816 Hiatus
249 755 524 816 dicebatur
547 793 565 821 ,
606 750 862 808 accedens
893 767 1044 804 terrae
1076 740 1355 802 concussio
1392 743 1656 812 majorem

31 841 326 899 hominum
358 830 586 918 stragem
621 854 786 914 quam
841 827 1066 908 usquam
1100 833 1156 884 in
1204 827 1413 883 Graecia
1451 821 1656 885 edidit,

32 927 273 982 maxime
295 919 431 978 festo
451 915 693 998 quodam
725 916 841 974 die„
873 914 1021 970 Nam
1052 925 1418 968 convenerant
1449 923 1510 961 ut
1529 923 1659 960 eum

34 1006 365 1065 celebrarent
383 1003 599 1080 plurimi
630 1021 695 1057 ex
728 999 885 1055 omni
921 992 1414 1053 GraeciahomineS.
1458 985 1659 1044 Iam‘ad

35 1111 97 1146 ea
115 1110 233 1167 quae
253 1091 309 1144 in
329 1086 474 1143 Italia
492 1082 823 1164 gerebantur
843 1121 857 1141 ‚
892 1078 1072 1137 redeo.
1119 1075 1460 1132 Crotoniatae
1491 1079 1544 1128 &
1565 1071 1662 1147 qui
1703 1096 1708 1106 ·

34 1170 132 1230 sub
151 1168 384 1227 Palladio
407 1164 663 1246 praefecto
686 1162 984 1245 praefidium
1022 1159 1098 1216 ibi
1122 1157 1395 1216 habebant
1429 1154 1626 1211 milites
1641 1194 1659 1215 ,

35 1256 185 1334 gravi
219 1251 246 1309 {1
280 1248 511 1308 Gotthis
531 1247 687 1329 pressi
719 1244 931 1304 obfidio
954 1289 967 1311 ‚
1001 1261 1291 1320 rerumque
1326 1238 1513 1317 inopia
1531 1254 1664 1314 quas

39 1340 150 1395 vita
166 1333 423 1398 desiderat
440 1373 456 1400 ‚
473 1330 607 1409 saepe
625 1332 760 1388 clam
777 1328 956 1386 hostes
974 1330 1030 1383 in
1049 1327 1276 1383 Siciliam
1297 1319 1544 1378 miserant
1559 1317 1668 1373 ob-

37 1418 288 1478 testatum
307 1419 600 1474 Romanos
618 1413 782 1471 duces
814 1433 932 1469 eam
967 1427 1213 1467 tenentes
1244 1403 1469 1463 insulam
1489 1443 1507 1468 ‚
1544 1416 1670 1458 ante

33 1503 176 1560 -alios
194 1499 525 1557 Artabanem
544 1538 561 1566 ‚
597 1494 791 1552 fibi-ut
809 1492 1192 1551 subvenirent:
1224 1486 1375 1568 quod
1406 1488 1458 1544 ni
1479 1482 1666 1547 fieret,

41 1582 284 1642 facturos
313 1580 362 1640 se
383 1603 514 1639 mox
540 1578 692 1658 quod
712 1580 945 1635 maxime
962 1577 1171 1632 nollent
1190 1615 1205 1640 ‚
1227 1590 1288 1629 ut
1301 1568 1349 1627 se
1368 1565 1673 1647 oppidum-

23 1668 27 1673 ’
43 1689 151 1747 que
169 1664 421 1746 potestati
441 1665 817 1742 permitterent
836 1658 1090 1716 hostium.
1107 1658 1305 1733 Neque
1322 1671 1507 1710 tamen
1524 1644 1676 1727 quis‹

44 1771 208 1830 quam
229 1749 331 1805 illis
362 1739 692 1825 opitulatum
725 1745 893 1799 venit.
936 1746 1158 1818 Iamque
1189 1737 1377 1814 hyems
1408 1731 1586 1813 exibat
1614 1735 1673 1786 δε

28 1853 219 1889 *annus
251 1829 511 1908 septimus
547 1833 602 1886 δε
638 1825 879 1882 decimus
913 1821 1041 1880 belli
1069 1820 1222 1900 quod
1258 1814 1670 1876 describendum

45 1912 230 1973 sumfit
257 1908 579 1989 Procopius,
621 1911 700 1965 At
729 1913 1029 1986 Imperator
1049 1946 1067 1972 ,
1103 1924 1228 1961 cum
1268 1901 1538 1957 Crotonis
1568 1894 1675 1953 sta·-

47 2015 168 2054 tum
187 1992 477 2062 didicisset,
509 1997 564 2050 in
599 1991 864 2048 Graeciam
905 1989 1072 2045 mittit
1095 2028 1110 2053 ,
1142 1984 1408 2062 jubetque
1446 2001 1540 2038 eos
1574 1981 1673 2057 qui

50 2079 546 2156 Thermopylarum
564 2073 742 2132 fauces
774 2071 1052 2130 servabant
1071 2072 1143 2125 ire
1163 2067 1271 2125 fine
1294 2086 1448 2121 mora
1480 2068 1535 2120 in
1567 2067 1677 2121 Ita-

2 2234 6 2237 ‚
45 2164 174 2220 liam
196 2203 213 2229 ‚
241 2163 405 2239 vique
431 2161 586 2216 omni
606 2156 886 2213 subvenire
908 2155 1158 2210 Crotone
1176 2147 1412 2207 obseffis.
1457 2147 1576 2204 Nec
1595 2141 1678 2201 se·-

54 2244 238 2302 cusilli
260 2241 452 2299 fecere.
493 2242 645 2299 Velis
682 2241 880 2318 quippe
907 2239 1174 2293 continuo
1214 2228 1403 2296 factis,
1446 2247 1675 2286 ventum

52 2329 197 2385 nacti
215 2322 480 2384 ferentem
500 2365 517 2391 ‚
546 2325 815 2400 inopinati
846 2319 999 2398 plane
1035 2318 1099 2374 ad
1129 2335 1352 2396 portum
1372 2312 1681 2369 Crotonia-

54 2428 230 2467 tarum
276 2408 547 2487 appulere.
589 2404 809 2461 Barbari
853 2400 1178 2479 superventu
1212 2396 1380 2455 claffis
1415 2415 1527 2452 tam
1565 2413 1680 2449 non

22 2560 24 2563 .
57 2490 364 2569 exspectato
394 2490 671 2554 exterriti,
711 2484 924 2545 turbate
952 2483 1258 2542 ,admodum
1293 2480 1360 2537 ab
1391 2475 1678 2535 obsidione

58 2572 368 2640 discedunt,
403 2574 599 2650 aliique
618 2575 672 2627 in
693 2571 1059 2626 Tarentinum
1094 2584 1317 2647 portum
1353 2560 1522 2620 navali
1548 2556 1682 2638 fuga

60 2656 396 2724 dilabuntur,
418 2658 499 2713 alii
520 2673 657 2712 terra
673 2650 722 2709 se
744 2652 808 2708 ad
829 2667 1075 2706 montem
1096 2648 1376 2726 Scyllaeum
1397 2644 1685 2719 recipiunt.

59 2738 190 2797 Hoc
210 2738 328 2795 casu
348 2740 522 2795 multo
556 2740 727 2815 magis
761 2755 925 2813 quam
960 2750 1083 2789 ante
1114 2730 1308 2805 dejecti
1333 2724 1685 2784 Gotthorum

64 2823 230 2888 animi
251 2845 263 2877 :
296 2839 457 2899 atque
475 2841 540 2876 ex
557 2840 626 2875 eo
651 2819 925 2897 Ragnares
939 2856 954 2881 ‚
975 2818 1068 2892 qui
1086 2816 1256 2871 clarus
1272 2814 1412 2868 inter
1430 2804 1684 2865 Gotthos

64 2904 292 2960 Tarenti
310 2901 549 2982 praesidio
571 2918 789 2981 praeerat
809 2941 825 2967 ‚
857 2904 911 2956 &
947 2899 1166 2954 Morras
1185 2898 1280 2974 qui
1314 2883 1685 2950 Acheruntida

66 2983 497 3049 custodientibus
514 3004 624 3042 crat
641 2981 925 3063 impolitus
947 3023 962 3047 ‚
996 2973 1274 3040 voluntate
1302 2973 1521 3035 suorum
1540 2967 1688 3025 mili-

872 3065 932 3125 H
951 3061 985 3120 h
1037 3081 1065 3139 5
1570 3067 1693 3108 tum
