1931 3428
17 184 27 191 ,
226 129 697 190 &0L-1an
783 116 1215 180 Szx‘rvsss
1515 141 1638 202 927

19 216 178 274 mino
198 255 215 282 ‚
256 233 324 282 eo
343 208 559 269 absente
574 248 593 277 ,
623 212 741 282 ejus
756 206 1021 262 exercitus
1042 201 1200 261 caesus
1218 199 1326 274 est,
1344 207 1417 262 ·&
1434 204 1532 262 alia
1550 208 1635 268 vi-

18 319 101 367 ce,
124 318 250 365 cum
268 294 411 375 apud
431 294 613 352 vicum
628 289 862 348 Pilleum
881 326 897 353 ‚
915 305 1040 365 rege
1058 288 1116 343 in
1137 288 1423 368 Pentapoli
1440 287 1638 346 demo-

16 398 202 451 rante,
244 398 443 460 magna¹
471 372 767 434 multitudo
788 369 1023 431 horum,
1052 371 1148 448 qui
1178 375 1294 451 regi
1314 368 1640 432 munuscula

17 468 102 526 vel
132 460 286 525 xenia
314 506 331 529 ,
376 460 460 522 vel
490 457 818 540 singularum
850 449 1208 511 Ecclefiarum
1242 453 1388 513 dona
1421 452 1637 516 defere-

12 543 179 613 bant,
217 544 534 605 &Romanis
553 538 882 604 irruentibus
911 533 1036 594 caesa
1054 533 1139 593 vel
1169 554 1320 613 capta
1344 537 1439 595 est,
1483 541 1638 597 Rur-

15 632 99 691 sus
116 650 243 688 cum
260 629 584 687 Ravennam
619 619 1024 688 Hildebrandus
1041 619 1184 699 regis
1203 638 1374 697 nepos
1391 659 1411 686 ,
1452 626 1509 679 &
1528 626 1636 680 Pe-

15 714 183 779 tedeo
212 712 580 772 Vincentinus
607 708 714 771 dux
747 703 1062 762 obtinerent
1080 742 1100 771 ,
1143 702 1473 760 irruentibus
1501 696 1638 762 sub-¹

14 799 97 860 ito
117 798 393 856 Veneticis
413 835 431 864 ‚
463 787 874 850 Hildebrandus
905 784 974 843 ab
1006 788 1082 843 eis
1114 802 1300 865 captus
1321 784 1431 854 est,
1466 779 1636 844 Pere-v

15 878 122 960 deo
138 881 382 945 5:2v21ri1iter
417 894 666 958 pugnans
698 869 978 932 occubuit.
1030 873 1092 926 In
1124 866 1372 947 sequenti
1401 890 1633 950 quoque

0 961 281 1042 ,tem-pore-
303 959 548 1020 -Romani
572 955 722 1014 solita
755 957 992 1012 elatione
1028 953 1262 1032 turgidi,
1312 954 1679 1033 congregati*-

7 1043 418 1120 *universalitem
447 1038 705 1100 habentes
737 1041 800 1099 in
827 1041 1000 1117 capite
1029 1032 1387 1116 Agathonem
1413 1033 1633 1093 Perufi-
1659 1028 1663 1030 ’

12 1143 215 1199 norum
241 1127 437 1186 ducem
457 1166 475 1193 ,
518 1137 790 1183 venerunt
819 1137 882 1180 ut
914 1120 1228 1176 Bononiam
1263 1117 1632 1197 comprehen-

11 1209 204 1268 derent
222 1253 240 1280 ‚
258 1209 355 1269 ubi
378 1227 510 1266 tunc
527 1206 786 1266 Walc'ari
812 1246 831 1272 ,
860 1202 1102 1260 Peredeo
1120 1242 1135 1267 ,
1157 1205 1211 1257 δε
1230 1201 1483 1269 Rothari‚
1500 1221 1630 1259 mo·-

11 1293 276 1357 raban-tut
305 1296 364 1357 in
403 1289 599 1349 castris.
659 1292 776 1360 Qui
809 1285 963 1365 super
995 1285 1287 1342 Romanos
1325 1288 1587 1342 irruentes
1605 1323 1628 1352 ,

12 1376 242 1439 multam
263 1374 439 1433 de'eis
473 1371 704 1452 stragem
737 1370 1018 1434 fecerunt,
1072 1364 1417 1449 reliquosque
1436 1364 1628 1449 fugam

0 1476 195 1539 {petere
216 1460 621 1538 compulerunt.
1263 1463 1266 1485 ³

469 1596 530 1662 C
633 1617 682 1661 A
771 1593 835 1657 ίΡ.
1027 1593 1081 1658 L
1105 1591 1189 1659 V.

84 1751 169 1810 ,De
189 1740 504 1818 Traſsemundo
524 1737 647 1795 duce
663 1739 920 1813 spoletano
934 1773 948 1794 ,
969 1733 1033 1797 ἐφ’
1050 1731 1232 1806 G'zfiaelfo
1246 1741 1546 1793 Beneventa:

0 1833 1 1836 ’
162 1824 164 1826 ’
214 1828 217 1829 ’
250 1821 255 1825 ’
286 1820 383 1892 πὸ,
423 1825 485 1888 &⁹
507 1826 736 1898 Gregorio
758 1860 774 1888 ,
812 1819 874 1881 ό*
901 1836 1043 1894 regno
1073 1814 1350 1890 Hilprandi.
1386 1869 1391 1873 ⁵

0 1966 231 2091 His
279 1960 472 2023 diebus
508 1957 916 2019 Trasemundus
948 1971 1136 2013 contra
1177 1971 1362 2031 regem
1397 1948 1624 2008 rebella-

186 2048 280 2104 vit.
325 2048 496 2124 Super
514 2064 678 2123 quem
699 2044 817 2098 Rex
840 2061 966 2096 cum
985 2038 1222 2110 exercitu
1241 2036 1463 2092 veniens
1483 2072 1497 2093 ‚
1515 2030 1624 2109 ipse

0 2126 422 2189 {Trasemundus
450 2129 691 2183 Romam
725 2121 854 2202 fuga
872 2122 1043 2200 petiit.
1082 2123 1143 2174 In
1163 2121 1317 2190 cujus
1349 2117 1475 2171 loco
1493 2114 1624 2170 Hil-

12 2211 224 2269 dericus
259 2209 539 2267 ordinatus
567 2207 660 2265 est.
705 2206 938 2262 Mortuo
972 2219 1154 2259 autem
1185 2196 1502 2256 Romualdo
1533 2201 1624 2270 ju-

12 2296 168 2351 niore
186 2297 703 2350 Beneventanorum
724 2288 859 2346 duce
891 2327 910 2355 ‚
952 2288 1044 2365 qui
1065 2285 1333 2363 viginti&
1352 2276 1436 2337 seii
1452 2279 1623 2337 duca-

13 2391 135 2433 tum
157 2394 405 2434 tenuerat
439 2377 590 2432 annis
612 2414 627 2436 ‚
662 2368 909 2430 Gisulfus
930 2374 1044 2445 ejus
1061 2365 1202 2427 fili-us
1232 2362 1403 2421 adhuc
1424 2381 1625 2440 parvu-

11 2459 96 2516 lus
116 2460 387 2516 remanfit.
444 2459 659 2514 Contra
693 2476 857 2535 quem
878 2454 1039 2533 aliqui
1072 2448 1408 2526 insurgentes
1429 2485 1447 2513 ‚
1493 2464 1624 2501 eum

13 2542 196 2599 moliti
230 2539 351 2599 sunt
381 2544 719 2621 extinguere.
762 2537 863 2595 Sed
891 2538 1408 2593 Beneventanorum
1441 2545 1627 2606 popu-

12 2623 96 2682 lus
114 2664 132 2692 ,
175 2622 390 2704 quisuis
408 2622 734 2683 duCtoribus
749 2619 953 2700 semper
970 2617 1141 2677 fidelis
1155 2616 1334 2672 extitit
1348 2655 1363 2676 ‚
1385 2629 1480 2667 eos
1501 2630 1627 2689 per—

11 2724 267 2764 emerunt
284 2747 302 2775 ‚
321 2704 400 2763 sui
419 2707 569 2765 ducis
588 2709 748 2762 vitam
765 2702 1048 2763 servantes.
1097 2701 1213 2767 Qui
1235 2692 1482 2754 Gisulfus
1496 2712 1624 2750 cum

12 2805 240 2868 propter
262 2807 473 2848 aetatem
498 2789 756 2867 puerilem
776 2788 1005 2846 idoneus
1035 2785 1099 2844 ad
1116 2799 1332 2841 tantum
1351 2778 1624 2860 populum

13 2871 312 2950 regendum
347 2892 465 2930 non
496 2870 658 2936 effet,
702 2873 1069 2952 Liutprandus
1109 2890 1204 2930 rex.
1244 2876 1624 2931 Beneventum

16 2967 151 3038 {unc
170 2958 390 3016 veniens
408 2996 427 3028 ‚
459 2976 588 3018 eum
605 2956 795 3016 exinde
815 2956 1030 3042 abstulit
1046 2997 1065 3028 ,
1100 2958 1156 3011 &
1176 2956 1320 3037 apud
1334 2957 1624 3020 Beneven-

1497 3050 1621 3096 tum

1775 470 1810 481 *x
