1888 3428
155 188 604 247 Go‘rrnicffi
641 184 1062 241 HISTORIAE
1102 184 1252 239 [ΑΒ.
1293 189 1377 241 ΙΙ.
1451 240 1463 256 Α,
1506 186 1614 262 265

15 291 116 350 pro
138 288 385 335 numer0‚
403 264 489 325 sed
510 287 569 325 ut
583 268 758 324 multo
773 265 990 341 majoris
1005 267 1270 321 exercitus
1288 264 1482 343 species
1497 265 1625 324 bar·-

17 355 160 411 baris
191 352 529 425 objiceretur.
572 349 683 427 Ipse
703 389 719 416 ‚
747 369 874 405 cum
898 344 1121 404 Narsete
1141 352 1344 420 majore
1363 388 1378 408 ‚
1418 355 1469 406 &
1505 351 1624 406 reli—

18 457 132 515 quo
164 435 419 491 exercitus
439 473 454 499 ,
487 433 705 488 alteram
741 428 925 487 insistit
946 433 1085 487 viam
1120 429 1301 484 littore
1322 427 1582 486 semotam
1605 472 1624 498 ‚

19 538 136 596 quae
171 536 256 595 per
287 514 551 592 oppidum
591 510 737 570 urbis
773 513 929 567 aliam
955 512 1123 568 ducit.
1171 512 1304 568 Eam
1344 529 1465 567 ante
1495 513 1624 568 actis

17 595 346 678 temporibus
367 600 439 652 ita
459 599 646 653 evertit
665 593 945 651 Alarichus
965 612 1025 651 ut
1041 593 1251 650 decoris
1272 593 1473 671 pristini
1492 614 1626 672 prae-

17 699 100 738 ter
120 700 276 738 unam
299 696 509 756 portam
531 677 784 755 stratique
803 675 898 732 soli
913 697 1083 754 pauca
1103 674 1319 755 vestigia
1347 675 1480 732 nihil
1495 676 1628 732 reti-

18 774 193 820 neret.¹
227 761 335 816 Hic
362 761 489 819 mihi
512 763 709 816 mirum
728 758 777 816 se
801 757 1034 815 ostendit
1060 755 1438 836 spectaculum.
1485 759 1625 827 Quo

18 862 265 924 tempore
280 845 334 898 in
352 847 577 900 Picenos
596 862 738 899 arma
758 840 1020 898 Iohannes
1035 844 1235 901 intulit,
1253 861 1480 921 magnus
1499 861 1628 896 cun·

17 928 136 984 &os
154 926 398 983 mortales
417 967 431 991 ,
455 944 514 982 ut
531 923 645 982 fieri
665 921 821 990 solet,
845 945 1013 1003 pavor
1032 923 1239 981 incidit.
1269 925 1628 979 Feminarum

15 1013 123 1067 aliae
142 1026 357 1086 repente
391 1005 674 1089 fugiebant
711 1028 822 1086 quo
843 1027 1057 1085 quaque
1095 1025 1325 1084 poterat.
1369 1004 1631 1062 tardiores

15 1088 157 1149 foede
177 1091 242 1146 ab
257 1095 318 1147 iis
338 1094 392 1147 in
412 1113 552 1169 quos
583 1090 877 1146 inciderant
903 1088 1267 1146 trahebantur.
1312 1094 1376 1145 In
1394 1109 1499 1167 qua
1517 1088 1627 1146 dixi

15 1177 238 1252 regione
263 1175 452 1230 mulier
469 1173 496 1229 a
517 1191 667 1251 partu
692 1193 872 1229 recens
888 1169 1453 1249 infantemreliquerat
1476 1168 1633 1226 humi

6 1261 280 1324 iacentem
306 1257 360 1310 in
395 1253 564 1312 fasciis
587 1277 601 1310 ε
632 1256 738 1332 ipsa
754 1295 770 1321 ‚
790 1253 893 1310 five
909 1251 1038 1333 fuga
1059 1293 1073 1314 ,
1109 1252 1213 1309 five
1234 1254 1340 1309 alio
1360 1273 1473 1331 quo
1510 1249 1628 1308 casu

19 1337 271 1416 abrepta,
307 1358 588 1417 nunquam
604 1337 776 1393 rediit.
824 1336 1096 1393 Credibile
1115 1333 1188 1391 est
1207 1354 1298 1392 aut
1316 1336 1502 1413 procul
1519 1339 1630 1389 Ita-

17 1422 88 1478 lia
121 1421 360 1476 avectam
402 1461 419 1488 ,
456 1437 546 1476 aut
583 1437 846 1475 exemtam
899 1417 1148 1474 humanis
1177 1418 1358 1474 rebus,
1398 1417 1626 1474 Ploran-

17 1520 128 1560 tem
146 1504 200 1559 in
227 1500 510 1560 solitudine
535 1522 685 1580 capra
706 1501 889 1558 videns
909 1520 1136 1578 puerum
1162 1498 1405 1558 miserata
1421 1496 1498 1556 est
1517 1540 1534 1567 ‚
1571 1503 1628 1555 δε

16 1584 272 1642 accedens
290 1591 440 1657 (nam
459 1588 514 1641 in
542 1587 794 1661 proximo
829 1581 1006 1660 &ipsa
1028 1588 1324 1661 pepererat)
1353 1581 1486 1638 uber
1504 1601 1634 1658 prae-

19 1666 137 1724 buit
153 1708 168 1733 ,
188 1687 478 1745 curamque
497 1673 550 1723 &
570 1665 865 1722 custodiam
887 1706 903 1731 ,
924 1685 990 1743 ne
1008 1668 1128 1743 quis
1149 1669 1290 1720 canis
1306 1705 1322 1731 ‚
1340 1685 1406 1721 ne
1422 1684 1529 1742 qua
1546 1660 1630 1719 fe-

21 1769 74 1806 ra
89 1747 315 1806 laederet‘
363 1752 447 1804 Ac
467 1748 725 1825 quamdiu
761 1747 1037 1804 turbatum
1058 1745 1128 1802 est
1148 1746 1248 1803 illis
1265 1750 1320 1803 in
1339 1749 1470 1803 locis
1490 1750 1630 1817 (tur-

18 1831 206 1888 batum
225 1830 297 1887 est
319 1829 434 1887 satis
451 1832 568 1903 diu)
592 1851 705 1887 non
723 1827 876 1885 desiit
895 1832 1107 1906 caprina
1124 1830 1263 1884 laote·
1279 1827 1411 1906 pasci
1431 1824 1627 1884 infans.

21 1911 312 1992 Postquam
333 1934 461 1970 vero
482 1912 725 1969 auditum
748 1915 956 1968 Picenis
976 1953 990 1977 ‚
1020 1911 1421 1986 venirejustum
1445 1915 1630 1988 Impe-

19 1999 207 2053 ratoris
222 1998 513 2053 exercitum
530 2036 545 2061 ‚
567 1994 909 2052 Gotthorum
927 2013 1140 2050 tantum
1162 1996 1303 2050 malo
1323 1995 1632 2060 ‚Romanis

8 2077 479 2135 mihil-nociturum
502 2122 514 2142 ,
535 2079 763 2135 domum
783 2076 847 2132 ab
869 2074 1055 2133 exsiliis
1071 2077 1269 2134 rediere
1288 2099 1301 2132 ε
1321 2096 1556 2155 cumque
1571 2079 1630 2132 in

9 2157 332 2218 'Vrbisaliam
354 2182 479 2218 cum
512 2163 637 2218 viris
669 2157 1109 2218 etiamssRo.manae
1131 2161 1383 2216 mulieres
1399 2156 1632 2216 revenis«

20 2238 130 2299 sent
146 2281 162 2308 ‚
182 2247 438 2300 contuitae
458 2241 657 2300 salvum
682 2246 735 2298 in
770 2239 936 2298 fasci—is
965 2240 1225 2299 infantem
1241 2283 1257 2308 ‚
1280 2239 1487 2299 causam
1507 2237 1649 2297 affe-¹

20 2327 113 2403 qui
136 2340 472 2404 nequeuntes
493 2324 642 2404 quod
662 2324 765 2382 huc
788 2323 952 2403 usque
973 2329 1175 2382 viveret
1192 2317 1522 2381 mirabantur
1540 2346 1557 2379 ε
1573 2329 1631 2380 &

21 2406 59 2464 fi
77 2427 190 2484 quae
210 2408 271 2464 ad
287 2407 338 2464 id
357 2407 564 2465 idoneae
585 2424 733 2464 erant
753 2452 765 2471 ‚
800 2407 1164 2464 admovebant
1184 2428 1499 2464 mammam.
1541 2404 1631 2462 sed

21 2503 196 2567 neque
218 2511 348 2568 puer
384 2489 646 2546 muliebre
665 2490 745 2545 lac
781 2489 1096 2547 admittebat
1118 2531 1134 2558 ‚
1168 2511 1346 2569 neque
1366 2509 1520 2566 capra
1535 2485 1631 2544 ab.-

21 2567 192 2627 fistere
223 2573 469 2629 volebat:
510 2571 597 2628 sed
632 2591 896 2650 perpetuo
938 2584 1062 2629 cum
1101 2576 1318 2652 mugitu
1339 2612 1354 2634 ‚
1387 2569 1633 2628 ambiens

17 2652 283 2731 conspici,
302 2656 449 2711 velut
470 2653 901 2735 indignabunda,
924 2654 1076 2733 quod
1094 2651 1422 2712 circumfusa:
1443 2653 1635 2710 mulie·

20 2753 102 2792 res
120 2733 299 2792 officio
317 2735 411 2794 suo
433 2735 745 2804 obstarent,
781 2742 835 2794 &
857 2755 914 2794 ut
932 2741 987 2794 in
1011 2736 1276 2794 summam
1296 2735 1499 2798 dicam,
1531 2754 1632 2792 cu-

21 2825 131 2873 ram
150 2838 263 2874 non
287 2821 435 2876 aliter
452 2841 615 2899 quam
635 2818 700 2875 de
719 2817 768 2874 se
788 2822 960 2899 geniti
985 2817 1080 2876 fibi
1100 2819 1422 2877 vindicabat.
1458 2818 1539 2875 Ex
1561 2836 1630 2874 eo

20 2895 209 2956 infanti
230 2921 345 2958 non
365 2903 497 2958 ultra
541 2903 828 2980 negotium
847 2897 1016 2959 facere
1049 2898 1266 2960 feminae
1283 2943 1301 2969 ,
1334 2920 1488 2981 capra
1504 2917 1631 2956 eum

21 2976 128 3067 fine
144 2983 539 3063 impedimento
562 2986 694 3045 alere
709 3027 725 3051 ,
750 2980 936 3041 fovere
956 3024 973 3045 ,
992 2987 1162 3044 tueri:
1184 2984 1327 3045 unde
1348 2989 1400 3044 &
1420 2998 1630 3041 nomen

844 3067 896 3125 R
944 3081 970 3143 5
1461 3079 1632 3141 puero
