1931 3428
304 225 637 289 LI'BER
720 230 1250 298 QVARTvs.
1504 235 1623 311 859

21 322 173 379 ciunt
190 356 208 385 ‚
228 314 291 372 ad
309 319 422 388 ejus
439 308 660 391 vestigia
680 311 1080 390 provolvuntur
1098 351 1115 376 ‚
1134 314 1290 389 eique
1310 315 1630 374 venerabili-

23 421 107 460 ter
122 442 139 469 ,
172 396 322 479 quod
340 416 459 452 eam
483 392 607 451 suus
626 396 707 450 vir
724 387 1361 473 requireret,suggerunt.
1403 397 1630 461 Quibus

22 486 112 544 illa
139 477 413 559 respondit
440 499 455 532 ε
499 482 576 533 Ite
594 516 612 543 ‚
647 479 951 534 renuntiate
970 476 1084 552 regi*
1102 473 1276 531 vestro
1299 482 1352 530 &
1371 476 1629 549 dominO,

26 569 170 647 quia,
189 561 305 622 nifi,
324 559 456 616 ficut
473 581 578 639 ego
592 565 706 636 jam
725 558 954 624 credidi,
974 559 1050 613 ita
1067 554 1242 634 &ipse
1272 559 1327 612 in
1349 557 1632 619 Christum

28 644 310 707 crediderit
330 683 346 710 ‚
376 664 463 700 me
488 647 597 716 jam
619 645 754 699 ultra
784 638 1090 698 consortem
1125 639 1271 695 thori
1289 637 1485 697 habere
1515 662 1634 700 non

24 730 246 811 poterit.
292 726 446 796 Quid
468 727 670 794 multa?
706 721 924 783 Reversi
937 723 1105 801 ⁴legati
1122 721 1186 778 ad
1204 724 1429 799 patriam
1458 764 1474 789 ,
1507 728 1635 782 uni-

25 809 171 886 versa
195 828 317 890 quae
347 808 657 876 audierant,
696 809 809 886 regi
827 809 1104 863 nunciant.
1153 805 1270 872 Qui
1299 802 1431 861 nihil
1450 804 1658 862 mora?

27 910 115 952 tus
146 935 163 960 ‚
214 912 340 949 cum
370 889 640 970 sexaginta
655 887 893 948 millibus
927 889 1052 947 viris
1085 885 1638 966 Constantinopolim

26 973 251 1056 pacifice
271 974 335 1031 ad
353 979 742 1052 Imperatorem
763 973 928 1029 venit.
953 974 1007 1027 A
1026 991 1139 1049 quo
1157 988 1427 1050 gratanter
1446 978 1500 1028 &
1516 968 1639 1029 satis

29 1059 199 1139 digne
228 1054 497 1134 susceptus
531 1052 625 1111 est.
690 1057 950 1122 Quicum
982 1051 1239 1110 universis
1272 1055 1329 1109 in
1357 1050 1640 1111 Christum

29 1140 324 1197 dominum
344 1137 565 1195 credens
597 1177 613 1198 ‚
666 1140 858 1217 pariter
875 1156 1001 1192 cum
1033 1134 1290 1192 omnibus
1315 1134 1439 1192 sacri
1459 1134 1642 1216 bapti-

25 1221 209 1292 smatis
224 1220 366 1277 unda
385 1215 626 1297 perfusus
644 1256 660 1282 ‚
704 1226 758 1276 &
779 1219 844 1275 ab
865 1215 1119 1298 Augusto
1142 1217 1207 1275 de
1239 1215 1392 1275 fonte
1409 1221 1641 1287 levatuS,

29 1303 296 1362 catholica
328 1299 437 1359 fide
467 1299 817 1358 confirmatus
850 1298 946 1357 est.
1001 1299 1300 1380 Multisque
1322 1301 1660 1359 muneribus-

31 1387 100 1444 ab
132 1382 389 1465 Augusto
424 1382 756 1449 honoratu8‚
796 1399 1008 1462 accepta
1044 1380 1134 1438 sua
1167 1388 1399 1463 conjuge
1417 1385 1643 1441 laetus&

31 1468 273 1550 gaudens
304 1467 368 1524 ad
403 1463 551 1523 suam
585 1471 806 1543 patriam
838 1465 1129 1543 repedavit.
1176 1467 1334 1522 Circa
1362 1464 1470 1522 haec
1499 1484 1644 1523 tem-

30 1572 171 1630 pora
191 1571 418 1607 mortuo
449 1549 589 1628 apud
617 1549 942 1622 Forumjulii
974 1545 1232 1605 Grasulfo
1251 1547 1386 1605 duce
1403 1549 1645 1621 Foroiu-

34 1630 182 1691 lienfi
204 1675 217 1695 ,
253 1634 509 1690 ducatum
531 1634 661 1712 Ago
682 1631 981 1711 regendum
1000 1628 1239 1708 suscepit.
1299 1630 1468 1707 Apud
1502 1632 1645 1710 Spo-

35 1716 208 1773 letum
229 1736 455 1794 quoque
484 1713 862 1793 Theudelapio
884 1709 1146 1768 defunRO
1165 1753 1180 1780 ‚
1212 1714 1350 1769 Atto
1367 1709 1548 1769 'eidem
1567 1714 1647 1768 ci-

37 1800 186 1858 vitati
204 1798 399 1856 ἀιιᾶοῑ
417 1794 671 1854 efficitur.

480 1933 542 1999 C
645 1957 693 1998 A
793 1958 848 1998 P.
997 1932 1215 1998 LIII.

81 2088 156 2134 De
173 2078 328 2142 morte
345 2074 577 2136 ariberti,
596 2076 656 2138 ὅς’
679 2076 949 2145 Godeberti,
969 2074 1058 2140 filii
1073 2075 1193 2152 eju53
1211 2076 1294 2148 qui
1298 2073 1535 2148 fitcc'effit:
1553 2078 1616 2137 &

222 2177 365 2235 regno
401 2160 675 2215 Grimoaldi
693 2198 710 2224 ,
733 2161 805 2235 φ’
841 2160 1047 2215 interitu
1063 2158 1313 2214 Garibaldi
1329 2158 1479 2214 ducis.

120 2297 289 2354 Gitur
319 2293 607 2352 Aribertus
629 2336 647 2363 ,
691 2293 975 2375 postquam
1006 2295 1425 2375 apud'Ticinum
1446 2316 1539 2375 per
1559 2315 1655 2351 an-

125 2401 229 2436 nos
246 2399 450 2436 novem
468 2377 864 2458 Langobardos
880 2396 1086 2435 rexerat
1105 2422 1119 2443 ‚
1159 2377 1302 2435 diem
1324 2378 1518 2435 obiens
1534 2418 1551 2445 ,
1570 2398 1657 2434 re·-

47 2483 218 2541 gnum
240 2458 600 2532 duobu'sfiliis
616 2459 718 2518 suis
741 2460 912 2518 adhuc
927 2459 1349 2542 adolescentibus
1367 2502 1386 2528 ,
1429 2462 1661 2516 Bertari-
1700 2528 1704 2533 ,

50 2545 123 2601 do
144 2550 197 2601 δε
219 2542 548 2610 Godeberto
568 2585 587 2613 ,
622 2543 919 2625 regendum
940 2545 1172 2623 reliquit.
1213 2545 1285 2600 Et
1304 2541 1659 2600 Godebertus

49 2626 271 2706 quidem
292 2627 479 2683 Ticini
509 2625 687 2684 sedem
709 2627 859 2707 regni
876 2625 1063 2683 habuit
1079 2667 1096 2693 ‚
1124 2626 1430 2683 Bertaridus
1449 2644 1578 2681 vero
1600 2626 1660 2681 in

50 2711 266 2768 civitate
290 2707 710 2767 Mediolanensi.
752 2714 897 2765 Inter
913 2730 1056 2788 quos
1073 2705 1259 2766 fratres
1281 2750 1296 2776 ‚
1334 2704 1660 2764 facientibus

52 2793 305 2873 malignis
321 2790 643 2870 hominibus
663 2833 681 2860 ‚
718 2789 986 2849 discordiae
1007 2797 1060 2848 &
1080 2791 1338 2849 odiorum
1357 2787 1535 2846 fomes
1552 2787 1663 2846 sur-

53 2878 190 2932 rexit
208 2877 313 2942 ,--in
331 2891 544 2932 tantum
570 2892 630 2930 ut
647 2877 773 2932 alter
791 2875 1008 2930 alterius
1026 2894 1254 2954 regnum
1285 2872 1536 2930 invadere
1565 2891 1663 2926 co-

52 2973 286 3021 naretur.
342 2958 474 3023 Qua
507 2956 573 3014 de
607 2977 662 3012 re
698 2955 1053 3014 Godebertus
1080 2955 1441 3014 Garibaldum
1461 2953 1665 3007 Tauriae

56 3041 263 3100 natium
285 3037 478 3099 ducem
500 3039 565 3099 ad
583 3037 970 3097 Grimoaldum
987 3041 1497 3099 Beneventanorum
1530 3031 1664 3088 stre-

1492 3133 1666 3173 nuum
