1888 3428
275 151 1223 217 '‘PROLEGOMENAI
1548 155 1644 224 [55

108 245 232 303 180·
282 241 593 320 Aripertus.
1529 253 1538 264 ‘

68 379 72 381 a
111 344 199 396 19.
283 320 610 379 Bertaridus.

104 424 196 463 20.
278 401 655 461 GirmoalduS.

105 507 136 546 2
150 508 194 545 1.
278 484 606 543 BertariduS.

107 589 136 626 2
150 591 201 627 2.
285 566 337 623 C
343 566 644 625 unibertus».

109 674 139 710 2
154 674 175 730 3
189 691 205 708 .
281 648 620 708 Liutbertus.

107 754 201 812 24.
279 731 672 812 RegnibertuS.

107 833 198 893 25.
279 817 590 895 AripertuS.

108 906 202 957 26.
283 895 661 977 Arisprandus.

108 1001 200 1056 27.
283 980 672 1060 LiutpranduS.

108 1085 138 1121 2
151 1066 205 1122 8.
288 1062 583 1120 Ratohilus.

110 1166 199 1220 29.
281 1142 603 1204 Ahistulfus.
1356 1196 1359 1200 ,
1653 1212 1656 1214 μ

111 1248 202 1306 30.
280 1226 668 1285 Defideriusin
685 1246 800 1305 quo
829 1223 972 1283 finiit
996 1243 1228 1305 regnum
1255 1214 1659 1302 Langobardoa

340 1330 464 1367 rum
493 1309 681 1366 Caroli
699 1309 896 1388 Magni
914 1307 1178 1386 tempore.

33 1387 384 1448 Gotthorum
403 1392 699 1471 propagine
730 1390 941 1470 peracta
957 1407 1173 1469 tempus
1191 1386 1268 1444 est
1285 1386 1351 1444 ad
1382 1380 1661 1444 VVandass

30 1472 115 1527 los
147 1489 292 1530 retro
312 1493 401 1529 me
435 1470 638 1534 feram,
674 1469 1069 1552 antiquissimos
1102 1469 1258 1538 sane,
1287 1489 1404 1526 non
1437 1487 1506 1524 eo
1539 1482 1665 1521 tan-

28 1569 148 1611 tum
184 1554 461 1613 intellestu
476 1593 495 1621 ‚
524 1573 641 1633 quo
656 1554 904 1633 generale
921 1551 1054 1611 illud
1067 1571 1275 1608 nomen
1294 1552 1556 1629 plurimos
1572 1547 1664 1602 in-

26 1653 184 1693 certae
204 1635 337 1693 sedis
355 1636 591 1715 populos
609 1673 628 1700 ,
662 1653 724 1691 ut
757 1654 880 1693 ante
900 1634 1051 1702 dixi,
1081 1630 1534 1713 comprehendit:
1569 1626 1661 1686 secl

30 1737 296 1798 quatenus
316 1722 362 1776 ei
395 1714 764 1797 significantur
780 1759 798 1786 ,
824 1714 986 1798 quise
1003 1715 1032 1774 ὲ
1051 1719 1262 1775 Scantia
1296 1732 1451 1772 ortos
1470 1710 1666 1793 praedi-

31 1799 235 1859 cabant.
257 1801 467 1858 Eorum
487 1817 692 1880 partem
705 1806 818 1876 jam
847 1803 979 1858 olim
999 1820 1124 1858 cum
1144 1796 1378 1857 Gotthis
1394 1795 1460 1853 ad
1477 1797 1663 1862 Maeo-

32 1878 132 1941 tim
148 1879 432 1942 consedisse
453 1882 615 1940 docet
634 1903 738 1940 nos
756 1885 1063 1964 Procopius
1081 1881 1481 1940 Gotthicorum
1500 1898 1663 1956 quar-

34 1983 111 2024 to.
158 1969 234 2024 At
261 1965 482 2023 illorum
515 1956 948 2026 VVandalorum
973 2007 989 2033 ,
1023 1969 1119 2045 qui
1150 1987 1217 2022 ex
1251 1964 1432 2021 Gallia
1458 1958 1662 2040 Hispa-

33 2051 178 2106 niam
196 2089 214 2117 ,
237 2070 299 2106 ex
320 2046 581 2128 Hispania
599 2045 842 2108 Africam
864 2048 961 2105 fibi
987 2047 1297 2127 quaesivere,
1316 2050 1550 2123 majores
1565 2062 1660 2121 pet

34 2133 159 2189 anni
173 2149 389 2210 tempus
407 2131 473 2189 ab
494 2133 721 2190 Oceano
741 2131 840 2190 fibi
858 2132 1020 2188 natali
1038 2151 1232 2190 venere
1254 2133 1311 2186 in
1329 2131 1473 2188 illam
1494 2145 1662 2186 vexa—

33 2231 143 2272 tam
177 2232 264 2272 tot
293 2217 481 2273 incolis
496 2216 745 2272 Daciam.
777 2213 882 2271 hos
910 2212 1240 2272 VVandalos
1260 2211 1540 2292 Asdingos
1563 2229 1661 2266 co-

35 2300 387 2376 gnominatos
405 2297 567 2355 tradit
585 2297 730 2354 idem
757 2296 1070 2354 IornandeS.
1117 2294 1306 2376 estque
1337 2301 1393 2354 &
1428 2300 1544 2371 ejus
1562 2312 1663 2349 co·-

35 2382 312 2459 gnominis
330 2421 347 2448 ‚
380 2385 437 2438 &
455 2379 720 2438 adventus
737 2400 930 2437 eorum
952 2382 1006 2437 in
1027 2381 1254 2437 Daciam
1272 2419 1291 2446 ,
1321 2397 1450 2438 cum
1468 2373 1661 2437 diserta

36 2465 297 2541 temporis
315 2465 603 2520 notatione
618 2503 636 2529 ‚
664 2460 860 2520 scilicet
877 2465 1106 2520 Aurelio
1125 2463 1425 2525 Antonino
1445 2460 1661 2518 Roma·-

39 2547 121 2602 nis
153 2549 451 2624 imperante
471 2586 490 2614 ‚
533 2549 745 2602 mentio
780 2542 1001 2625 insignis
1030 2545 1173 2625 apud
1203 2546 1454 2601 Dionem
1488 2539 1661 2599 Libro

43 2644 77 2682 L
92 2648 123 2683 x
137 2649 170 2682 x
186 2647 225 2684 1.
262 2627 427 2686 exstat
459 2627 606 2686 idem
626 2628 1008 2707 Asdingorum
1044 2647 1259 2685 nomen
1289 2632 1345 2684 &
1365 2624 1509 2704 apud
1532 2619 1665 2681 Pris-

43 2727 168 2766 cum
183 2714 467 2769 Patricium
496 2717 551 2769 &
585 2707 914 2791 Magistrum
942 2715 1095 2786 cujus
1110 2709 1483 2790 fragmentum
1503 2709 1560 2763 in
1578 2725 1664 2761 ex-

44 2795 235 2870 cerptis
251 2791 324 2850 est
341 2792 408 2851 de
439 2794 826 2873 legationibus.
869 2794 1170 2853 Aureliano
1204 2793 1444 2872 principe
1483 2783 1664 2847 sediffe

43 2873 312 2932 Vandalos
326 2875 391 2934 ad
407 2876 768 2941 Danubium,
792 2875 1060 2955 factoque
1079 2873 1259 2934 federe
1290 2873 1484 2931 auxilia
1501 2869 1668 2948 polli-

43 2957 180 3013 citos
194 2956 462 3017 Romanis
490 2958 690 3018 docent
724 2980 827 3018 nos
843 2962 1133 3038 Dexippus
1161 2964 1212 3017 δε
1232 2953 1470 3023 Pristim,
1499 2971 1668 3091 (ιιςιὶεω

932 3042 968 3098 d
1011 3062 1051 3116 4
1588 3034 1683 3105 ixi,
