1888 3428
266 161 359 242 ‘96
558 162 971 236 “PRocoPn
1013 162 1598 221 effluet-ensis*
1814 212 1819 215 ,

264 267 390 307 mos
411 236 674 303 Afrorum
691 247 933 324 captivos
950 244 1206 303 trahebat.
1247 248 1303 301 in
1334 241 1666 303 castellorum
1689 251 1867 324 proxi?-

265 350 384 395 mo,
402 327 554 408 quod
573 328 846 400 Centuriae
867 327 1080 395 dicitur,
1104 324 1401 405 praesidium
1418 327 1608 407 agebat
1637 327 1867 388 Althias.

263 416 314 469 Is
331 414 668 490 captivorum
685 427 849 466 notos
866 412 1065 489 eripere
1082 407 1219 465 hosti
1239 407 1453 466 studens
1468 450 1486 477 ,
1505 430 1630 466 cum
1646 409 1870 468 Hunnis

266 493 364 551 fibi
387 491 694 572 parentibus
713 533 732 560 ,
765 491 1098 572 septuaginta
1117 489 1413 548 admodum
1432 534 1446 556 ,
1480 489 1690 548 castello
1706 495 1839 549 exiit
1855 484 1883 550 :¹

267 577 554 655 secumque
588 571 819 653 expenso
838 615 855 641 ‚
890 595 1005 631 non
1039 570 1182 652 poffe
1195 573 1405 630 tantillo
1425 590 1548 630 cum
1566 578 1795 631 numero
1813 577 1872 631 in

243 652 245 654 ’
270 661 593 715 Maurorum
605 655 818 713 turbam
834 659 1113 736 ingentem
1133 652 1361 736 pugnari
1379 694 1395 716 ‚
1433 656 1572 712 arcta
1602 655 1873 734 quaerebat

269 745 385 798 loca
402 781 419 809 ‚
448 761 540 818 per
570 760 687 819 quae
710 740 810 795 iter
827 735 1142 795 facientibus
1177 735 1420 794 hostibus
1438 739 1679 816 captivos
1697 740 1873 815 eripe-

272 841 367 881 ret.
413 822 671 900 Cumque
690 819 818 878 nihil
843 821 945 877 tale
963 836 1232 900 appareret
1247 859 1264 887 ‚
1299 820 1466 896 aequis
1483 823 1681 876 circum
1698 821 1874 897 spatiis

272 924 589 983 camporum
612 941 628 968 ‚
661 900 767 958 boc
786 905 954 962 utitur
971 920 1305 960 commento,
1350 902 1551 981 Tingis
1577 903 1872 981 nonlonge

271 1005 382 1044 erat
401 1025 418 1053 ‚
455 985 593 1043 bene
621 986 896 1055 munitum
925 984 1188 1065 oppidum
1207 1022 1224 1049 ,
1256 980 1468 1041 fontem
1498 981 1701 1039 habens
1715 1004 1874 1063 egre-

271 1071 426 1149 gium
456 1071 510 1125 in
529 1064 802 1145 angustiis.
843 1088 968 1123 eum
990 1064 1200 1122 fontem
1219 1082 1527 1143 antecapere
1544 1063 1752 1121 laborat
1769 1065 1883 1121 Al-·

275 1149 410 1207 thias
432 1191 447 1212 ‚
475 1149 783 1222 conjectans
802 1146 881 1205 fiti
900 1149 1118 1205 coaftos
1134 1146 1314 1204 hostes
1331 1169 1398 1204 eo
1419 1146 1748 1206 adventuros
1766 1186 1782 1211 ‚
1815 1145 1871 1204 id

272 1232 426 1310 quod
456 1229 601 1287 nulla
629 1232 684 1285 in
720 1232 1028 1308 propinquo
1066 1232 1159 1286 alia
1178 1225 1302 1285 effet
1332 1250 1482 1307 aqua.
1529 1227 1712 1285 Insana
1731 1228 1875 1286 vide-‘³

272 1312 433 1370 batur
451 1312 709 1389 cogitatio
729 1310 837 1368 haec
857 1314 1040 1374 militi,
1073 1307 1305 1366 hostium
1326 1310 1728 1367 multitudinem
1756 1311 1876 1366 ani-

275 1417 373 1453 mo
407 1392 680 1473 figuranti.
722 1395 800 1449 At
836 1394 1016 1451 evenit
1048 1409 1107 1448 ut
1136 1392 1316 1448 Mauri
1341 1394 1533 1470 partim
1561 1412 1653 1471 per
1669 1385 1874 1457 itineris’

274 1475 517 1534 laborem
537 1515 553 1541 ‚
588 1475 782 1553 partim
802 1495 894 1553 per
908 1472 1071 1533 aestivi
1091 1472 1213 1531 solis
1231 1475 1752 1549 calorem‘contracta
1769 1514 1786 1542 ,
1811 1490 1876 1532 ut

276 1557 343 1616 fit
359 1599 377 1625 ,
410 1557 488 1614 liti
507 1560 740 1613 maxima
759 1597 776 1623 ,
810 1556 938 1613 nihil
960 1558 1081 1613 mali
1098 1553 1415 1634 suspicantes
1434 1556 1498 1614 ad
1517 1554 1728 1613 fontem
1749 1573 1872 1614 cur-

273 1657 464 1697 rerent.
512 1640 633 1707 Qui
652 1636 743 1693 ubi
761 1636 968 1695 insideri
989 1657 1148 1714 aquas
1167 1637 1232 1693 ab
1247 1636 1396 1694 hoste
1412 1638 1659 1696 viderunt
1680 1676 1697 1703 ‚
1731 1637 1871 1696 stant

274 1721 366 1779 diu
386 1722 562 1786 anxii,
595 1723 906 1798 magnajam
925 1721 1116 1774 virium
1150 1737 1297 1795 parte
1324 1717 1560 1777 absumta
1598 1740 1691 1797 per
1707 1739 1871 1799 potus

274 1805 516 1881 inopiam
551 1821 608 1856 ac
622 1799 956 1858 desiderium.
998 1799 1216 1857 tandem
1234 1801 1533 1858 collocutus
1550 1822 1672 1858 cum
1690 1801 1873 1859 Althia

275 1885 459 1943 labdas
477 1924 493 1949 ,
525 1884 732 1939 tertiam
769 1883 947 1960 praedae
966 1898 1170 1959 partem
1198 1880 1437 1960 promifit
1457 1924 1473 1950 ,
1509 1901 1568 1939 ut
1587 1884 1766 1941 Mauri
1785 1885 1871 1941 bi-

279 1967 404 2023 bere
427 1986 620 2022 omnes
654 1962 963 2021 sinerentur.
1004 1966 1139 2020 Non
1175 1968 1362 2043 accipit
1401 1967 1442 2020 is
1474 1966 1869 2026 conditionem,-

277 2047 364 2105 sed
395 2045 656 2126 singulare
674 2067 798 2103 cum
828 2046 942 2124 ipso
961 2063 1225 2102 certamen
1245 2043 1506 2125 poposcit.
1551 2051 1868 2126 Accipiente

278 2132 722 2209 provocationem
747 2126 907 2185 labda
924 2165 942 2193 ³
971 2130 1225 2186 convenit
1247 2168 1263 2195 ‚
1299 2147 1356 2185 ut
1388 2127 1423 2184 fi
1442 2132 1745 2201 vinceretur
1763 2129 1888 2196 Al-¹

277 2211 414 2268 thias
447 2206 652 2266 Mauris
689 2209 912 2288 potandi
945 2207 1068 2266 effet
1102 2212 1254 2287 copia
1273 2248 1286 2266 0
1356 2209 1657 2287 Laetabatur
1699 2227 1866 2267 omne·

274 2293 598 2350 Maurorum
619 2312 844 2371 agmen,
879 2292 1096 2369 plenum
1132 2291 1290 2352 bonae
1311 2289 1452 2370 spei,
1486 2293 1637 2371 quod
1658 2287 1888 2366 Althias}

274 2394 501 2453 corpore
519 2390 629 2431 erat
646 2375 848 2452 gracili,
874 2389 971 2430 nec
991 2395 1190 2453 magno
1205 2372 1341 2439 satiS,
1362 2373 1543 2431 labdas
1562 2396 1688 2441 vero
1710 2370 1888 2433 Mau-*l

272 2477 364 2514 ros
381 2460 520 2512 inter
540 2474 650 2513 tam
675 2455 872 2512 robore
902 2477 1063 2534 quam
1083 2454 1257 2513 forma
1276 2455 1559 2512 eminebat.
1600 2456 1788 2512 Ambo
1809 2441 1888 2532 in}

273 2540 427 2617 equis
445 2555 611 2595 erant.
655 2540 808 2594 Prior
820 2536 1017 2594 hastam
1034 2537 1204 2595 emifit
1221 2537 1400 2594 labdas
1420 2555 1433 2592 i
1454 2559 1614 2615 quem
1633 2540 1689 2593 in
1707 2535 1755 2593 se
1775 2536 1888 2613 veel

272 2623 514 2677 nientem
550 2618 755 2676 Althias
772 2636 982 2676 tantum
1004 2621 1170 2677 valuit
1200 2638 1260 2677 ut
1289 2619 1499 2676 dextera
1537 2619 1668 2676 nihil
1687 2616 1888 2697 minus‘}

274 2698 668 2780 exspectantem
688 2702 1105 2780 apprehenderet
1124 2737 1138 2764 ³
1173 2703 1299 2757 laeva
1321 2704 1533 2757 interim
1554 2743 1570 2769 ‚
1589 2718 1648 2758 ut
1666 2718 1775 2758 erat
1794 2700 1888 2784 ae·-·{

271 2786 576 2863 quimanus‚
602 2787 770 2840 telum
787 2784 851 2840 de
870 2805 990 2839 arcu
1003 2785 1239 2860 jaculans
1258 2782 1426 2840 I'abdae
1445 2803 1647 2862 equum
1666 2786 1888 2928 intere-1!

271 2868 403 2922 mit:
445 2867 530 2922 Eo
573 2863 799 2944 collapso
818 2909 831 2928 ,
864 2866 1092 2921 alterum
1124 2866 1244 2923 duci
1263 2863 1370 2921 suo
1392 2887 1595 2944 equum
1614 2861 1888 2944 adferuntn

273 2945 486 3021 Mauri?
527 2969 645 3031 quo*
658 2945 945 3027 conscenso
976 2943 1162 3029 fugam
1182 2949 1399 3028 arripuit
1418 2946 1523 3028 ipse
1541 2989 1561 3022 ,
1592 2945 1888 3038 secutique}

1013 3038 1015 3048 ”
1681 3041 1888 3096 exrema}

1879 3086 1882 3098 l
