1888 3428
236 189 355 260 236
552 185 945 240 PRoc‘oPn
995 181 1531 240 CAESAREENSIS

228 265 387 322 dibus
419 266 684 321 cum'aliis
719 266 1162 322 commilitonum
1198 264 1261 319 ad
1296 282 1510 341 portam
1544 264 1643 321 ivit
1678 258 1833 333 Pice-³²

226 366 385 403 nam.
430 349 596 403 Tunc
639 352 863 426 quoque
899 344 1252 402 barbarorum
1288 347 1583 402 nonnullos
1617 343 1666 400 se
1697 341 1832 399 inse-

227 445 460 507 quentes
477 427 763 486 retrorsum
790 429 945 503 jactis
972 428 1091 483 telis
1110 423 1408 484 confecere.
1455 425 1606 506 quod
1623 425 1834 502 conspi-

227 513 333 568 cati
367 514 632 587 Trajanus
666 515 868 588 quique
891 531 1017 567 cum
1050 530 1116 566 eo
1153 527 1334 576 erant,
1370 506 1745 586 adjuvantibus
1777 511 1833 562 δε

228 593 507 671 equitibus
524 596 579 649 in
596 591 702 648 hoc
721 594 953 670 paratis,
988 611 1187 670 magno
1209 593 1415 670 impetu
1439 590 1585 649 effufi
1605 593 1660 645 in
1682 589 1837 644 Got-

229 673 359 732 thos
392 672 769 754 persequendis
805 675 908 731 illis
937 677 1178 731 intentos
1210 675 1438 730 irruunt.
1482 675 1562 729 Illi
1595 669 1700 727 hoc
1725 667 1838 726 astu

228 754 367 813 illusi
386 798 401 823 ,
440 776 674 835 cumque
691 756 744 813 id
774 759 997 814 minime
1018 760 1369 834 opinarentur
1387 759 1526 812 inter
1554 753 1732 824 hostes
1771 772 1838 807 u-
1878 777 1884 780 ·

228 841 446 918 trinque
462 836 771 916 deprehensi
792 879 806 905 ,
840 837 974 897 faede
993 837 1348 914 trucidantur.
1390 838 1471 894 Ex
1493 856 1688 915 magna
1707 832 1839 891 stra-

229 940 300 999 ge
317 922 471 998 pauci
487 918 788 998 superstites
806 923 862 977 in
880 921 1039 996 castra
1059 918 1367 1000 perfugium
1382 918 1708 995 habuerunt.
1747 921 1840 971 In-

232 1000 301 1059 de
338 1019 514 1060 metus
542 1000 703 1059 castra
736 1007 924 1060 omnia
955 1001 1216 1083 pervafit‚
1261 1001 1524 1082 claufique
1545 1002 1837 1075 utjamjam
1884 1073 1888 1077 ι

232 1102 496 1142 venturos
529 1089 930 1166 oppugnationi
962 1086 1251 1142 Romanos
1281 1083 1725 1165 opperiebantur.
1777 1085 1840 1136 In

232 1163 342 1223 hoc
375 1170 666 1223 certamine
703 1165 883 1225 evenit
915 1187 975 1225 ut
1008 1169 1248 1243 Trajano
1285 1167 1617 1224 barbarusin
1646 1161 1842 1220 faciem

232 1251 431 1305 vulnus
465 1247 737 1327 adigeret,
782 1250 1030 1307 dextrum
1060 1251 1285 1307 oculum
1315 1247 1495 1327 super3
1530 1244 1848 1323 nasumque.

233 1330 459 1388 Ferrum
495 1351 664 1386 omne
698 1335 997 1407 penetravit
1035 1349 1095 1388 ut
1141 1328 1493 1409 conspicuum
1527 1350 1643 1385 non
1688 1323 1850 1394 esset,

234 1432 546 1492 quanquam
565 1413 795 1492 longum
819 1412 1150 1492 crassumque
1178 1432 1289 1470 erat
1306 1410 1589 1492 spiculum.
1632 1430 1750 1489 pars
1769 1430 1848 1464 re-

233 1494 383 1573 liqua
401 1496 494 1551 teli
513 1495 713 1554 nullius
746 1496 891 1554 tactu
911 1494 1099 1576 sponte
1122 1501 1178 1553 in
1209 1514 1404 1553 terram
1436 1493 1609 1551 statim
1627 1492 1847 1549 decidit.

238 1576 580 1634 Crediderim
612 1599 728 1635 non
759 1578 878 1635 satis
914 1578 1141 1637 adfixam
1179 1574 1324 1636 ferro
1357 1573 1522 1634 fuiffe.
1580 1578 1853 1649 Trajanusf

236 1659 391 1715 nullo
412 1661 533 1715 mali
551 1657 697 1717 sensu
719 1660 887 1717 nihilo
909 1660 1073 1717 secius
1096 1660 1323 1739 perstitit
1339 1659 1518 1715 hostes
1537 1655 1775 1714 insefflfflri
1792 1662 1849 1719 &

238 1738 561 1797 interficere.
605 1746 805 1821 quinto
843 1741 963 1819 post
997 1763 1175 1809 ann0,
1222 1742 1365 1798 nulla
1399 1741 1587 1797 itidem
1617 1738 1853 1795 humana
1883 1776 1888 1785 .

238 1842 348 1900 ope
369 1863 384 1884 ‚
422 1825 477 1878 in
510 1820 692 1880 fronte
723 1845 840 1902 pars
873 1823 1211 1881 ferriextima
1230 1826 1507 1901 apparuit:
1555 1818 1849 1900 tertiusque

233 1909 346 1981 jam
366 1925 536 1961 annus
554 1903 627 1961 est
643 1947 660 1974 ,
693 1927 760 1962 ex
783 1927 896 1984 quo
917 1910 1084 1985 magis
1106 1905 1379 1984 magisque
1399 1904 1627 1983 procidit
1648 1945 1664 1970 ,
1694 1907 1767 1959 ita
1787 1917 1849 1958 ut

238 1986 462 2048 tandem
489 2007 715 2044 omnem
744 1983 1015 2066 cuspidem
1046 1991 1307 2045 exituram
1341 2006 1548 2065 putem.
1589 1985 1849 2041 hactenus

239 2066 375 2125 nihil
413 2067 537 2124 inde
572 2068 666 2147 ipsi
701 2071 1061 2129 incommodi.
1106 2072 1191 2127 Sic
1223 2071 1308 2126 illa
1342 2068 1390 2125 se
1424 2089 1504 2125 res
1523 2065 1728 2123 habuit.
1771 2070 1850 2122 Ita

237 2146 403 2229 fregit
421 2148 530 2206 haec
548 2150 658 2207 dies
680 2150 1033 2210 barbarorum
1053 2156 1264 2209 animos
1285 2193 1301 2219 ‚
1320 2171 1378 2207 ut
1398 2146 1714 2207 succeffibus
1733 2146 1851 2203 bel-

238 2232 280 2289 li
297 2229 580 2309 desperatis
601 2230 705 2290 sola
723 2233 896 2292 abitus
914 2234 1129 2293 consilia
1147 2236 1428 2313 agitarent.
1470 2234 1591 2289 Tot
1603 2251 1721 2311 quae
1740 2226 1854 2286 fue-

241 2330 362 2371 rant
382 2316 541 2371 millia
559 2319 750 2391 partim
766 2314 911 2374 fame
929 2360 946 2386 ,
964 2320 1172 2396 ‘partim
1190 2315 1427 2373 hostium
1446 2317 1499 2372 vi
1527 2315 1590 2371 ad
1612 2314 1853 2392 paucita-

242 2412 357 2453 tem
389 2394 600 2453 redacta
626 2417 808 2456 erant:
840 2406 895 2456 δε
929 2398 996 2455 fic
1030 2420 1254 2479 quoque
1273 2396 1415 2455 fame
1447 2393 1850 2474 premebantur,

224 2476 548 2536 obsidentes
567 2484 788 2538 nomine
805 2522 822 2547 ‚
861 2502 914 2538 re
934 2479 999 2538 ab
1016 2480 1259 2539 hostibus
1279 2477 1466 2537 obseffi
1485 2518 1500 2539 ,
1532 2479 1854 2536 commeati-

241 2557 451 2640 busque
468 2561 753 2620 interclusi.
780 2566 946 2620 *Tum
963 2585 1112 2630 ver0,
1134 2561 1420 2643 postquam
1439 2567 1491 2618 <Sc
1511 2562 1739 2617 alteru-m
1757 2578 1857 2616 ve-

243 2646 355 2700 nire
386 2641 413 2698 a
435 2646 696 2721 Byzantio
716 2648 1008 2702 exercitum
1039 2663 1178 2703 terra
1199 2646 1441 2722 marique
1462 2645 1853 2707 inteliexerant‚
1885 2680 1888 2683 -

242 2745 359 2782 non
392 2745 627 2803 quantus
654 2745 763 2784 erat
782 2767 797 2793 ‚
836 2725 923 2783 sed
955 2746 1221 2807 quantum
1254 2748 1379 2782 eum
1409 2723 1579 2782 facere
1608 2721 1764 2796 famae
1786 2723 1854 2779 li-
1881 2768 1888 2775 t

243 2804 435 2863 buerat
453 2848 470 2873 ‚
492 2812 721 2886 pericula
739 2812 1003 2871 exterriti,
1033 2810 1096 2867 ad
1114 2806 1386 2868 discessum
1407 2809 1494 2865 sua
1509 2810 1749 2886 cogitata
1766 2824 1853 2861 re-

243 2889 505 2951 tulerunt.
531 2895 695 2948 ⁴Ante
716 2911 898 2947 tamen
929 2893 1170 2949 Romam
1200 2895 1409 2970 legatos
1442 2886 1660 2949 misere,
1702 2887 1855 2944 Got-

244 2968 370 3031 thos
392 2970 529 3034 duos
546 3013 564 3042 ‚
604 2977 824 3039 tertium
842 2976 983 3032 inter
1002 2975 1143 3055 ipsos
1173 2975 1421 3033 nobilem,
1447 2976 1622 3034 virum
1639 2970 1854 3026 Roma„

1396 3065 1398 3070 “
1700 3069 1850 3107 uum.
