1888 3428
208 177 662 238 Gowmcffi
703 178 1090 236 HtsToRIAE
1131 184 1407 242 L113.IV.
1511 200 1617 261 503

0 254 234 339 ³gisthaeo
249 266 303 317 &
329 263 715 319 Romanorum
753 259 1016 339 plurimis.
1061 263 1272 320 Pedites
1307 263 1564 344 sagittarii
1596 261 1627 322 e*

9 341 334 400 cohortibus
358 342 588 400 desumti
608 346 671 400 ad
692 345 1041 422 offingentos
1061 344 1125 400 ad
1144 346 1305 401 latera
1325 345 1626 403 constituti.

8 425 245 481 mediam
267 429 408 483 inter
427 446 629 483 cornua
646 428 810 482 aciem
830 423 1170 505 Langobardi
1189 465 1206 491 ,
1240 427 1545 506 Hei-ulique
1565 433 1623 485 δε

7 507 373 564 Barbarorum
391 508 476 565 alii
498 508 893 587 compleverant
913 545 930 570 ,
958 504 1079 582 juffi
1096 505 1125 564 a
1140 506 1361 568 Narsete
1378 509 1444 566 de
1470 512 1626 586 equis

8 585 326 647 descendere
346 596 399 647 &
425 589 653 667 pedibus
671 589 888 667 praeliari
910 629 927 656 ‚
955 610 1024 646 ne
1052 611 1148 647 eos
1181 593 1352 647 timor
1368 592 1625 669 percelle-

7 687 90 728 ret
111 711 130 739 ‚
160 690 272 739 aut,
292 670 327 728 fi
348 675 481 729 mala
502 691 653 728 mens
672 667 798 726 effer
819 711 836 738 ‚
870 669 1054 728 inclusi
1089 675 1351 752 imperata
1371 670 1542 728 facere
1562 688 1626 728 ut

8 773 346 834 cogerentur.
393 753 495 812 Sed
513 754 705 812 laevum
726 773 898 809 cornu
925 753 1160 811 exstante
1196 757 1626 835 angulopromi-

9 855 136 893 nere
152 833 348 894 fecerat
360 832 885 914 Narse3,antep0fitis
898 837 1172 916 equitibus
1190 836 1274 894 bis
1296 836 1438 894 mille
1460 840 1625 914 quin-

7 922 207 997 gentis.
248 921 471 977 Horum
493 918 640 975 mille
674 924 727 974 δέ
759 922 1074 998 quingentis
1094 923 1340 998 praecepit
1369 922 1445 975 ire
1464 913 1628 975 subfi-

6 1001 100 1058 dio
120 1000 156 1057 fi
175 1022 279 1080 qua
294 1021 412 1078 pars
428 1002 691 1058 Romanae
712 1003 840 1056 aciei
866 999 1168 1059 labasceret.
1213 1003 1357 1059 mille
1377 1003 1489 1059 aliis
1507 1041 1524 1066 ,
1557 996 1629 1057 fi·
1699 1025 1702 1028 ’

7 1084 123 1139 mul
148 1082 392 1142 hostium
430 1083 708 1161 peditatus
735 1084 917 1161 praelio
955 1087 1248 1163 implicitus
1282 1082 1407 1141 ess'et
1425 1128 1440 1147 ,
1476 1101 1628 1160 terga

6 1169 119 1241 ejus
135 1164 385 1224 invadere
402 1185 460 1223 ut
479 1163 688 1223 duabus
708 1186 770 1222 ex
805 1165 1045 1244 partibus
1065 1170 1490 1246 impugnaretur.
1542 1167 1630 1221 Si-

5 1247 193 1304 milem
223 1246 289 1306 ad
308 1247 537 1305 modum
580 1248 797 1304 Totilas
831 1248 1137 1305 universum
1170 1252 1467 1305 exercitum
1502 1247 1629 1304 Ro·-

7 1332 180 1387 manis
196 1329 486 1410 opposuit,
517 1327 746 1408 suosque
769 1325 1106 1406 *circumiens
1131 1351 1243 1387 non
1280 1330 1430 1388 desiit
1449 1333 1627 1393 vultu,

4 1408 276 1478 sermone,
296 1411 514 1490 fingulis
531 1411 762 1469 audendi
780 1409 955 1469 suasor
972 1410 1070 1469 effe
1090 1419 1145 1469 &
1164 1412 1629 1490 exemplum.Nec

9 1493 225 1574 segnior
239 1494 432 1551 Narses
451 1495 676 1551 armillas
692 1533 722 1565 ‚p
743 1511 965 1573 torques
985 1535 1008 1563 ‚,
1033 1489 1193 1553 fraena
1215 1516 1371 1552 aurea
1390 1498 1444 1551 in
1463 1492 1630 1550 subli-

7 1598 97 1634 me
115 1575 318 1633 sublata
332 1574 601 1635 ostentare
621 1579 886 1633 merituris
902 1617 918 1641 ,
939 1580 1203 1656 omnique
1220 1576 1394 1646 'modo
1415 1580 1629 1633 animos

6 1659 314 1717 accendere.
356 1662 470 1716 Diu
490 1661 666 1715 neutri
688 1679 926 1736 pugnam
963 1677 1254 1739 caeptavere
1275 1700 1292 1727 ‚
1324 1659 1456 1715 dum
1475 1656 1630 1714 susti-

5 1758 140 1798 nent
158 1739 207 1798 se
228 1745 442 1819 utrique
463 1747 514 1797 δέ
534 1739 699 1797 hostis
721 1737 1119 1818 impressionem
1141 1740 1466 1821 exspe&ant.
1496 1735 1630 1797 Post

5 1821 354 1880 Gotthorum
395 1842 535 1880 unus
573 1823 752 1879 Cocas
786 1826 1012 1880 nomine
1034 1865 1050 1890 ‚
1084 1821 1315 1880 fortium
1355 1820 1631 1880 fafitorum

5 1909 176 1965 clarus
193 1902 365 1972 fama,
394 1926 538 1984 equo
561 1906 856 1982 proveftus
890 1907 1177 1962 Romanos
1212 1910 1458 1986 proxime
1478 1925 1631 1961 acce-

6 1989 86 2047 dit
106 2029 124 2056 ,
161 1993 214 2044 δε
245 2007 510 2067 provocat
530 2026 543 2047 ,
585 1985 619 2042 fi
651 1991 772 2066 quis
792 1987 1038 2067 singulari
1060 1991 1348 2045 certamine
1367 1984 1631 2067 congredi

5 2069 183 2129 secum
202 2070 443 2128 auderet.
481 2070 608 2125 Erat
626 2072 668 2124 is
701 2070 880 2125 Cocas
903 2071 1089 2126 exiliis
1123 2069 1387 2127 militibus
1413 2070 1629 2126 Roma-

9 2156 92 2211 nis
110 2195 123 2216 ,
153 2154 246 2231 qui
265 2153 331 2209 ad
347 2152 593 2209 Totilam
614 2151 819 2230 pridem
837 2150 1185 2232 perfugerant
1206 2175 1218 2210 :
1246 2151 1447 2210 obtulit
1467 2149 1516 2208 se
1536 2150 1633 2208 acl-

7 2228 292 2295 {versarium
308 2255 371 2292 ex
387 2231 624 2299 Narsetis
650 2231 894 2290 satellitio
916 2275 932 2300 ,
969 2253 1130 2315 gente
1148 2238 1444 2292 Armenius
1460 2278 1474 2298 ‚
1509 2237 1632 2290 An-

9 2320 145 2375 zalas
165 2320 396 2373 nomine
416 2352 431 2379 ‚
467 2337 613 2394 equo
650 2314 829 2395 &ipse
850 2314 1104 2373 insidens·
1141 2323 1298 2374 Prior
1330 2320 1508 2375 Cocas
1526 2319 1630 2372 im·

9 2417 197 2480 petum
228 2395 353 2456 fecit
373 2396 572 2454 hastam
596 2395 833 2455 inferens
852 2405 905 2455 &
925 2399 1056 2456 ic‘tui
1076 2399 1344 2458 destinans
1383 2399 1633 2457 Armenii

9 2500 275 2542 ventrem.
309 2486 397 2545 ,At
416 2483 460 2537 is
495 2485 743 2559 protinus
762 2502 966 2560 equum
998 2479 1124 2539 cum
1159 2478 1448 2540 deflexisset
1463 2522 1480 2548 ,
1516 2483 1635 2536 ina-

8 2586 137 2622 nem
158 2563 388 2621 reddidit
417 2564 579 2619 Cocae
600 2581 895 2630 conatum,
929 2562 1192 2644 fimulque
1232 2586 1300 2622 ex
1329 2559 1630 2621 transverso

9 2646 60 2705 se
95 2648 341 2721 injiciens
376 2645 514 2701 latus
545 2650 660 2720 ejus
697 2644 958 2703 sinistrum
993 2645 1136 2703 hasta
1158 2646 1421 2727 'transegit
1441 2688 1458 2714 ,
1492 2642 1637 2700 unde

10 2733 270 2787 exanimis
286 2728 350 2784 de
369 2747 515 2805 equo
534 2730 591 2784 in
610 2745 803 2786 terram
819 2727 1059 2805 delapsus
1078 2730 1257 2787 Cocas
1269 2730 1447 2804 jacuit.
1481 2728 1636 2783 Tum

12 2813 218 2869 clamor
233 2814 424 2889 ingens
441 2806 468 2865 a
482 2809 746 2867 Romanis
763 2812 1136 2890 oriturmeque
1151 2832 1333 2869 tamen
1348 2810 1452 2868 hoc
1468 2811 1639 2883 magis

11 2893 79 2951 ad
97 2913 337 2971 pugnam
359 2909 451 2948 aut
467 2889 520 2947 hi
541 2910 631 2949 aut
649 2894 722 2949 illi
749 2890 943 2950 venere
963 2934 978 2959 ‚
1018 2892 1106 2951 sed
1135 2915 1307 2952 vacuo
1324 2897 1462 2949 inter
1480 2889 1641 2947 castra

12 2977 139 3034 loco
154 2975 504 3034 incomitatus
527 2971 576 3032 se
594 2973 912 3034 ostendebat
943 2977 1161 3034 Totilas
1178 3016 1198 3047 ‚
1238 2997 1352 3034 non
1373 2969 1646 3051 fingularis

883 3059 943 3114 Ii
983 3079 1025 3136 4
1454 3069 1655 3132 pugna-3
