<?xml version="1.0" encoding="UTF-8"?>
<!DOCTYPE html PUBLIC "-//W3C//DTD XHTML 1.0 Transitional//EN"
    "http://www.w3.org/TR/xhtml1/DTD/xhtml1-transitional.dtd">
<html xmlns="http://www.w3.org/1999/xhtml" xml:lang="en" lang="en">
 <head>
  <title>
</title>
<meta http-equiv="Content-Type" content="text/html;charset=utf-8" />
  <meta name='ocr-system' content='tesseract 3.04.00' />
  <meta name='ocr-capabilities' content='ocr_page ocr_carea ocr_par ocr_line ocrx_word'/>
</head>
<body>
  <div class='ocr_page' id='page_1' title='image "./historiagotthoru00grot_0205.png"; bbox 0 0 1888 3428; ppageno 0'>
   <div class='ocr_carea' id='block_1_1' title="bbox 0 199 20 2092">
    <p class='ocr_par' dir='ltr' id='par_1_1' title="bbox 0 199 20 2092">
     <span class='ocr_line' id='line_1_1' title="bbox 0 199 20 362; baseline 0 -2"><span class='ocrx_word' id='word_1_1' title='bbox 0 199 20 362; x_wconf 95' lang='lat' dir='ltr'><strong>   </strong></span> 
     </span>
     <span class='ocr_line' id='line_1_2' title="bbox 0 362 13 538; baseline 0 -18"><span class='ocrx_word' id='word_1_2' title='bbox 0 362 13 538; x_wconf 95' lang='lat' dir='ltr'><strong>    </strong></span> 
     </span>
     <span class='ocr_line' id='line_1_3' title="bbox 0 538 14 1107; baseline 0 -395"><span class='ocrx_word' id='word_1_3' title='bbox 0 538 14 1107; x_wconf 95' lang='lat' dir='ltr'><strong>   </strong></span> 
     </span>
     <span class='ocr_line' id='line_1_4' title="bbox 0 1107 11 1188; baseline 0 2240"><span class='ocrx_word' id='word_1_4' title='bbox 0 1107 11 1188; x_wconf 95' lang='lat' dir='ltr'><strong> </strong></span> 
     </span>
     <span class='ocr_line' id='line_1_5' title="bbox 0 1188 7 1421; baseline 0 -64"><span class='ocrx_word' id='word_1_5' title='bbox 0 1188 7 1421; x_wconf 95' lang='lat' dir='ltr'><strong>   </strong></span> 
     </span>
     <span class='ocr_line' id='line_1_6' title="bbox 0 1436 6 1601; baseline 0 -1"><span class='ocrx_word' id='word_1_6' title='bbox 0 1436 6 1601; x_wconf 95' lang='lat' dir='ltr'><strong>    </strong></span> 
     </span>
     <span class='ocr_line' id='line_1_7' title="bbox 0 1601 5 1849; baseline 0 -85"><span class='ocrx_word' id='word_1_7' title='bbox 0 1601 5 1849; x_wconf 95' lang='lat' dir='ltr'><strong>     </strong></span> 
     </span>
     <span class='ocr_line' id='line_1_8' title="bbox 0 1849 5 2006; baseline 0 -77"><span class='ocrx_word' id='word_1_8' title='bbox 0 1849 5 2006; x_wconf 95' lang='lat' dir='ltr'><strong>   </strong></span> 
     </span>
     <span class='ocr_line' id='line_1_9' title="bbox 0 2006 4 2092; baseline 0 1336"><span class='ocrx_word' id='word_1_9' title='bbox 0 2006 4 2092; x_wconf 95' lang='lat' dir='ltr'><strong> </strong></span> 
     </span>
    </p>
   </div>
   <div class='ocr_carea' id='block_1_2' title="bbox 0 160 1592 648">
    <p class='ocr_par' dir='ltr' id='par_1_2' title="bbox 0 160 1592 648">
     <span class='ocr_line' id='line_1_10' title="bbox 165 160 1582 237; baseline -0.01 -10"><span class='ocrx_word' id='word_1_10' title='bbox 165 160 1110 227; x_wconf 76' lang='lat' dir='ltr'><strong>H1sToR1AEVANDAL1cAE</strong></span> <span class='ocrx_word' id='word_1_11' title='bbox 1149 160 1356 217; x_wconf 75' lang='lat' dir='ltr'>L113.I.</span> <span class='ocrx_word' id='word_1_12' title='bbox 1510 179 1582 237; x_wconf 85' lang='lat'><strong>39</strong></span> 
     </span>
     <span class='ocr_line' id='line_1_11' title="bbox 21 235 1592 319; baseline -0.008 -8"><span class='ocrx_word' id='word_1_13' title='bbox 21 252 132 311; x_wconf 82' lang='lat' dir='ltr'><strong>revi</strong></span> <span class='ocrx_word' id='word_1_14' title='bbox 149 248 371 310; x_wconf 84' lang='lat' dir='ltr'><strong>diffluat.</strong></span> <span class='ocrx_word' id='word_1_15' title='bbox 423 245 558 305; x_wconf 87' lang='lat' dir='ltr'><strong>Inde</strong></span> <span class='ocrx_word' id='word_1_16' title='bbox 573 261 751 302; x_wconf 87' lang='lat' dir='ltr'><strong>autem</strong></span> <span class='ocrx_word' id='word_1_17' title='bbox 770 239 833 299; x_wconf 84' lang='lat' dir='ltr'><strong>fit</strong></span> <span class='ocrx_word' id='word_1_18' title='bbox 853 258 911 298; x_wconf 91' lang='lat' dir='ltr'><strong>ut</strong></span> <span class='ocrx_word' id='word_1_19' title='bbox 929 240 1156 319; x_wconf 86' lang='lat' dir='ltr'><strong>ponderi</strong></span> <span class='ocrx_word' id='word_1_20' title='bbox 1176 244 1412 299; x_wconf 89' lang='lat' dir='ltr'><strong>multum</strong></span> <span class='ocrx_word' id='word_1_21' title='bbox 1431 235 1592 299; x_wconf 90' lang='lat' dir='ltr'><strong>dece-</strong></span> 
     </span>
     <span class='ocr_line' id='line_1_12' title="bbox 0 321 1588 411; baseline -0.006 -19"><span class='ocrx_word' id='word_1_22' title='bbox 0 352 70 392; x_wconf 58' lang='lat' dir='ltr'><strong>›at</strong></span> <span class='ocrx_word' id='word_1_23' title='bbox 101 356 115 390; x_wconf 73' lang='grc' dir='ltr'><strong>ε</strong></span> <span class='ocrx_word' id='word_1_24' title='bbox 149 333 382 411; x_wconf 89' lang='lat' dir='ltr'><strong>ideoque</strong></span> <span class='ocrx_word' id='word_1_25' title='bbox 416 330 551 388; x_wconf 88' lang='lat' dir='ltr'><strong>solet</strong></span> <span class='ocrx_word' id='word_1_26' title='bbox 579 324 841 384; x_wconf 88' lang='lat' dir='ltr'>militibus</span> <span class='ocrx_word' id='word_1_27' title='bbox 874 325 931 380; x_wconf 89' lang='lat' dir='ltr'><strong>in</strong></span> <span class='ocrx_word' id='word_1_28' title='bbox 949 321 1320 381; x_wconf 81' lang='lat' dir='ltr'><strong>distribuendo</strong></span> <span class='ocrx_word' id='word_1_29' title='bbox 1345 345 1479 401; x_wconf 82' lang='lat' dir='ltr'><strong>pane</strong></span> <span class='ocrx_word' id='word_1_30' title='bbox 1499 329 1588 382; x_wconf 86' lang='lat' dir='ltr'><strong>c&#39;a-</strong></span> 
     </span>
     <span class='ocr_line' id='line_1_13' title="bbox 0 406 1585 494; baseline -0.007 -20"><span class='ocrx_word' id='word_1_31' title='bbox 0 414 161 476; x_wconf 52' lang='lat' dir='ltr'><strong>arensi</strong></span> <span class='ocrx_word' id='word_1_32' title='bbox 186 433 368 494; x_wconf 87' lang='lat' dir='ltr'><strong>quarta</strong></span> <span class='ocrx_word' id='word_1_33' title='bbox 401 429 546 493; x_wconf 86' lang='lat' dir='ltr'><strong>parte</strong></span> <span class='ocrx_word' id='word_1_34' title='bbox 576 413 753 483; x_wconf 82' lang='lat' dir='ltr'><strong>minus</strong></span> <span class='ocrx_word' id='word_1_35' title='bbox 786 427 951 486; x_wconf 87' lang='lat' dir='ltr'><strong>quam</strong></span> <span class='ocrx_word' id='word_1_36' title='bbox 987 408 1106 462; x_wconf 85' lang='lat' dir='ltr'><strong>alias</strong></span> <span class='ocrx_word' id='word_1_37' title='bbox 1142 406 1396 484; x_wconf 87' lang='lat' dir='ltr'><strong>ponderis</strong></span> <span class='ocrx_word' id='word_1_38' title='bbox 1432 409 1585 463; x_wconf 78' lang='lat' dir='ltr'><strong>attri-</strong></span> 
     </span>
     <span class='ocr_line' id='line_1_14' title="bbox 12 487 1588 576; baseline -0.008 -19"><span class='ocrx_word' id='word_1_39' title='bbox 12 501 118 556; x_wconf 72' lang='lat' dir='ltr'><strong>·ui.‘</strong></span> <span class='ocrx_word' id='word_1_40' title='bbox 138 498 404 555; x_wconf 84' lang='lat' dir='ltr'><strong>Iohannes</strong></span> <span class='ocrx_word' id='word_1_41' title='bbox 424 497 589 576; x_wconf 88' lang='lat' dir='ltr'><strong>igitur</strong></span> <span class='ocrx_word' id='word_1_42' title='bbox 605 491 657 549; x_wconf 94' lang='lat' dir='ltr'><strong>id</strong></span> <span class='ocrx_word' id='word_1_43' title='bbox 674 488 887 547; x_wconf 85' lang='lat' dir='ltr'><strong>studens</strong></span> <span class='ocrx_word' id='word_1_44' title='bbox 901 531 918 557; x_wconf 90' lang='lat'><strong><em>,</em></strong></span> <span class='ocrx_word' id='word_1_45' title='bbox 937 487 1229 568; x_wconf 88' lang='lat' dir='ltr'><strong>quomodo</strong></span> <span class='ocrx_word' id='word_1_46' title='bbox 1255 494 1305 543; x_wconf 72' lang='grc' dir='ltr'>ἃ</span> <span class='ocrx_word' id='word_1_47' title='bbox 1328 489 1461 566; x_wconf 81' lang='lat' dir='ltr'><strong>ligni</strong></span> <span class='ocrx_word' id='word_1_48' title='bbox 1482 492 1588 546; x_wconf 88' lang='lat' dir='ltr'><strong>mi·-</strong></span> 
     </span>
     <span class='ocr_line' id='line_1_15' title="bbox 12 568 1588 648; baseline -0.007 -11"><span class='ocrx_word' id='word_1_49' title='bbox 12 602 84 639; x_wconf 43' lang='lat' dir='ltr'><strong>ius</strong></span> <span class='ocrx_word' id='word_1_50' title='bbox 99 577 388 637; x_wconf 86' lang='lat' dir='ltr'><strong>insumeret</strong></span> <span class='ocrx_word' id='word_1_51' title='bbox 407 619 424 642; x_wconf 85' lang='lat'>‚</span> <span class='ocrx_word' id='word_1_52' title='bbox 454 583 509 634; x_wconf 89' lang='lat'>&amp;</span> <span class='ocrx_word' id='word_1_53' title='bbox 536 579 770 632; x_wconf 89' lang='lat' dir='ltr'><strong>minores</strong></span> <span class='ocrx_word' id='word_1_54' title='bbox 799 571 1072 630; x_wconf 86' lang='lat' dir='ltr'><strong>mercedes</strong></span> <span class='ocrx_word' id='word_1_55' title='bbox 1105 569 1253 627; x_wconf 83' lang='lat' dir='ltr'><strong>daret</strong></span> <span class='ocrx_word' id='word_1_56' title='bbox 1272 568 1588 648; x_wconf 70' lang='lat' dir='ltr'><strong>pistoribtw,</strong></span> 
     </span>
    </p>
   </div>
   <div class='ocr_carea' id='block_1_3' title="bbox 0 1149 1692 3122">
    <p class='ocr_par' dir='ltr' id='par_1_3' title="bbox 0 1149 1692 3122">
     <span class='ocr_line' id='line_1_16' title="bbox 11 1149 1592 1234; baseline -0.004 -23"><span class='ocrx_word' id='word_1_57' title='bbox 11 1164 327 1233; x_wconf 53' lang='lat' dir='ltr'><strong>orruptamf)</strong></span> <span class='ocrx_word' id='word_1_58' title='bbox 343 1156 504 1234; x_wconf 82' lang='lat' dir='ltr'><strong>idque</strong></span> <span class='ocrx_word' id='word_1_59' title='bbox 523 1151 697 1231; x_wconf 90' lang='lat' dir='ltr'><strong>ipsum</strong></span> <span class='ocrx_word' id='word_1_60' title='bbox 716 1153 886 1211; x_wconf 90' lang='lat' dir='ltr'><strong>odore</strong></span> <span class='ocrx_word' id='word_1_61' title='bbox 906 1149 1209 1209; x_wconf 86' lang='lat' dir='ltr'><strong>testantem.</strong></span> <span class='ocrx_word' id='word_1_62' title='bbox 1256 1150 1462 1207; x_wconf 80' lang='lat' dir='ltr'><strong>Haecin</strong></span> <span class='ocrx_word' id='word_1_63' title='bbox 1484 1151 1592 1204; x_wconf 86' lang='lat' dir='ltr'><strong>mi-</strong></span> 
     </span>
     <span class='ocr_line' id='line_1_17' title="bbox 7 1230 1589 1315; baseline -0.004 -22"><span class='ocrx_word' id='word_1_64' title='bbox 7 1240 99 1294; x_wconf 66' lang='lat' dir='ltr'><strong>ltes</strong></span> <span class='ocrx_word' id='word_1_65' title='bbox 115 1237 309 1294; x_wconf 90' lang='lat' dir='ltr'><strong>eodem</strong></span> <span class='ocrx_word' id='word_1_66' title='bbox 327 1235 579 1314; x_wconf 81' lang='lat' dir='ltr'><strong>quojusti</strong></span> <span class='ocrx_word' id='word_1_67' title='bbox 599 1257 764 1315; x_wconf 88' lang='lat' dir='ltr'><strong>panes</strong></span> <span class='ocrx_word' id='word_1_68' title='bbox 786 1237 961 1315; x_wconf 87' lang='lat' dir='ltr'><strong>pretio</strong></span> <span class='ocrx_word' id='word_1_69' title='bbox 981 1274 999 1300; x_wconf 90' lang='lat'>‚</span> <span class='ocrx_word' id='word_1_70' title='bbox 1032 1230 1295 1289; x_wconf 81' lang='lat' dir='ltr'><strong>mensuris</strong></span> <span class='ocrx_word' id='word_1_71' title='bbox 1315 1251 1449 1309; x_wconf 84' lang='lat' dir='ltr'><strong>quas</strong></span> <span class='ocrx_word' id='word_1_72' title='bbox 1468 1251 1589 1287; x_wconf 85' lang='lat' dir='ltr'><strong>me-</strong></span> 
     </span>
     <span class='ocr_line' id='line_1_18' title="bbox 7 1313 1588 1385; baseline -0.004 -10"><span class='ocrx_word' id='word_1_73' title='bbox 7 1318 198 1376; x_wconf 71' lang='lat' dir='ltr'><strong>iimnos</strong></span> <span class='ocrx_word' id='word_1_74' title='bbox 233 1339 291 1376; x_wconf 93' lang='lat' dir='ltr'><strong>ac</strong></span> <span class='ocrx_word' id='word_1_75' title='bbox 322 1319 574 1377; x_wconf 83' lang='lat' dir='ltr'><strong>chaenicas</strong></span> <span class='ocrx_word' id='word_1_76' title='bbox 607 1337 838 1385; x_wconf 87' lang='lat' dir='ltr'><strong>vocant,</strong></span> <span class='ocrx_word' id='word_1_77' title='bbox 871 1315 1264 1374; x_wconf 80' lang='lat' dir='ltr'><strong>dividebantur.</strong></span> <span class='ocrx_word' id='word_1_78' title='bbox 1311 1316 1418 1370; x_wconf 88' lang='lat' dir='ltr'><strong>His</strong></span> <span class='ocrx_word' id='word_1_79' title='bbox 1446 1313 1588 1370; x_wconf 79' lang='lat' dir='ltr'><strong>male</strong></span> 
     </span>
     <span class='ocr_line' id='line_1_19' title="bbox 7 1395 1591 1480; baseline -0.001 -27"><span class='ocrx_word' id='word_1_80' title='bbox 7 1400 111 1458; x_wconf 84' lang='lat' dir='ltr'><strong>›asti</strong></span> <span class='ocrx_word' id='word_1_81' title='bbox 142 1403 333 1458; x_wconf 86' lang='lat' dir='ltr'><strong>milites</strong></span> <span class='ocrx_word' id='word_1_82' title='bbox 357 1397 604 1480; x_wconf 84' lang='lat' dir='ltr'><strong>flagranti</strong></span> <span class='ocrx_word' id='word_1_83' title='bbox 624 1399 795 1459; x_wconf 84' lang='lat' dir='ltr'><strong>aestate</strong></span> <span class='ocrx_word' id='word_1_84' title='bbox 814 1443 829 1464; x_wconf 94' lang='lat'>,</span> <span class='ocrx_word' id='word_1_85' title='bbox 864 1395 1252 1477; x_wconf 81' lang='lat' dir='ltr'><strong>squallentibus</strong></span> <span class='ocrx_word' id='word_1_86' title='bbox 1283 1399 1340 1453; x_wconf 85' lang='lat' dir='ltr'><strong>in</strong></span> <span class='ocrx_word' id='word_1_87' title='bbox 1371 1397 1503 1452; x_wconf 88' lang='lat' dir='ltr'><strong>locis</strong></span> <span class='ocrx_word' id='word_1_88' title='bbox 1533 1398 1591 1451; x_wconf 88' lang='lat' dir='ltr'><strong>in</strong></span> 
     </span>
     <span class='ocr_line' id='line_1_20' title="bbox 6 1477 1589 1559; baseline -0.005 -18"><span class='ocrx_word' id='word_1_89' title='bbox 6 1482 210 1540; x_wconf 89' lang='lat' dir='ltr'><strong>norbos</strong></span> <span class='ocrx_word' id='word_1_90' title='bbox 242 1482 546 1541; x_wconf 86' lang='lat' dir='ltr'><strong>incidebant</strong></span> <span class='ocrx_word' id='word_1_91' title='bbox 574 1524 592 1551; x_wconf 89' lang='lat'>‚</span> <span class='ocrx_word' id='word_1_92' title='bbox 639 1484 981 1559; x_wconf 86' lang='lat' dir='ltr'><strong>minimoque</strong></span> <span class='ocrx_word' id='word_1_93' title='bbox 1016 1498 1265 1558; x_wconf 88' lang='lat' dir='ltr'><strong>tempore</strong></span> <span class='ocrx_word' id='word_1_94' title='bbox 1297 1477 1589 1557; x_wconf 81' lang='lat' dir='ltr'><strong>quingenti</strong></span> 
     </span>
     <span class='ocr_line' id='line_1_21' title="bbox 6 1557 1590 1642; baseline -0.004 -20"><span class='ocrx_word' id='word_1_95' title='bbox 6 1568 225 1624; x_wconf 88' lang='lat' dir='ltr'><strong>nteriere</strong></span> <span class='ocrx_word' id='word_1_96' title='bbox 255 1585 269 1620; x_wconf 75' lang='grc' dir='ltr'><strong><em>ε</em></strong></span> <span class='ocrx_word' id='word_1_97' title='bbox 302 1563 561 1642; x_wconf 80' lang='lat' dir='ltr'><strong>latiusque</strong></span> <span class='ocrx_word' id='word_1_98' title='bbox 582 1562 632 1622; x_wconf 89' lang='lat' dir='ltr'><strong>se</strong></span> <span class='ocrx_word' id='word_1_99' title='bbox 646 1561 891 1641; x_wconf 67' lang='lat' dir='ltr'><strong>sparsiflet</strong></span> <span class='ocrx_word' id='word_1_100' title='bbox 906 1561 1204 1626; x_wconf 85' lang='lat' dir='ltr'><strong>malum,ni</strong></span> <span class='ocrx_word' id='word_1_101' title='bbox 1223 1557 1590 1617; x_wconf 81' lang='lat' dir='ltr'><strong>interceffiffet</strong></span> 
     </span>
     <span class='ocr_line' id='line_1_22' title="bbox 5 1642 1591 1725; baseline -0.005 -21"><span class='ocrx_word' id='word_1_102' title='bbox 5 1644 255 1704; x_wconf 68' lang='lat' dir='ltr'><strong>{elisatius</strong></span> <span class='ocrx_word' id='word_1_103' title='bbox 288 1666 450 1725; x_wconf 90' lang='lat' dir='ltr'><strong>panes</strong></span> <span class='ocrx_word' id='word_1_104' title='bbox 483 1649 751 1725; x_wconf 88' lang='lat' dir='ltr'><strong>imperans</strong></span> <span class='ocrx_word' id='word_1_105' title='bbox 779 1642 1056 1709; x_wconf 84' lang='lat' dir='ltr'><strong>distribui,</strong></span> <span class='ocrx_word' id='word_1_106' title='bbox 1087 1662 1201 1720; x_wconf 92' lang='lat' dir='ltr'><strong>quo</strong></span> <span class='ocrx_word' id='word_1_107' title='bbox 1219 1647 1332 1717; x_wconf 81' lang='lat' dir='ltr'><strong>ejus</strong></span> <span class='ocrx_word' id='word_1_108' title='bbox 1351 1643 1591 1721; x_wconf 85' lang='lat' dir='ltr'><strong>regionis</strong></span> 
     </span>
     <span class='ocr_line' id='line_1_23' title="bbox 5 1720 1593 1806; baseline -0.005 -19"><span class='ocrx_word' id='word_1_109' title='bbox 5 1731 228 1787; x_wconf 65' lang='lat' dir='ltr'><strong>romines</strong></span> <span class='ocrx_word' id='word_1_110' title='bbox 247 1728 552 1786; x_wconf 87' lang='lat' dir='ltr'><strong>utebantur.</strong></span> <span class='ocrx_word' id='word_1_111' title='bbox 594 1733 640 1784; x_wconf 90' lang='lat' dir='ltr'><strong>Is</strong></span> <span class='ocrx_word' id='word_1_112' title='bbox 670 1728 987 1806; x_wconf 86' lang='lat' dir='ltr'><strong>Imperatori</strong></span> <span class='ocrx_word' id='word_1_113' title='bbox 1019 1721 1232 1802; x_wconf 84' lang='lat' dir='ltr'><strong>insuper</strong></span> <span class='ocrx_word' id='word_1_114' title='bbox 1251 1745 1363 1780; x_wconf 87' lang='lat' dir='ltr'><strong>rem</strong></span> <span class='ocrx_word' id='word_1_115' title='bbox 1384 1720 1593 1804; x_wconf 81' lang='lat' dir='ltr'><strong>signifi-</strong></span> 
     </span>
     <span class='ocr_line' id='line_1_24' title="bbox 5 1805 1590 1890; baseline -0.006 -20"><span class='ocrx_word' id='word_1_116' title='bbox 5 1815 149 1880; x_wconf 88' lang='lat' dir='ltr'><strong>·avit,</strong></span> <span class='ocrx_word' id='word_1_117' title='bbox 174 1809 375 1890; x_wconf 85' lang='lat' dir='ltr'><strong>ipfique</strong></span> <span class='ocrx_word' id='word_1_118' title='bbox 402 1812 514 1868; x_wconf 86' lang='lat' dir='ltr'><strong>laus</strong></span> <span class='ocrx_word' id='word_1_119' title='bbox 546 1806 692 1866; x_wconf 83' lang='lat' dir='ltr'><strong>ceffit</strong></span> <span class='ocrx_word' id='word_1_120' title='bbox 711 1853 726 1875; x_wconf 93' lang='lat'>,</span> <span class='ocrx_word' id='word_1_121' title='bbox 756 1808 984 1866; x_wconf 85' lang='lat' dir='ltr'><strong>Iohanni</strong></span> <span class='ocrx_word' id='word_1_122' title='bbox 1014 1809 1330 1885; x_wconf 83' lang='lat' dir='ltr'><strong>impunitas.</strong></span> <span class='ocrx_word' id='word_1_123' title='bbox 1373 1807 1444 1862; x_wconf 88' lang='lat' dir='ltr'><strong>Et</strong></span> <span class='ocrx_word' id='word_1_124' title='bbox 1477 1805 1590 1861; x_wconf 82' lang='lat' dir='ltr'><strong>haec</strong></span> 
     </span>
     <span class='ocr_line' id='line_1_25' title="bbox 23 1882 1594 1965; baseline -0.006 -13"><span class='ocrx_word' id='word_1_125' title='bbox 23 1895 201 1952; x_wconf 91' lang='lat' dir='ltr'><strong>uidem</strong></span> <span class='ocrx_word' id='word_1_126' title='bbox 236 1891 303 1951; x_wconf 87' lang='lat' dir='ltr'><strong>fic</strong></span> <span class='ocrx_word' id='word_1_127' title='bbox 340 1894 389 1950; x_wconf 91' lang='lat' dir='ltr'><strong>se</strong></span> <span class='ocrx_word' id='word_1_128' title='bbox 425 1891 673 1950; x_wconf 87' lang='lat' dir='ltr'><strong>habuere.</strong></span> <span class='ocrx_word' id='word_1_129' title='bbox 737 1895 818 1948; x_wconf 87' lang='lat' dir='ltr'><strong>At</strong></span> <span class='ocrx_word' id='word_1_130' title='bbox 851 1887 1013 1949; x_wconf 84' lang='lat' dir='ltr'><strong>claffis</strong></span> <span class='ocrx_word' id='word_1_131' title='bbox 1046 1887 1316 1946; x_wconf 85' lang='lat' dir='ltr'><strong>Methona</strong></span> <span class='ocrx_word' id='word_1_132' title='bbox 1348 1882 1594 1965; x_wconf 54' lang='lat' dir='ltr'><strong>profi—:eia</strong></span> 
     </span>
     <span class='ocr_line' id='line_1_26' title="bbox 4 1972 1592 2056; baseline -0.004 -22"><span class='ocrx_word' id='word_1_133' title='bbox 4 1974 236 2056; x_wconf 66' lang='lat' dir='ltr'><strong>Zacynthi</strong></span> <span class='ocrx_word' id='word_1_134' title='bbox 253 1993 472 2055; x_wconf 88' lang='lat' dir='ltr'><strong>portum</strong></span> <span class='ocrx_word' id='word_1_135' title='bbox 491 1977 686 2032; x_wconf 85' lang='lat' dir='ltr'><strong>tenuit.</strong></span> <span class='ocrx_word' id='word_1_136' title='bbox 726 1974 840 2032; x_wconf 86' lang='lat' dir='ltr'><strong>Vbi</strong></span> <span class='ocrx_word' id='word_1_137' title='bbox 858 1994 1005 2052; x_wconf 83' lang='lat' dir='ltr'><strong>aquae</strong></span> <span class='ocrx_word' id='word_1_138' title='bbox 1025 1972 1166 2028; x_wconf 68' lang='lat' dir='ltr'><strong>nacti</strong></span> <span class='ocrx_word' id='word_1_139' title='bbox 1185 1973 1400 2050; x_wconf 84' lang='lat' dir='ltr'><strong>copiam</strong></span> <span class='ocrx_word' id='word_1_140' title='bbox 1424 2009 1441 2035; x_wconf 91' lang='lat'>,</span> <span class='ocrx_word' id='word_1_141' title='bbox 1472 1990 1592 2048; x_wconf 83' lang='lat' dir='ltr'><strong>quae</strong></span> 
     </span>
     <span class='ocr_line' id='line_1_27' title="bbox 4 2052 1596 2132; baseline -0.005 -16"><span class='ocrx_word' id='word_1_142' title='bbox 4 2057 97 2117; x_wconf 77' lang='lat' dir='ltr'><strong>&#39;tis</strong></span> <span class='ocrx_word' id='word_1_143' title='bbox 115 2055 239 2116; x_wconf 83' lang='lat' dir='ltr'><strong>effet</strong></span> <span class='ocrx_word' id='word_1_144' title='bbox 257 2057 480 2116; x_wconf 88' lang='lat' dir='ltr'><strong>navibus</strong></span> <span class='ocrx_word' id='word_1_145' title='bbox 503 2057 566 2114; x_wconf 90' lang='lat' dir='ltr'><strong>ad</strong></span> <span class='ocrx_word' id='word_1_146' title='bbox 584 2056 950 2115; x_wconf 86' lang='lat' dir='ltr'><strong>emetiendum</strong></span> <span class='ocrx_word' id='word_1_147' title='bbox 970 2059 1188 2111; x_wconf 88' lang='lat' dir='ltr'><strong>Ionium</strong></span> <span class='ocrx_word' id='word_1_148' title='bbox 1210 2095 1227 2122; x_wconf 83' lang='lat'>,</span> <span class='ocrx_word' id='word_1_149' title='bbox 1261 2060 1315 2110; x_wconf 69' lang='grc' dir='ltr'><strong>ὃε</strong></span> <span class='ocrx_word' id='word_1_150' title='bbox 1350 2072 1471 2132; x_wconf 85' lang='lat' dir='ltr'><strong>quae</strong></span> <span class='ocrx_word' id='word_1_151' title='bbox 1496 2052 1596 2108; x_wconf 85' lang='lat' dir='ltr'><strong>alia</strong></span> 
     </span>
     <span class='ocr_line' id='line_1_28' title="bbox 0 2134 1594 2219; baseline -0.006 -19"><span class='ocrx_word' id='word_1_152' title='bbox 0 2144 155 2201; x_wconf 64' lang='lat' dir='ltr'><strong>itineri</strong></span> <span class='ocrx_word' id='word_1_153' title='bbox 189 2138 309 2198; x_wconf 88' lang='lat' dir='ltr'><strong>sunt</strong></span> <span class='ocrx_word' id='word_1_154' title='bbox 344 2137 618 2197; x_wconf 77' lang='lat' dir='ltr'><strong>necessaria</strong></span> <span class='ocrx_word' id='word_1_155' title='bbox 639 2180 654 2202; x_wconf 85' lang='lat'>‚</span> <span class='ocrx_word' id='word_1_156' title='bbox 687 2157 920 2219; x_wconf 84' lang='lat' dir='ltr'><strong>pergunt</strong></span> <span class='ocrx_word' id='word_1_157' title='bbox 956 2141 1223 2217; x_wconf 79' lang='lat' dir='ltr'><strong>navigare.</strong></span> <span class='ocrx_word' id='word_1_158' title='bbox 1270 2137 1411 2193; x_wconf 69' lang='grc' dir='ltr'><strong>νεέὶί</strong></span> <span class='ocrx_word' id='word_1_159' title='bbox 1445 2134 1594 2191; x_wconf 85' lang='lat' dir='ltr'><strong>tarde</strong></span> 
     </span>
     <span class='ocr_line' id='line_1_29' title="bbox 4 2216 1595 2282; baseline -0.006 -1"><span class='ocrx_word' id='word_1_160' title='bbox 4 2222 241 2281; x_wconf 89' lang='lat' dir='ltr'><strong>nertibus</strong></span> <span class='ocrx_word' id='word_1_161' title='bbox 272 2227 444 2282; x_wconf 90' lang='lat' dir='ltr'><strong>ventis</strong></span> <span class='ocrx_word' id='word_1_162' title='bbox 475 2222 768 2280; x_wconf 88' lang='lat' dir='ltr'><strong>undecimo</strong></span> <span class='ocrx_word' id='word_1_163' title='bbox 795 2221 880 2280; x_wconf 89' lang='lat' dir='ltr'><strong>die</strong></span> <span class='ocrx_word' id='word_1_164' title='bbox 915 2220 978 2278; x_wconf 79' lang='lat' dir='ltr'><strong>ad</strong></span> <span class='ocrx_word' id='word_1_165' title='bbox 1012 2222 1192 2277; x_wconf 77' lang='lat' dir='ltr'><strong>Siciliae</strong></span> <span class='ocrx_word' id='word_1_166' title='bbox 1213 2219 1396 2275; x_wconf 86' lang='lat' dir='ltr'><strong>locum</strong></span> <span class='ocrx_word' id='word_1_167' title='bbox 1416 2216 1595 2274; x_wconf 86' lang='lat' dir='ltr'><strong>deser-</strong></span> 
     </span>
     <span class='ocr_line' id='line_1_30' title="bbox 8 2300 1597 2385; baseline -0.005 -23"><span class='ocrx_word' id='word_1_168' title='bbox 8 2326 96 2362; x_wconf 86' lang='lat' dir='ltr'><strong>um</strong></span> <span class='ocrx_word' id='word_1_169' title='bbox 114 2325 403 2385; x_wconf 89' lang='lat' dir='ltr'><strong>pervenere</strong></span> <span class='ocrx_word' id='word_1_170' title='bbox 424 2345 440 2367; x_wconf 85' lang='grc'>,</span> <span class='ocrx_word' id='word_1_171' title='bbox 471 2305 613 2362; x_wconf 90' lang='lat' dir='ltr'><strong>unde</strong></span> <span class='ocrx_word' id='word_1_172' title='bbox 632 2325 746 2361; x_wconf 88' lang='lat' dir='ltr'><strong>non</strong></span> <span class='ocrx_word' id='word_1_173' title='bbox 762 2307 926 2384; x_wconf 80' lang='lat' dir='ltr'><strong>longe</strong></span> <span class='ocrx_word' id='word_1_174' title='bbox 946 2307 1107 2359; x_wconf 76' lang='lat' dir='ltr'><strong>AEtna</strong></span> <span class='ocrx_word' id='word_1_175' title='bbox 1127 2301 1201 2358; x_wconf 81' lang='lat' dir='ltr'><strong>est</strong></span> <span class='ocrx_word' id='word_1_176' title='bbox 1222 2319 1398 2359; x_wconf 80' lang='lat' dir='ltr'><strong>mons,</strong></span> <span class='ocrx_word' id='word_1_177' title='bbox 1446 2300 1597 2356; x_wconf 87' lang='lat' dir='ltr'><strong>Tam</strong></span> 
     </span>
     <span class='ocr_line' id='line_1_31' title="bbox 4 2384 1692 2468; baseline -0.004 -24"><span class='ocrx_word' id='word_1_178' title='bbox 4 2404 136 2446; x_wconf 86' lang='lat' dir='ltr'><strong>entae</strong></span> <span class='ocrx_word' id='word_1_179' title='bbox 166 2390 496 2468; x_wconf 84' lang='lat' dir='ltr'><strong>navigationi</strong></span> <span class='ocrx_word' id='word_1_180' title='bbox 535 2388 589 2444; x_wconf 90' lang='lat' dir='ltr'><strong>id</strong></span> <span class='ocrx_word' id='word_1_181' title='bbox 622 2386 959 2444; x_wconf 85' lang='lat' dir='ltr'><strong>incommodi</strong></span> <span class='ocrx_word' id='word_1_182' title='bbox 992 2384 1209 2450; x_wconf 83' lang='lat' dir='ltr'><strong>accidit,</strong></span> <span class='ocrx_word' id='word_1_183' title='bbox 1247 2402 1308 2440; x_wconf 88' lang='lat' dir='ltr'><strong>ut</strong></span> <span class='ocrx_word' id='word_1_184' title='bbox 1339 2404 1476 2462; x_wconf 84' lang='lat' dir='ltr'><strong>aqua</strong></span> <span class='ocrx_word' id='word_1_185' title='bbox 1492 2402 1597 2461; x_wconf 86' lang='lat' dir='ltr'><strong>pu-</strong></span> <span class='ocrx_word' id='word_1_186' title='bbox 1676 2412 1692 2413; x_wconf 15' lang='grc' dir='ltr'>ἡ</span> 
     </span>
     <span class='ocr_line' id='line_1_32' title="bbox 10 2463 1599 2549; baseline -0.004 -23"><span class='ocrx_word' id='word_1_187' title='bbox 10 2467 240 2536; x_wconf 74' lang='lat' dir='ltr'><strong>reficeret,</strong></span> <span class='ocrx_word' id='word_1_188' title='bbox 264 2487 449 2548; x_wconf 85' lang='lat' dir='ltr'><strong>praeter</strong></span> <span class='ocrx_word' id='word_1_189' title='bbox 470 2491 632 2549; x_wconf 84' lang='lat' dir='ltr'><strong>quam</strong></span> <span class='ocrx_word' id='word_1_190' title='bbox 648 2468 924 2526; x_wconf 82' lang='lat' dir='ltr'><strong>Belisarius</strong></span> <span class='ocrx_word' id='word_1_191' title='bbox 943 2476 996 2526; x_wconf 64' lang='grc' dir='ltr'><strong>ἃ</strong></span> <span class='ocrx_word' id='word_1_192' title='bbox 1018 2470 1110 2547; x_wconf 83' lang='lat' dir='ltr'><strong>qui</strong></span> <span class='ocrx_word' id='word_1_193' title='bbox 1130 2463 1320 2523; x_wconf 66' lang='lat' dir='ltr'><strong>mensae</strong></span> <span class='ocrx_word' id='word_1_194' title='bbox 1341 2471 1453 2542; x_wconf 84' lang='lat' dir='ltr'><strong>ejus</strong></span> <span class='ocrx_word' id='word_1_195' title='bbox 1474 2483 1599 2543; x_wconf 88' lang='lat' dir='ltr'><strong>par-</strong></span> 
     </span>
     <span class='ocr_line' id='line_1_33' title="bbox 4 2544 1599 2631; baseline -0.002 -26"><span class='ocrx_word' id='word_1_196' title='bbox 4 2552 167 2629; x_wconf 84' lang='lat' dir='ltr'><strong>icipes</strong></span> <span class='ocrx_word' id='word_1_197' title='bbox 199 2551 487 2610; x_wconf 85' lang='lat' dir='ltr'><strong>bibebant.</strong></span> <span class='ocrx_word' id='word_1_198' title='bbox 551 2553 684 2609; x_wconf 86' lang='lat' dir='ltr'><strong>Eam</strong></span> <span class='ocrx_word' id='word_1_199' title='bbox 722 2574 955 2631; x_wconf 86' lang='lat' dir='ltr'><strong>namque</strong></span> <span class='ocrx_word' id='word_1_200' title='bbox 991 2546 1222 2608; x_wconf 78' lang='lat' dir='ltr'><strong>Belisarii</strong></span> <span class='ocrx_word' id='word_1_201' title='bbox 1257 2554 1460 2624; x_wconf 86' lang='lat' dir='ltr'><strong>conjux</strong></span> <span class='ocrx_word' id='word_1_202' title='bbox 1501 2544 1599 2602; x_wconf 87' lang='lat' dir='ltr'><strong>hac</strong></span> 
     </span>
     <span class='ocr_line' id='line_1_34' title="bbox 4 2631 1600 2713; baseline -0.003 -25"><span class='ocrx_word' id='word_1_203' title='bbox 4 2649 94 2690; x_wconf 73' lang='lat' dir='ltr'><strong>irte</strong></span> <span class='ocrx_word' id='word_1_204' title='bbox 125 2633 357 2691; x_wconf 80' lang='lat' dir='ltr'><strong>servabat</strong></span> <span class='ocrx_word' id='word_1_205' title='bbox 380 2676 395 2692; x_wconf 86' lang='lat'><strong>.</strong></span> <span class='ocrx_word' id='word_1_206' title='bbox 447 2635 756 2713; x_wconf 84' lang='lat' dir='ltr'><strong>Amphoras</strong></span> <span class='ocrx_word' id='word_1_207' title='bbox 791 2633 818 2692; x_wconf 78' lang='grc' dir='ltr'>ὲ</span> <span class='ocrx_word' id='word_1_208' title='bbox 851 2638 988 2691; x_wconf 87' lang='lat' dir='ltr'><strong>vitro</strong></span> <span class='ocrx_word' id='word_1_209' title='bbox 1022 2653 1159 2711; x_wconf 80' lang='lat' dir='ltr'><strong>aqua</strong></span> <span class='ocrx_word' id='word_1_210' title='bbox 1199 2631 1423 2711; x_wconf 81' lang='lat' dir='ltr'><strong>repletas</strong></span> <span class='ocrx_word' id='word_1_211' title='bbox 1458 2633 1600 2686; x_wconf 86' lang='lat' dir='ltr'><strong>intra</strong></span> 
     </span>
     <span class='ocr_line' id='line_1_35' title="bbox 4 2709 1600 2792; baseline -0.003 -22"><span class='ocrx_word' id='word_1_212' title='bbox 4 2717 358 2773; x_wconf 82' lang='lat' dir='ltr'><strong>:oaxationem</strong></span> <span class='ocrx_word' id='word_1_213' title='bbox 387 2719 442 2774; x_wconf 91' lang='lat' dir='ltr'><strong>in</strong></span> <span class='ocrx_word' id='word_1_214' title='bbox 474 2719 594 2774; x_wconf 87' lang='lat' dir='ltr'><strong>alvo</strong></span> <span class='ocrx_word' id='word_1_215' title='bbox 619 2722 766 2773; x_wconf 86' lang='lat' dir='ltr'><strong>navis-</strong></span> <span class='ocrx_word' id='word_1_216' title='bbox 787 2718 852 2774; x_wconf 86' lang='lat' dir='ltr'><strong>ad</strong></span> <span class='ocrx_word' id='word_1_217' title='bbox 871 2717 923 2773; x_wconf 90' lang='lat' dir='ltr'><strong>id</strong></span> <span class='ocrx_word' id='word_1_218' title='bbox 949 2714 1261 2785; x_wconf 81' lang='lat' dir='ltr'><strong>fabricatam</strong></span> <span class='ocrx_word' id='word_1_219' title='bbox 1287 2755 1303 2780; x_wconf 87' lang='lat'>‚</span> <span class='ocrx_word' id='word_1_220' title='bbox 1340 2733 1454 2792; x_wconf 87' lang='lat' dir='ltr'><strong>quo</strong></span> <span class='ocrx_word' id='word_1_221' title='bbox 1477 2709 1600 2768; x_wconf 77' lang='lat' dir='ltr'><strong>solis</strong></span> 
     </span>
     <span class='ocr_line' id='line_1_36' title="bbox 0 2793 1602 2879; baseline -0.003 -28"><span class='ocrx_word' id='word_1_222' title='bbox 0 2795 120 2879; x_wconf 60' lang='lat' dir='ltr'><strong>jadii</strong></span> <span class='ocrx_word' id='word_1_223' title='bbox 155 2818 265 2853; x_wconf 94' lang='lat' dir='ltr'><strong>non</strong></span> <span class='ocrx_word' id='word_1_224' title='bbox 297 2804 669 2878; x_wconf 82' lang='lat' dir='ltr'><strong>penetrarent,</strong></span> <span class='ocrx_word' id='word_1_225' title='bbox 698 2803 753 2857; x_wconf 81' lang='lat' dir='ltr'><strong>in</strong></span> <span class='ocrx_word' id='word_1_226' title='bbox 785 2821 999 2856; x_wconf 81' lang='lat' dir='ltr'><strong>arenam</strong></span> <span class='ocrx_word' id='word_1_227' title='bbox 1021 2793 1325 2854; x_wconf 81' lang='lat' dir='ltr'><strong>defoderat.</strong></span> <span class='ocrx_word' id='word_1_228' title='bbox 1368 2800 1447 2850; x_wconf 83' lang='lat' dir='ltr'><strong>Ita</strong></span> <span class='ocrx_word' id='word_1_229' title='bbox 1465 2812 1602 2870; x_wconf 82' lang='lat' dir='ltr'><strong>aqua</strong></span> 
     </span>
     <span class='ocr_line' id='line_1_37' title="bbox 0 2875 1607 2965; baseline -0.003 -33"><span class='ocrx_word' id='word_1_230' title='bbox 0 2884 292 2965; x_wconf 44' lang='lat' dir='ltr'><strong>Jncorrupta</strong></span> <span class='ocrx_word' id='word_1_231' title='bbox 326 2881 527 2938; x_wconf 78' lang='lat' dir='ltr'><strong>mansit.</strong></span> <span class='ocrx_word' id='word_1_232' title='bbox 571 2882 642 2938; x_wconf 88' lang='lat' dir='ltr'><strong>Et</strong></span> <span class='ocrx_word' id='word_1_233' title='bbox 673 2880 780 2939; x_wconf 84' lang='lat' dir='ltr'><strong>haec</strong></span> <span class='ocrx_word' id='word_1_234' title='bbox 799 2883 1021 2962; x_wconf 85' lang='lat' dir='ltr'><strong>quidem</strong></span> <span class='ocrx_word' id='word_1_235' title='bbox 1041 2879 1321 2937; x_wconf 64' lang='lat' dir='ltr'><strong>hactenus.</strong></span> <span class='ocrx_word' id='word_1_236' title='bbox 1363 2881 1441 2934; x_wconf 86' lang='lat' dir='ltr'><strong>At</strong></span> <span class='ocrx_word' id='word_1_237' title='bbox 1459 2875 1607 2932; x_wconf 85' lang='lat' dir='ltr'><strong>Beli-</strong></span> 
     </span>
     <span class='ocr_line' id='line_1_38' title="bbox 0 2956 1608 3046; baseline -0.006 -28"><span class='ocrx_word' id='word_1_238' title='bbox 0 2963 186 3046; x_wconf 62' lang='lat' dir='ltr'><strong>arius’,</strong></span> <span class='ocrx_word' id='word_1_239' title='bbox 224 2979 280 3023; x_wconf 87' lang='lat' dir='ltr'><strong>ut</strong></span> <span class='ocrx_word' id='word_1_240' title='bbox 299 2966 351 3023; x_wconf 89' lang='lat' dir='ltr'><strong>in</strong></span> <span class='ocrx_word' id='word_1_241' title='bbox 370 2961 592 3026; x_wconf 79' lang='lat' dir='ltr'><strong>insulam</strong></span> <span class='ocrx_word' id='word_1_242' title='bbox 613 2963 877 3025; x_wconf 83' lang='lat' dir='ltr'><strong>descendit</strong></span> <span class='ocrx_word' id='word_1_243' title='bbox 897 3006 916 3036; x_wconf 85' lang='lat'><em>‚</em></span> <span class='ocrx_word' id='word_1_244' title='bbox 947 2965 1132 3020; x_wconf 80' lang='lat' dir='ltr'><strong>animo</strong></span> <span class='ocrx_word' id='word_1_245' title='bbox 1167 2962 1410 3040; x_wconf 84' lang='lat' dir='ltr'><strong>torqueri</strong></span> <span class='ocrx_word' id='word_1_246' title='bbox 1433 2956 1608 3032; x_wconf 77' lang='lat' dir='ltr'><strong>caepit,</strong></span> 
     </span>
     <span class='ocr_line' id='line_1_39' title="bbox 967 3042 1612 3122; baseline -0.003 -26"><span class='ocrx_word' id='word_1_247' title='bbox 967 3045 1018 3100; x_wconf 83' lang='lat' dir='ltr'>C</span> <span class='ocrx_word' id='word_1_248' title='bbox 1062 3067 1101 3122; x_wconf 79' lang='lat'><strong>4</strong></span> <span class='ocrx_word' id='word_1_249' title='bbox 1454 3042 1612 3116; x_wconf 72' lang='lat' dir='ltr'><strong>igna-</strong></span> 
     </span>
    </p>
   </div>
   <div class='ocr_carea' id='block_1_4' title="bbox 0 2134 4 3026">
    <p class='ocr_par' dir='ltr' id='par_1_4' title="bbox 0 2134 4 3026">
     <span class='ocr_line' id='line_1_40' title="bbox 0 2134 4 3026; baseline 0 0"><span class='ocrx_word' id='word_1_250' title='bbox 0 2134 4 3026; x_wconf 95' lang='lat' dir='ltr'><strong> </strong></span> 
     </span>
    </p>
   </div>
  </div>
 </body>
</html>
