<?xml version="1.0" encoding="UTF-8"?>
<!DOCTYPE html PUBLIC "-//W3C//DTD XHTML 1.0 Transitional//EN"
    "http://www.w3.org/TR/xhtml1/DTD/xhtml1-transitional.dtd">
<html xmlns="http://www.w3.org/1999/xhtml" xml:lang="en" lang="en">
 <head>
  <title>
</title>
<meta http-equiv="Content-Type" content="text/html;charset=utf-8" />
  <meta name='ocr-system' content='tesseract 3.04.00' />
  <meta name='ocr-capabilities' content='ocr_page ocr_carea ocr_par ocr_line ocrx_word'/>
</head>
<body>
  <div class='ocr_page' id='page_1' title='image "./historiagotthoru00grot_0409.png"; bbox 0 0 1888 3428; ppageno 0'>
   <div class='ocr_carea' id='block_1_1' title="bbox 1600 13 1631 21">
    <p class='ocr_par' dir='ltr' id='par_1_1' title="bbox 1600 13 1631 21">
     <span class='ocr_line' id='line_1_1' title="bbox 1600 13 1631 21; baseline 0 -4"><span class='ocrx_word' id='word_1_1' title='bbox 1600 13 1631 21; x_wconf 69' lang='lat' dir='ltr'>ae—</span> 
     </span>
    </p>
   </div>
   <div class='ocr_carea' id='block_1_2' title="bbox 0 162 1654 3046">
    <p class='ocr_par' dir='ltr' id='par_1_2' title="bbox 0 162 1654 3046">
     <span class='ocr_line' id='line_1_2' title="bbox 227 162 1643 254; baseline 0.002 -29"><span class='ocrx_word' id='word_1_2' title='bbox 227 162 667 227; x_wconf 61' lang='lat' dir='ltr'>Gora-meze</span> <span class='ocrx_word' id='word_1_3' title='bbox 707 167 1114 230; x_wconf 65' lang='lat' dir='ltr'>Htsroutffl</span> <span class='ocrx_word' id='word_1_4' title='bbox 1155 169 1307 230; x_wconf 68' lang='lat' dir='ltr'>Lm.</span> <span class='ocrx_word' id='word_1_5' title='bbox 1350 177 1432 231; x_wconf 85' lang='lat'>11.</span> <span class='ocrx_word' id='word_1_6' title='bbox 1520 191 1643 254; x_wconf 82' lang='lat'>243-</span> 
     </span>
     <span class='ocr_line' id='line_1_3' title="bbox 23 250 1648 335; baseline 0.005 -27"><span class='ocrx_word' id='word_1_7' title='bbox 23 269 202 308; x_wconf 76' lang='lat' dir='ltr'>venna</span> <span class='ocrx_word' id='word_1_8' title='bbox 217 257 273 308; x_wconf 89' lang='lat'>&amp;</span> <span class='ocrx_word' id='word_1_9' title='bbox 310 250 542 329; x_wconf 89' lang='lat' dir='ltr'>Alpibus</span> <span class='ocrx_word' id='word_1_10' title='bbox 578 272 695 331; x_wconf 86' lang='lat' dir='ltr'>quae</span> <span class='ocrx_word' id='word_1_11' title='bbox 734 253 967 310; x_wconf 86' lang='lat' dir='ltr'>Galliam</span> <span class='ocrx_word' id='word_1_12' title='bbox 1002 257 1295 311; x_wconf 87' lang='lat' dir='ltr'>terminant</span> <span class='ocrx_word' id='word_1_13' title='bbox 1314 296 1331 322; x_wconf 89' lang='lat'><strong>,</strong></span> <span class='ocrx_word' id='word_1_14' title='bbox 1368 275 1648 335; x_wconf 65' lang='lat' dir='ltr'>quantumv</span> 
     </span>
     <span class='ocr_line' id='line_1_4' title="bbox 19 329 1642 411; baseline 0.004 -21"><span class='ocrx_word' id='word_1_15' title='bbox 19 329 195 390; x_wconf 83' lang='lat' dir='ltr'>homo</span> <span class='ocrx_word' id='word_1_16' title='bbox 215 333 495 411; x_wconf 83' lang='lat' dir='ltr'>expeditus</span> <span class='ocrx_word' id='word_1_17' title='bbox 529 335 659 391; x_wconf 76' lang='grc' dir='ltr'>οᾶο</span> <span class='ocrx_word' id='word_1_18' title='bbox 676 334 866 392; x_wconf 86' lang='lat' dir='ltr'>diebus</span> <span class='ocrx_word' id='word_1_19' title='bbox 898 337 1101 392; x_wconf 83' lang='lat' dir='ltr'>itineris</span> <span class='ocrx_word' id='word_1_20' title='bbox 1120 334 1372 393; x_wconf 79' lang='lat' dir='ltr'>conficiat</span> <span class='ocrx_word' id='word_1_21' title='bbox 1390 373 1407 404; x_wconf 69' lang='lat'><em>⁵</em></span> <span class='ocrx_word' id='word_1_22' title='bbox 1442 336 1642 396; x_wconf 69' lang='lat' dir='ltr'>secun«-¹</span> 
     </span>
     <span class='ocr_line' id='line_1_5' title="bbox 18 414 1640 497; baseline 0.004 -26"><span class='ocrx_word' id='word_1_23' title='bbox 18 415 151 471; x_wconf 89' lang='lat' dir='ltr'>dum</span> <span class='ocrx_word' id='word_1_24' title='bbox 171 417 410 473; x_wconf 83' lang='lat' dir='ltr'>Romam</span> <span class='ocrx_word' id='word_1_25' title='bbox 431 416 747 474; x_wconf 85' lang='lat' dir='ltr'>Occidentis</span> <span class='ocrx_word' id='word_1_26' title='bbox 764 414 904 474; x_wconf 87' lang='lat' dir='ltr'>haud</span> <span class='ocrx_word' id='word_1_27' title='bbox 918 415 1082 473; x_wconf 91' lang='lat' dir='ltr'>dubie</span> <span class='ocrx_word' id='word_1_28' title='bbox 1098 420 1640 497; x_wconf 69' lang='lat' dir='ltr'>princeps5amplitu-</span> 
     </span>
     <span class='ocr_line' id='line_1_6' title="bbox 19 495 1630 578; baseline 0.005 -26"><span class='ocrx_word' id='word_1_29' title='bbox 19 495 175 561; x_wconf 87' lang='lat' dir='ltr'>dine,</span> <span class='ocrx_word' id='word_1_30' title='bbox 197 496 486 555; x_wconf 89' lang='lat' dir='ltr'>hominum</span> <span class='ocrx_word' id='word_1_31' title='bbox 507 501 659 577; x_wconf 78' lang='lat' dir='ltr'>copia</span> <span class='ocrx_word' id='word_1_32' title='bbox 687 496 1007 577; x_wconf 85' lang='lat' dir='ltr'>opibusque.</span> <span class='ocrx_word' id='word_1_33' title='bbox 1048 497 1326 558; x_wconf 87' lang='lat' dir='ltr'>Belisarius</span> <span class='ocrx_word' id='word_1_34' title='bbox 1358 502 1630 578; x_wconf 76' lang='lat' dir='ltr'>pollicitus</span> 
     </span>
     <span class='ocr_line' id='line_1_7' title="bbox 21 575 1650 660; baseline 0.002 -26"><span class='ocrx_word' id='word_1_35' title='bbox 21 575 342 635; x_wconf 64' lang='lat' dir='ltr'>effecturum</span> <span class='ocrx_word' id='word_1_36' title='bbox 362 576 410 636; x_wconf 91' lang='lat' dir='ltr'>se</span> <span class='ocrx_word' id='word_1_37' title='bbox 435 599 620 659; x_wconf 85' lang='lat' dir='ltr'>rogata</span> <span class='ocrx_word' id='word_1_38' title='bbox 637 620 653 645; x_wconf 94' lang='lat'>‚</span> <span class='ocrx_word' id='word_1_39' title='bbox 690 601 783 659; x_wconf 83' lang='lat' dir='ltr'>per</span> <span class='ocrx_word' id='word_1_40' title='bbox 804 579 1037 660; x_wconf 85' lang='lat' dir='ltr'>hyemen</span> <span class='ocrx_word' id='word_1_41' title='bbox 1056 599 1150 637; x_wconf 87' lang='lat' dir='ltr'>eos</span> <span class='ocrx_word' id='word_1_42' title='bbox 1170 581 1350 640; x_wconf 89' lang='lat' dir='ltr'>secum</span> <span class='ocrx_word' id='word_1_43' title='bbox 1384 583 1650 640; x_wconf 74' lang='lat' dir='ltr'>detinuit.÷</span> 
     </span>
     <span class='ocr_line' id='line_1_8' title="bbox 19 660 1627 742; baseline 0.003 -25"><span class='ocrx_word' id='word_1_44' title='bbox 19 680 139 736; x_wconf 87' lang='lat' dir='ltr'>quae</span> <span class='ocrx_word' id='word_1_45' title='bbox 158 660 289 718; x_wconf 87' lang='lat' dir='ltr'>dum</span> <span class='ocrx_word' id='word_1_46' title='bbox 308 681 592 740; x_wconf 86' lang='lat' dir='ltr'>geruntur,</span> <span class='ocrx_word' id='word_1_47' title='bbox 607 663 860 720; x_wconf 84' lang='lat' dir='ltr'>Fortunae</span> <span class='ocrx_word' id='word_1_48' title='bbox 879 661 1129 742; x_wconf 79' lang='lat' dir='ltr'>prospera</span> <span class='ocrx_word' id='word_1_49' title='bbox 1147 666 1341 722; x_wconf 56' lang='lat' dir='ltr'>cuneta</span> <span class='ocrx_word' id='word_1_50' title='bbox 1363 666 1627 723; x_wconf 80' lang='lat' dir='ltr'>Romanis</span> 
     </span>
     <span class='ocr_line' id='line_1_9' title="bbox 18 740 1626 827; baseline 0.005 -30"><span class='ocrx_word' id='word_1_51' title='bbox 18 740 294 799; x_wconf 84' lang='lat' dir='ltr'><strong>succedere</strong></span> <span class='ocrx_word' id='word_1_52' title='bbox 314 743 540 799; x_wconf 89' lang='lat' dir='ltr'>videntis</span> <span class='ocrx_word' id='word_1_53' title='bbox 559 744 755 801; x_wconf 83' lang='lat' dir='ltr'>invidia</span> <span class='ocrx_word' id='word_1_54' title='bbox 776 747 977 802; x_wconf 88' lang='lat' dir='ltr'>malum</span> <span class='ocrx_word' id='word_1_55' title='bbox 999 749 1059 802; x_wconf 87' lang='lat' dir='ltr'>iis</span> <span class='ocrx_word' id='word_1_56' title='bbox 1093 748 1454 823; x_wconf 74' lang='lat' dir='ltr'>parturiebat,</span> <span class='ocrx_word' id='word_1_57' title='bbox 1476 748 1626 827; x_wconf 87' lang='lat' dir='ltr'>quod</span> 
     </span>
     <span class='ocr_line' id='line_1_10' title="bbox 17 821 1647 909; baseline 0.006 -31"><span class='ocrx_word' id='word_1_58' title='bbox 17 821 179 880; x_wconf 86' lang='lat' dir='ltr'>bonis</span> <span class='ocrx_word' id='word_1_59' title='bbox 198 839 406 880; x_wconf 86' lang='lat' dir='ltr'>eorum·</span> <span class='ocrx_word' id='word_1_60' title='bbox 424 823 583 881; x_wconf 88' lang='lat' dir='ltr'>rebus</span> <span class='ocrx_word' id='word_1_61' title='bbox 606 824 927 884; x_wconf 59' lang='lat' dir='ltr'>‘admisceret</span> <span class='ocrx_word' id='word_1_62' title='bbox 947 869 964 896; x_wconf 86' lang='lat'>,</span> <span class='ocrx_word' id='word_1_63' title='bbox 1000 828 1192 885; x_wconf 90' lang='lat' dir='ltr'>odium</span> <span class='ocrx_word' id='word_1_64' title='bbox 1228 851 1344 886; x_wconf 85' lang='lat' dir='ltr'>non</span> <span class='ocrx_word' id='word_1_65' title='bbox 1379 831 1540 909; x_wconf 83' lang='lat' dir='ltr'>digna</span> <span class='ocrx_word' id='word_1_66' title='bbox 1560 831 1647 899; x_wconf 10' lang='lat' dir='ltr'>der</span> 
     </span>
     <span class='ocr_line' id='line_1_11' title="bbox 19 904 1642 993; baseline 0.004 -31"><span class='ocrx_word' id='word_1_67' title='bbox 19 905 173 962; x_wconf 88' lang='lat' dir='ltr'>causa</span> <span class='ocrx_word' id='word_1_68' title='bbox 188 904 495 963; x_wconf 80' lang='lat' dir='ltr'>Belisarium</span> <span class='ocrx_word' id='word_1_69' title='bbox 532 911 672 964; x_wconf 78' lang='lat' dir='ltr'>inter</span> <span class='ocrx_word' id='word_1_70' title='bbox 691 915 746 965; x_wconf 60' lang='grc' dir='ltr'>ὃ(</span> <span class='ocrx_word' id='word_1_71' title='bbox 784 908 1212 987; x_wconf 76' lang='lat' dir='ltr'>Constantinum</span> <span class='ocrx_word' id='word_1_72' title='bbox 1249 912 1421 969; x_wconf 81' lang='lat' dir='ltr'>serens</span> <span class='ocrx_word' id='word_1_73' title='bbox 1442 935 1453 969; x_wconf 95' lang='lat'><strong>:</strong></span> <span class='ocrx_word' id='word_1_74' title='bbox 1475 912 1642 993; x_wconf 75' lang='lat' dir='ltr'>quod‘</span> 
     </span>
     <span class='ocr_line' id='line_1_12' title="bbox 16 987 1645 1073; baseline 0.005 -30"><span class='ocrx_word' id='word_1_75' title='bbox 16 987 160 1044; x_wconf 90' lang='lat' dir='ltr'>unde</span> <span class='ocrx_word' id='word_1_76' title='bbox 172 1006 358 1043; x_wconf 86' lang='lat' dir='ltr'>ortum</span> <span class='ocrx_word' id='word_1_77' title='bbox 375 1030 389 1054; x_wconf 89' lang='lat'>‚</span> <span class='ocrx_word' id='word_1_78' title='bbox 410 1009 523 1067; x_wconf 88' lang='lat' dir='ltr'>quo</span> <span class='ocrx_word' id='word_1_79' title='bbox 541 988 750 1048; x_wconf 79' lang='lat' dir='ltr'>deflerit</span> <span class='ocrx_word' id='word_1_80' title='bbox 768 1032 782 1056; x_wconf 93' lang='lat'>,</span> <span class='ocrx_word' id='word_1_81' title='bbox 805 1013 974 1073; x_wconf 81' lang='lat' dir='ltr'>pergo</span> <span class='ocrx_word' id='word_1_82' title='bbox 994 991 1225 1073; x_wconf 80' lang='lat' dir='ltr'><strong>exsequi.</strong></span> <span class='ocrx_word' id='word_1_83' title='bbox 1249 993 1524 1053; x_wconf 75' lang='lat' dir='ltr'>Praefidius</span> <span class='ocrx_word' id='word_1_84' title='bbox 1548 998 1645 1051; x_wconf 29' lang='lat' dir='ltr'>vir*</span> 
     </span>
     <span class='ocr_line' id='line_1_13' title="bbox 14 1071 1647 1151; baseline 0.005 -26"><span class='ocrx_word' id='word_1_85' title='bbox 14 1071 181 1125; x_wconf 86' lang='lat' dir='ltr'>clarus</span> <span class='ocrx_word' id='word_1_86' title='bbox 197 1071 451 1127; x_wconf 87' lang='lat' dir='ltr'>Romana</span> <span class='ocrx_word' id='word_1_87' title='bbox 468 1075 680 1151; x_wconf 83' lang='lat' dir='ltr'>origine</span> <span class='ocrx_word' id='word_1_88' title='bbox 713 1075 989 1134; x_wconf 67' lang='lat' dir='ltr'>Ravennae</span> <span class='ocrx_word' id='word_1_89' title='bbox 1007 1075 1280 1135; x_wconf 79' lang='lat' dir='ltr'>habitavit.</span> <span class='ocrx_word' id='word_1_90' title='bbox 1321 1083 1370 1135; x_wconf 82' lang='lat' dir='ltr'>Is</span> <span class='ocrx_word' id='word_1_91' title='bbox 1396 1077 1647 1134; x_wconf 82' lang='lat' dir='ltr'>Gotthis·</span> 
     </span>
     <span class='ocr_line' id='line_1_14' title="bbox 13 1147 1630 1238; baseline 0.006 -32"><span class='ocrx_word' id='word_1_92' title='bbox 13 1147 302 1219; x_wconf 76' lang='lat' dir='ltr'>infensior,</span> <span class='ocrx_word' id='word_1_93' title='bbox 321 1174 435 1232; x_wconf 87' lang='lat' dir='ltr'>quo</span> <span class='ocrx_word' id='word_1_94' title='bbox 455 1171 704 1232; x_wconf 83' lang='lat' dir='ltr'>tempore</span> <span class='ocrx_word' id='word_1_95' title='bbox 743 1156 988 1216; x_wconf 84' lang='lat' dir='ltr'>adversus</span> <span class='ocrx_word' id='word_1_96' title='bbox 1021 1160 1262 1216; x_wconf 86' lang='lat' dir='ltr'>Romam</span> <span class='ocrx_word' id='word_1_97' title='bbox 1283 1163 1381 1217; x_wconf 87' lang='lat' dir='ltr'>iter</span> <span class='ocrx_word' id='word_1_98' title='bbox 1409 1159 1630 1238; x_wconf 80' lang='lat' dir='ltr'>parabat</span> 
     </span>
     <span class='ocr_line' id='line_1_15' title="bbox 18 1232 1630 1316; baseline 0.006 -27"><span class='ocrx_word' id='word_1_99' title='bbox 18 1235 220 1312; x_wconf 80' lang='lat' dir='ltr'>Vitigis</span> <span class='ocrx_word' id='word_1_100' title='bbox 238 1274 256 1301; x_wconf 90' lang='lat'>,</span> <span class='ocrx_word' id='word_1_101' title='bbox 275 1253 399 1291; x_wconf 86' lang='lat' dir='ltr'>cum</span> <span class='ocrx_word' id='word_1_102' title='bbox 416 1232 638 1293; x_wconf 86' lang='lat' dir='ltr'>suorum</span> <span class='ocrx_word' id='word_1_103' title='bbox 663 1242 840 1316; x_wconf 85' lang='lat' dir='ltr'>paucis</span> <span class='ocrx_word' id='word_1_104' title='bbox 857 1283 871 1304; x_wconf 85' lang='lat'>,</span> <span class='ocrx_word' id='word_1_105' title='bbox 894 1259 1116 1297; x_wconf 86' lang='lat' dir='ltr'>venatus</span> <span class='ocrx_word' id='word_1_106' title='bbox 1137 1240 1474 1300; x_wconf 66' lang='lat' dir='ltr'>simulatione</span> <span class='ocrx_word' id='word_1_107' title='bbox 1496 1283 1509 1303; x_wconf 87' lang='lat'>‚</span> <span class='ocrx_word' id='word_1_108' title='bbox 1531 1263 1630 1299; x_wconf 92' lang='lat' dir='ltr'>au-</span> 
     </span>
     <span class='ocr_line' id='line_1_16' title="bbox 16 1311 1625 1401; baseline 0.007 -31"><span class='ocrx_word' id='word_1_109' title='bbox 16 1311 190 1395; x_wconf 84' lang='lat' dir='ltr'>fugit,</span> <span class='ocrx_word' id='word_1_110' title='bbox 210 1314 424 1373; x_wconf 90' lang='lat' dir='ltr'>conscio</span> <span class='ocrx_word' id='word_1_111' title='bbox 446 1321 662 1375; x_wconf 88' lang='lat' dir='ltr'>nemine</span> <span class='ocrx_word' id='word_1_112' title='bbox 682 1360 698 1387; x_wconf 93' lang='lat'>,</span> <span class='ocrx_word' id='word_1_113' title='bbox 732 1340 831 1379; x_wconf 87' lang='lat' dir='ltr'>nec</span> <span class='ocrx_word' id='word_1_114' title='bbox 862 1325 1156 1401; x_wconf 81' lang='lat' dir='ltr'>quicquam</span> <span class='ocrx_word' id='word_1_115' title='bbox 1198 1345 1378 1382; x_wconf 85' lang='lat' dir='ltr'>rerum</span> <span class='ocrx_word' id='word_1_116' title='bbox 1411 1324 1625 1381; x_wconf 80' lang='lat' dir='ltr'>suarum</span> 
     </span>
     <span class='ocr_line' id='line_1_17' title="bbox 14 1394 1627 1487; baseline 0.006 -35"><span class='ocrx_word' id='word_1_117' title='bbox 14 1394 194 1453; x_wconf 87' lang='lat' dir='ltr'>secum</span> <span class='ocrx_word' id='word_1_118' title='bbox 215 1395 388 1456; x_wconf 87' lang='lat' dir='ltr'>ferens</span> <span class='ocrx_word' id='word_1_119' title='bbox 405 1440 423 1467; x_wconf 88' lang='lat'>‚</span> <span class='ocrx_word' id='word_1_120' title='bbox 460 1419 646 1478; x_wconf 82' lang='lat' dir='ltr'>praeter</span> <span class='ocrx_word' id='word_1_121' title='bbox 674 1406 940 1480; x_wconf 79' lang='lat' dir='ltr'>pugiones</span> <span class='ocrx_word' id='word_1_122' title='bbox 956 1405 1094 1472; x_wconf 85' lang='lat' dir='ltr'>duos</span> <span class='ocrx_word' id='word_1_123' title='bbox 1112 1447 1128 1472; x_wconf 92' lang='lat'>,</span> <span class='ocrx_word' id='word_1_124' title='bbox 1150 1427 1388 1484; x_wconf 88' lang='lat' dir='ltr'>quorum</span> <span class='ocrx_word' id='word_1_125' title='bbox 1420 1410 1627 1487; x_wconf 71' lang='lat' dir='ltr'>vaginae</span> 
     </span>
     <span class='ocr_line' id='line_1_18' title="bbox 11 1487 1640 1568; baseline 0.007 -34"><span class='ocrx_word' id='word_1_126' title='bbox 11 1492 163 1537; x_wconf 77' lang='lat' dir='ltr'>erant</span> <span class='ocrx_word' id='word_1_127' title='bbox 179 1501 310 1537; x_wconf 88' lang='lat' dir='ltr'>auro</span> <span class='ocrx_word' id='word_1_128' title='bbox 326 1501 515 1560; x_wconf 87' lang='lat' dir='ltr'>graves</span> <span class='ocrx_word' id='word_1_129' title='bbox 532 1523 549 1549; x_wconf 86' lang='lat'>‚</span> <span class='ocrx_word' id='word_1_130' title='bbox 567 1490 798 1562; x_wconf 84' lang='lat' dir='ltr'>gemmis</span> <span class='ocrx_word' id='word_1_131' title='bbox 813 1487 1309 1545; x_wconf 71' lang='lat' dir='ltr'>intercurrentibus·</span> <span class='ocrx_word' id='word_1_132' title='bbox 1325 1491 1640 1568; x_wconf 82' lang='lat' dir='ltr'>Spoletium</span> 
     </span>
     <span class='ocr_line' id='line_1_19' title="bbox 15 1561 1637 1650; baseline 0.006 -32"><span class='ocrx_word' id='word_1_133' title='bbox 15 1579 78 1618; x_wconf 88' lang='lat' dir='ltr'>ut</span> <span class='ocrx_word' id='word_1_134' title='bbox 99 1577 317 1619; x_wconf 81' lang='lat' dir='ltr'>venerat</span> <span class='ocrx_word' id='word_1_135' title='bbox 336 1603 354 1630; x_wconf 89' lang='lat'>,</span> <span class='ocrx_word' id='word_1_136' title='bbox 373 1561 566 1620; x_wconf 86' lang='lat' dir='ltr'>sacram</span> <span class='ocrx_word' id='word_1_137' title='bbox 600 1570 656 1622; x_wconf 89' lang='lat' dir='ltr'>in</span> <span class='ocrx_word' id='word_1_138' title='bbox 675 1568 842 1625; x_wconf 82' lang='lat' dir='ltr'>aedem</span> <span class='ocrx_word' id='word_1_139' title='bbox 862 1569 1122 1626; x_wconf 62' lang='lat' dir='ltr'>maenibus</span> <span class='ocrx_word' id='word_1_140' title='bbox 1141 1592 1257 1626; x_wconf 89' lang='lat' dir='ltr'>non</span> <span class='ocrx_word' id='word_1_141' title='bbox 1287 1574 1451 1650; x_wconf 81' lang='lat' dir='ltr'>longe</span> <span class='ocrx_word' id='word_1_142' title='bbox 1471 1569 1519 1627; x_wconf 87' lang='lat' dir='ltr'>se</span> <span class='ocrx_word' id='word_1_143' title='bbox 1538 1591 1637 1626; x_wconf 81' lang='lat' dir='ltr'>re·-</span> 
     </span>
     <span class='ocr_line' id='line_1_20' title="bbox 15 1643 1625 1722; baseline 0.006 -24"><span class='ocrx_word' id='word_1_144' title='bbox 15 1645 168 1722; x_wconf 88' lang='lat' dir='ltr'>cipit.</span> <span class='ocrx_word' id='word_1_145' title='bbox 211 1643 753 1714; x_wconf 64' lang='lat' dir='ltr'>Constantinusmam</span> <span class='ocrx_word' id='word_1_146' title='bbox 773 1651 834 1705; x_wconf 81' lang='lat' dir='ltr'>iis</span> <span class='ocrx_word' id='word_1_147' title='bbox 853 1649 1024 1707; x_wconf 86' lang='lat' dir='ltr'>adhuc</span> <span class='ocrx_word' id='word_1_148' title='bbox 1053 1654 1108 1707; x_wconf 91' lang='lat' dir='ltr'>in</span> <span class='ocrx_word' id='word_1_149' title='bbox 1126 1653 1258 1708; x_wconf 85' lang='lat' dir='ltr'>locis</span> <span class='ocrx_word' id='word_1_150' title='bbox 1278 1652 1625 1719; x_wconf 74' lang='lat' dir='ltr'>morabatur,</span> 
     </span>
     <span class='ocr_line' id='line_1_21' title="bbox 15 1724 1636 1810; baseline 0.007 -29"><span class='ocrx_word' id='word_1_151' title='bbox 15 1724 184 1782; x_wconf 46' lang='lat' dir='ltr'>id‘ubi</span> <span class='ocrx_word' id='word_1_152' title='bbox 203 1726 441 1784; x_wconf 77' lang='lat' dir='ltr'>audierat</span> <span class='ocrx_word' id='word_1_153' title='bbox 461 1728 611 1784; x_wconf 79' lang='lat' dir='ltr'>misso</span> <span class='ocrx_word' id='word_1_154' title='bbox 631 1731 971 1788; x_wconf 82' lang='lat' dir='ltr'>Maxentiolo</span> <span class='ocrx_word' id='word_1_155' title='bbox 987 1754 1098 1789; x_wconf 87' lang='lat' dir='ltr'>uno</span> <span class='ocrx_word' id='word_1_156' title='bbox 1111 1736 1489 1810; x_wconf 59' lang='lat' dir='ltr'>protectorum</span> <span class='ocrx_word' id='word_1_157' title='bbox 1505 1733 1636 1791; x_wconf 88' lang='lat' dir='ltr'>suo-·</span> 
     </span>
     <span class='ocr_line' id='line_1_22' title="bbox 12 1813 1626 1896; baseline 0.006 -32"><span class='ocrx_word' id='word_1_158' title='bbox 12 1826 137 1865; x_wconf 89' lang='lat' dir='ltr'>rum</span> <span class='ocrx_word' id='word_1_159' title='bbox 170 1825 460 1887; x_wconf 86' lang='lat' dir='ltr'>utrumque</span> <span class='ocrx_word' id='word_1_160' title='bbox 480 1813 777 1891; x_wconf 85' lang='lat' dir='ltr'>pugionem</span> <span class='ocrx_word' id='word_1_161' title='bbox 800 1817 852 1871; x_wconf 90' lang='lat' dir='ltr'>vi</span> <span class='ocrx_word' id='word_1_162' title='bbox 880 1835 1024 1871; x_wconf 90' lang='lat' dir='ltr'>mera</span> <span class='ocrx_word' id='word_1_163' title='bbox 1041 1813 1251 1896; x_wconf 82' lang='lat' dir='ltr'>abripit.</span> <span class='ocrx_word' id='word_1_164' title='bbox 1289 1819 1503 1873; x_wconf 86' lang='lat' dir='ltr'>Dolore</span> <span class='ocrx_word' id='word_1_165' title='bbox 1538 1837 1626 1873; x_wconf 80' lang='lat' dir='ltr'>ac-</span> 
     </span>
     <span class='ocr_line' id='line_1_23' title="bbox 15 1887 1639 1978; baseline 0.007 -33"><span class='ocrx_word' id='word_1_166' title='bbox 15 1887 200 1946; x_wconf 89' lang='lat' dir='ltr'>census</span> <span class='ocrx_word' id='word_1_167' title='bbox 216 1890 301 1947; x_wconf 92' lang='lat' dir='ltr'>ille</span> <span class='ocrx_word' id='word_1_168' title='bbox 315 1892 554 1948; x_wconf 88' lang='lat' dir='ltr'>Romam</span> <span class='ocrx_word' id='word_1_169' title='bbox 575 1894 639 1952; x_wconf 89' lang='lat' dir='ltr'>ad</span> <span class='ocrx_word' id='word_1_170' title='bbox 658 1894 963 1953; x_wconf 79' lang='lat' dir='ltr'>Belisarium</span> <span class='ocrx_word' id='word_1_171' title='bbox 980 1902 1404 1978; x_wconf 71' lang='lat' dir='ltr'>properat0venit</span> <span class='ocrx_word' id='word_1_172' title='bbox 1424 1897 1639 1956; x_wconf 88' lang='lat' dir='ltr'>eodem-</span> 
     </span>
     <span class='ocr_line' id='line_1_24' title="bbox 14 1974 1624 2059; baseline 0.007 -32"><span class='ocrx_word' id='word_1_173' title='bbox 14 1991 130 2028; x_wconf 80' lang='lat' dir='ltr'>non</span> <span class='ocrx_word' id='word_1_174' title='bbox 150 1974 325 2029; x_wconf 89' lang='lat' dir='ltr'>multo</span> <span class='ocrx_word' id='word_1_175' title='bbox 344 1974 464 2052; x_wconf 86' lang='lat' dir='ltr'>post</span> <span class='ocrx_word' id='word_1_176' title='bbox 485 1975 1026 2059; x_wconf 81' lang='lat' dir='ltr'>ConstantinuS,quia</span> <span class='ocrx_word' id='word_1_177' title='bbox 1036 1987 1148 2056; x_wconf 84' lang='lat' dir='ltr'>jam</span> <span class='ocrx_word' id='word_1_178' title='bbox 1168 1983 1414 2039; x_wconf 85' lang='lat' dir='ltr'>accedere</span> <span class='ocrx_word' id='word_1_179' title='bbox 1435 1982 1498 2039; x_wconf 90' lang='lat' dir='ltr'>ad</span> <span class='ocrx_word' id='word_1_180' title='bbox 1515 1985 1624 2040; x_wconf 79' lang='lat' dir='ltr'>Vr==</span> 
     </span>
     <span class='ocr_line' id='line_1_25' title="bbox 14 2052 1622 2144; baseline 0.008 -35"><span class='ocrx_word' id='word_1_181' title='bbox 14 2052 141 2110; x_wconf 89' lang='lat' dir='ltr'>bem</span> <span class='ocrx_word' id='word_1_182' title='bbox 158 2053 509 2114; x_wconf 85' lang='lat' dir='ltr'>barbarorum</span> <span class='ocrx_word' id='word_1_183' title='bbox 535 2064 796 2117; x_wconf 83' lang='lat' dir='ltr'>exercitus</span> <span class='ocrx_word' id='word_1_184' title='bbox 814 2061 1147 2121; x_wconf 86' lang='lat' dir='ltr'>audiebatur.</span> <span class='ocrx_word' id='word_1_185' title='bbox 1171 2066 1359 2144; x_wconf 78' lang='lat' dir='ltr'>Qam</span> <span class='ocrx_word' id='word_1_186' title='bbox 1380 2085 1507 2121; x_wconf 85' lang='lat' dir='ltr'>vero</span> <span class='ocrx_word' id='word_1_187' title='bbox 1525 2063 1622 2120; x_wconf 85' lang='lat' dir='ltr'>diu</span> 
     </span>
     <span class='ocr_line' id='line_1_26' title="bbox 14 2134 1621 2214; baseline 0.006 -22"><span class='ocrx_word' id='word_1_188' title='bbox 14 2134 216 2194; x_wconf 61' lang='lat' dir='ltr'>in‘aestu</span> <span class='ocrx_word' id='word_1_189' title='bbox 228 2157 286 2194; x_wconf 89' lang='lat' dir='ltr'>ac</span> <span class='ocrx_word' id='word_1_190' title='bbox 305 2134 607 2197; x_wconf 87' lang='lat' dir='ltr'>discrimine</span> <span class='ocrx_word' id='word_1_191' title='bbox 627 2143 879 2201; x_wconf 81' lang='lat' dir='ltr'>Romana</span> <span class='ocrx_word' id='word_1_192' title='bbox 897 2165 976 2202; x_wconf 90' lang='lat' dir='ltr'>res</span> <span class='ocrx_word' id='word_1_193' title='bbox 997 2149 1265 2214; x_wconf 81' lang='lat' dir='ltr'>erat‚intra</span> <span class='ocrx_word' id='word_1_194' title='bbox 1284 2146 1550 2204; x_wconf 86' lang='lat' dir='ltr'>filentium</span> <span class='ocrx_word' id='word_1_195' title='bbox 1570 2143 1621 2203; x_wconf 90' lang='lat' dir='ltr'>se</span> 
     </span>
     <span class='ocr_line' id='line_1_27' title="bbox 13 2217 1654 2308; baseline 0.007 -34"><span class='ocrx_word' id='word_1_196' title='bbox 13 2217 260 2276; x_wconf 87' lang='lat' dir='ltr'>cohibuit</span> <span class='ocrx_word' id='word_1_197' title='bbox 272 2218 649 2280; x_wconf 82' lang='lat' dir='ltr'>Praefidius.At</span> <span class='ocrx_word' id='word_1_198' title='bbox 664 2224 756 2282; x_wconf 91' lang='lat' dir='ltr'>ubi</span> <span class='ocrx_word' id='word_1_199' title='bbox 770 2226 1054 2285; x_wconf 85' lang='lat' dir='ltr'>Romanus</span> <span class='ocrx_word' id='word_1_200' title='bbox 1067 2230 1214 2289; x_wconf 87' lang='lat' dir='ltr'>Mars</span> <span class='ocrx_word' id='word_1_201' title='bbox 1231 2229 1626 2308; x_wconf 79' lang='lat' dir='ltr'>superior,jam-</span> <span class='ocrx_word' id='word_1_202' title='bbox 1652 2225 1654 2228; x_wconf 39' lang='lat'><strong><em>¹</em></strong></span> 
     </span>
     <span class='ocr_line' id='line_1_28' title="bbox 14 2303 1622 2382; baseline 0.007 -26"><span class='ocrx_word' id='word_1_203' title='bbox 14 2320 121 2380; x_wconf 91' lang='lat' dir='ltr'>que</span> <span class='ocrx_word' id='word_1_204' title='bbox 136 2303 415 2382; x_wconf 86' lang='lat' dir='ltr'>&amp;legatos</span> <span class='ocrx_word' id='word_1_205' title='bbox 435 2303 635 2363; x_wconf 90' lang='lat' dir='ltr'>Gotthi</span> <span class='ocrx_word' id='word_1_206' title='bbox 649 2347 666 2374; x_wconf 93' lang='lat'>,</span> <span class='ocrx_word' id='word_1_207' title='bbox 698 2309 1032 2378; x_wconf 65' lang='lat' dir='ltr'>indiximus,</span> <span class='ocrx_word' id='word_1_208' title='bbox 1064 2314 1314 2370; x_wconf 54' lang='lat' dir='ltr'>Romam⁴</span> <span class='ocrx_word' id='word_1_209' title='bbox 1338 2313 1585 2369; x_wconf 78' lang='lat' dir='ltr'>miserant</span> <span class='ocrx_word' id='word_1_210' title='bbox 1604 2352 1622 2378; x_wconf 86' lang='lat'>‚</span> 
     </span>
     <span class='ocr_line' id='line_1_29' title="bbox 11 2382 1635 2470; baseline 0.007 -31"><span class='ocrx_word' id='word_1_211' title='bbox 11 2382 152 2460; x_wconf 83' lang='lat' dir='ltr'>apud</span> <span class='ocrx_word' id='word_1_212' title='bbox 170 2384 477 2443; x_wconf 87' lang='lat' dir='ltr'>Belisarium</span> <span class='ocrx_word' id='word_1_213' title='bbox 494 2383 746 2467; x_wconf 84' lang='lat' dir='ltr'>frequens</span> <span class='ocrx_word' id='word_1_214' title='bbox 762 2432 780 2458; x_wconf 80' lang='grc'>,</span> <span class='ocrx_word' id='word_1_215' title='bbox 797 2396 949 2470; x_wconf 88' lang='lat' dir='ltr'>queri</span> <span class='ocrx_word' id='word_1_216' title='bbox 966 2395 1031 2451; x_wconf 92' lang='lat' dir='ltr'>de</span> <span class='ocrx_word' id='word_1_217' title='bbox 1049 2397 1261 2469; x_wconf 69' lang='lat' dir='ltr'>injuria,</span> <span class='ocrx_word' id='word_1_218' title='bbox 1280 2395 1342 2452; x_wconf 84' lang='lat' dir='ltr'>ad</span> <span class='ocrx_word' id='word_1_219' title='bbox 1358 2400 1442 2469; x_wconf 85' lang='lat' dir='ltr'>jus</span> <span class='ocrx_word' id='word_1_220' title='bbox 1463 2397 1635 2451; x_wconf 51' lang='lat' dir='ltr'>suum¹</span> 
     </span>
     <span class='ocr_line' id='line_1_30' title="bbox 12 2463 1620 2550; baseline 0.008 -30"><span class='ocrx_word' id='word_1_221' title='bbox 12 2463 380 2525; x_wconf 89' lang='lat' dir='ltr'>obtinendum</span> <span class='ocrx_word' id='word_1_222' title='bbox 401 2491 565 2550; x_wconf 89' lang='lat' dir='ltr'>opem</span> <span class='ocrx_word' id='word_1_223' title='bbox 594 2473 900 2550; x_wconf 82' lang='lat' dir='ltr'>implorare.</span> <span class='ocrx_word' id='word_1_224' title='bbox 929 2477 1207 2534; x_wconf 85' lang='lat' dir='ltr'>motushis</span> <span class='ocrx_word' id='word_1_225' title='bbox 1238 2476 1620 2535; x_wconf 81' lang='lat' dir='ltr'>Belisariusin-</span> 
     </span>
     <span class='ocr_line' id='line_1_31' title="bbox 10 2548 1632 2634; baseline 0.008 -31"><span class='ocrx_word' id='word_1_226' title='bbox 10 2548 225 2605; x_wconf 87' lang='lat' dir='ltr'>terdum</span> <span class='ocrx_word' id='word_1_227' title='bbox 258 2550 364 2628; x_wconf 84' lang='lat' dir='ltr'>ipse</span> <span class='ocrx_word' id='word_1_228' title='bbox 384 2594 397 2616; x_wconf 93' lang='lat'>,</span> <span class='ocrx_word' id='word_1_229' title='bbox 420 2553 691 2611; x_wconf 88' lang='lat' dir='ltr'>interdum</span> <span class='ocrx_word' id='word_1_230' title='bbox 713 2577 805 2634; x_wconf 85' lang='lat' dir='ltr'>per</span> <span class='ocrx_word' id='word_1_231' title='bbox 823 2561 951 2614; x_wconf 84' lang='lat' dir='ltr'>alios</span> <span class='ocrx_word' id='word_1_232' title='bbox 973 2562 1156 2616; x_wconf 86' lang='lat' dir='ltr'>multis</span> <span class='ocrx_word' id='word_1_233' title='bbox 1175 2561 1351 2618; x_wconf 86' lang='lat' dir='ltr'>verbis</span> <span class='ocrx_word' id='word_1_234' title='bbox 1382 2558 1632 2618; x_wconf 67' lang='lat' dir='ltr'>incusare</span> 
     </span>
     <span class='ocr_line' id='line_1_32' title="bbox 14 2628 1620 2721; baseline 0.008 -36"><span class='ocrx_word' id='word_1_235' title='bbox 14 2628 438 2691; x_wconf 86' lang='lat' dir='ltr'>Constantinum</span> <span class='ocrx_word' id='word_1_236' title='bbox 459 2673 474 2701; x_wconf 85' lang='lat'>‚</span> <span class='ocrx_word' id='word_1_237' title='bbox 494 2637 792 2716; x_wconf 61' lang='lat' dir='ltr'>auctorque</span> <span class='ocrx_word' id='word_1_238' title='bbox 805 2637 902 2696; x_wconf 81' lang='lat' dir='ltr'>effe</span> <span class='ocrx_word' id='word_1_239' title='bbox 925 2660 982 2699; x_wconf 90' lang='lat' dir='ltr'>ut</span> <span class='ocrx_word' id='word_1_240' title='bbox 1001 2641 1049 2699; x_wconf 72' lang='lat' dir='ltr'>se</span> <span class='ocrx_word' id='word_1_241' title='bbox 1067 2639 1264 2721; x_wconf 68' lang='lat' dir='ltr'>aculpa</span> <span class='ocrx_word' id='word_1_242' title='bbox 1279 2663 1336 2700; x_wconf 87' lang='lat' dir='ltr'>ac</span> <span class='ocrx_word' id='word_1_243' title='bbox 1354 2643 1620 2701; x_wconf 87' lang='lat' dir='ltr'>dedecore</span> 
     </span>
     <span class='ocr_line' id='line_1_33' title="bbox 0 2708 1619 2796; baseline 0.012 -33"><span class='ocrx_word' id='word_1_244' title='bbox 0 2708 273 2770; x_wconf 81' lang='lat' dir='ltr'>liberaret.</span> <span class='ocrx_word' id='word_1_245' title='bbox 316 2720 394 2773; x_wconf 90' lang='lat' dir='ltr'>At</span> <span class='ocrx_word' id='word_1_246' title='bbox 427 2718 822 2776; x_wconf 85' lang='lat' dir='ltr'>Constantinus</span> <span class='ocrx_word' id='word_1_247' title='bbox 860 2719 1008 2789; x_wconf 83' lang='lat' dir='ltr'>(fato</span> <span class='ocrx_word' id='word_1_248' title='bbox 1044 2728 1189 2782; x_wconf 89' lang='lat' dir='ltr'>enim</span> <span class='ocrx_word' id='word_1_249' title='bbox 1207 2730 1254 2782; x_wconf 90' lang='lat' dir='ltr'>ei</span> <span class='ocrx_word' id='word_1_250' title='bbox 1290 2727 1493 2796; x_wconf 85' lang='lat' dir='ltr'>malum</span> <span class='ocrx_word' id='word_1_251' title='bbox 1509 2728 1619 2782; x_wconf 88' lang='lat' dir='ltr'>im-</span> 
     </span>
     <span class='ocr_line' id='line_1_34' title="bbox 0 2792 1630 2887; baseline 0.009 -39"><span class='ocrx_word' id='word_1_252' title='bbox 0 2792 280 2867; x_wconf 73' lang='lat' dir='ltr'>lminebat)</span> <span class='ocrx_word' id='word_1_253' title='bbox 302 2803 510 2855; x_wconf 88' lang='lat' dir='ltr'>monita</span> <span class='ocrx_word' id='word_1_254' title='bbox 527 2802 815 2879; x_wconf 83' lang='lat' dir='ltr'>repellebat</span> <span class='ocrx_word' id='word_1_255' title='bbox 832 2804 1159 2864; x_wconf 79' lang='lat' dir='ltr'>rixabundus</span> <span class='ocrx_word' id='word_1_256' title='bbox 1177 2849 1189 2873; x_wconf 91' lang='lat'>‚</span> <span class='ocrx_word' id='word_1_257' title='bbox 1215 2810 1358 2865; x_wconf 85' lang='lat' dir='ltr'>ultro</span> <span class='ocrx_word' id='word_1_258' title='bbox 1387 2821 1630 2887; x_wconf 83' lang='lat' dir='ltr'>quoque</span> 
     </span>
     <span class='ocr_line' id='line_1_35' title="bbox 13 2876 1618 2963; baseline 0.009 -33"><span class='ocrx_word' id='word_1_259' title='bbox 13 2894 177 2953; x_wconf 85' lang='lat' dir='ltr'>quem</span> <span class='ocrx_word' id='word_1_260' title='bbox 197 2876 397 2938; x_wconf 86' lang='lat' dir='ltr'>damno</span> <span class='ocrx_word' id='word_1_261' title='bbox 415 2879 658 2940; x_wconf 86' lang='lat' dir='ltr'>affecerat</span> <span class='ocrx_word' id='word_1_262' title='bbox 675 2905 767 2963; x_wconf 85' lang='lat' dir='ltr'>per</span> <span class='ocrx_word' id='word_1_263' title='bbox 781 2885 1078 2951; x_wconf 81' lang='lat' dir='ltr'>ludibrium</span> <span class='ocrx_word' id='word_1_264' title='bbox 1099 2888 1395 2947; x_wconf 83' lang='lat' dir='ltr'>insultabat.</span> <span class='ocrx_word' id='word_1_265' title='bbox 1416 2893 1618 2946; x_wconf 87' lang='lat' dir='ltr'>Evenit</span> 
     </span>
     <span class='ocr_line' id='line_1_36' title="bbox 14 2955 1629 3046; baseline 0.009 -32"><span class='ocrx_word' id='word_1_266' title='bbox 14 2972 76 3016; x_wconf 84' lang='lat' dir='ltr'>ut</span> <span class='ocrx_word' id='word_1_267' title='bbox 91 2978 186 3039; x_wconf 83' lang='lat' dir='ltr'>per</span> <span class='ocrx_word' id='word_1_268' title='bbox 206 2955 389 3023; x_wconf 87' lang='lat' dir='ltr'>forum</span> <span class='ocrx_word' id='word_1_269' title='bbox 414 2968 679 3045; x_wconf 85' lang='lat' dir='ltr'>equitanti</span> <span class='ocrx_word' id='word_1_270' title='bbox 712 2966 963 3046; x_wconf 79' lang='lat' dir='ltr'>Belisario</span> <span class='ocrx_word' id='word_1_271' title='bbox 991 2966 1215 3030; x_wconf 83' lang='lat' dir='ltr'>obviam</span> <span class='ocrx_word' id='word_1_272' title='bbox 1242 2969 1415 3030; x_wconf 63' lang='lat' dir='ltr'>faustus</span> <span class='ocrx_word' id='word_1_273' title='bbox 1434 2968 1629 3029; x_wconf 56' lang='grc' dir='ltr'>Ριεεῐῐ-ὲ</span> 
     </span>
    </p>
   </div>
   <div class='ocr_carea' id='block_1_3' title="bbox 983 3051 1632 3138">
    <p class='ocr_par' dir='ltr' id='par_1_3' title="bbox 983 3051 1632 3138">
     <span class='ocr_line' id='line_1_37' title="bbox 983 3051 1632 3138; baseline 0 -27"><span class='ocrx_word' id='word_1_274' title='bbox 983 3055 1061 3138; x_wconf 63' lang='grc' dir='ltr'>(ζ</span> <span class='ocrx_word' id='word_1_275' title='bbox 1086 3074 1116 3112; x_wconf 80' lang='lat'>2</span> <span class='ocrx_word' id='word_1_276' title='bbox 1487 3051 1632 3128; x_wconf 77' lang='lat' dir='ltr'>dius,</span> 
     </span>
    </p>
   </div>
  </div>
 </body>
</html>
