1888 3428
824 112 844 133 k

214 166 299 244 δεῖ.
378 166 526 221 Przo
545 166 694 219 coia
737 160 1010 220 cmm.
1055 158 1251 225 Hrs’r.
1299 158 1537 217 VAND.
1569 156 1768 219 Liar.
1859 219 1861 223 ,

233 252 293 306 in
310 267 428 304 eam
447 242 646 302 Africae
673 261 878 322 partem
899 244 1148 321 appulere
1179 259 1300 320 quae
1319 241 1589 298 Numidas
1607 239 1636 298 ὲ
1654 243 1863 303 Mauris

232 327 490 407 dispescit.
510 326 641 384 Inde
658 325 883 405 pedestri
909 328 1101 382 itinere
1120 343 1316 381 venere
1334 322 1401 380 ad
1418 325 1566 381 Bulae
1584 343 1861 403 campum,

234 410 332 469 ubi
362 409 544 469 sociati
564 406 686 467 sunt
715 429 841 465 cum
881 409 1051 464 altero
1088 407 1342 464 exercitu.
1390 404 1472 462 Ibi
1491 408 1658 463 multa
1675 406 1864 482 tristia,-

233 515 355 574 quae
375 492 555 551 verbis
585 489 802 570 exsequi
831 510 1117 568 nequeam.
1159 488 1308 544 Nam
1345 491 1400 545 δε
1422 486 1458 544 si
1477 490 1600 566 quis
1620 486 1864 549 adfuiffet

233 575 475 635 hostium
494 616 510 643 ‚
541 574 706 631 credo
739 570 1115 630 miseraturum
1146 568 1296 628 fuifl'e
1315 574 1371 627 δε
1387 590 1470 626 res
1483 572 1872 635 Vandalorum'

236 664 294 716 δε
315 655 869 717 rerum-humanarum
892 657 1055 712 vices.
1095 657 1343 711 Primum
1363 650 1614 710 Gelimer
1631 659 1686 711 <Sc
1711 656 1883 712 Tzaae

238 764 307 799 zo
341 744 471 799 alter
507 739 736 818 amplexi
770 741 995 796 alterum
1027 735 1196 793 dividi
1233 734 1534 815 nequibant
1557 775 1574 799 ,
1607 734 1742 794 nihil
1778 739 1864 795 lo-

237 841 470 903 quentes
489 825 631 879 inter
649 818 722 889 se,
740 818 830 879 sed
847 840 1044 878 manus
1061 817 1382 898 stringentes
1397 838 1510 875 non
1529 815 1638 874 fine
1655 817 1886 898 lachry-³

238 910 363 964 mis,
403 903 781 964 Vandalorum
813 905 947 960 item
979 904 1217 979 quicum
1238 902 1516 959 Geli‘mere
1531 918 1682 958 erant
1701 943 1718 969 ‚
1755 900 1885 959 {in--

237 989 356 1069 guli
372 985 399 1044 a
418 987 655 1044 Sardinia
673 987 950 1043 venientes
983 983 1224 1062 singulos
1257 982 1595 1063 excipiebant
1616 986 1864 1063 comple-

236 1070 596 1149 xibuS,idque
614 1068 800 1146 saepius
818 1066 1158 1147 repetebant,
1174 1070 1319 1124 &ita
1338 1069 1483 1124 velut
1500 1067 1882 1145 conglutinati*

235 1152 427 1211 misera
459 1153 740 1229 voluptate
777 1147 1214 1229 perfruebantur.
1262 1149 1385 1205 Nec
1415 1151 1510 1229 qui
1545 1169 1671 1205 cum
1704 1149 1866 1207 Geli-

235 1256 384 1293 mere
401 1251 551 1292 erant
567 1234 634 1290 de
650 1231 818 1288 Goda
834 1272 850 1297 ‚
885 1237 908 1303 (
926 1229 1372 1310 quandoquidem
1391 1252 1488 1287 eos
1506 1229 1728 1308 praesens
1746 1227 1871 1288 for-*

237 1336 371 1374 tuna
388 1320 461 1372 ita
480 1314 908 1371 consternaverat
927 1352 944 1380 ‚
978 1331 1037 1369 ut
1051 1333 1169 1391 quae
1188 1312 1325 1369 olim
1345 1312 1493 1370 cordi
1512 1308 1727 1369 fuerant
1747 1334 1866 1371 ma-

234 1402 406 1463 xime,
427 1418 574 1454 nunc
593 1394 853 1454 viliffimis
876 1398 1019 1475 paria
1036 1392 1410 1473 haberentur)
1442 1401 1541 1451 nec
1567 1393 1595 1451 a
1625 1396 1864 1466 Sardinia

237 1482 448 1539 advecti
472 1479 539 1538 de
557 1479 640 1536 his
658 1500 776 1558 quae
794 1482 849 1535 in
864 1474 1050 1535 Africa
1069 1477 1369 1536 acciderant
1384 1519 1402 1546 ,
1423 1478 1757 1555 percunfiari
1777 1482 1864 1537 alii

236 1566 371 1622 alios
389 1566 683 1641 quicquam
702 1564 758 1617 in
773 1564 1017 1618 animum
1038 1560 1385 1633 inducebant.
1428 1562 1564 1616 Satis
1583 1558 1689 1638 ipse
1707 1561 1862 1619 locus

234 1643 396 1703 dabat
429 1664 549 1723 quae
585 1659 874 1700 evenerant
903 1643 1204 1720 conjecocare
1220 1685 1232 1698 .
1290 1642 1379 1698 Ne
1415 1640 1568 1719 super
1599 1643 1861 1702 uxoribus

235 1727 461 1807 quidem
496 1743 588 1782 aut
621 1723 799 1781 liberis
832 1726 1144 1802 quaerebant
1175 1764 1194 1792 ,
1225 1719 1510 1781 manifesto
1547 1726 1750 1802 quippe
1770 1766 1787 1792 ‚
1819 1723 1865 1783 fi>

237 1811 363 1888 quis
395 1807 473 1865 ibi
505 1805 727 1865 suorum
762 1827 879 1863 non
913 1817 1187 1885 appareret
1217 1850 1232 1872 ‚
1265 1827 1390 1864 eum
1423 1823 1516 1863 aut
1547 1803 1857 1863 occubuisse

238 1908 333 1948 aut
350 1894 406 1949 in
424 1887 663 1950 hostium
677 1885 870 1952 veniffe
888 1887 1234 1970 potestatem.
1288 1890 1362 1948 Et
1377 1886 1486 1949 haec
1505 1887 1731 1969 quidem
1759 1887 1857 1949 ha*

240 1974 452 2034 ἑὶεηυε.
1220 1972 1233 1974 ’

1658 2801 1854 2871 PR0÷
