1888 3428
247 176 369 237 414
569 160 954 215 Pssoeopu
995 151 1544 213 CAESA‘REEN‘SIS

245 245 319 300 ris
335 238 477 296 finus
495 237 558 296 ad
577 242 873 318 quingenta
892 244 946 294 δε
965 239 1359 315 quinquaginta
1376 236 1536 294 stadia
1552 237 1851 297 maximum

245 338 414 402 patet.
428 326 582 379 Pone
601 320 858 400 quicquid
870 324 1013 394 jacet
1031 321 1219 376 Lazica
1235 316 1310 375 est
1338 325 1392 375 &
1413 315 1656 376 vocatur.
1681 319 1806 378 inde
1822 321 1852 378 εἴ

247 406 385 462 mari
402 405 619 484 longius
640 406 845 481 Scymia
877 407 931 458 δε
951 403 1187 468 Suarrizz,
1220 416 1450 480 quarum
1481 402 1670 479 populi
1696 404 1852 459 Lazis

245 505 428 566 parent
444 484 535 541 {fic
553 504 613 542 ut
629 484 750 542 suos
769 483 998 540 habeant
1017 486 1304 562 principia,
1322 502 1558 561 quorum
1576 484 1757 560 aliquo
1775 487 1852 540 via

245 586 300 626 ta
317 566 577 624 defuncto
594 570 754 624 alium
774 587 873 644 pro
889 588 954 623 eo
975 564 1297 622 constituere
1311 568 1584 622 Lazorum
1602 585 1691 621 rex
1705 584 1855 623 vete-

247 653 465 708 timore
499 648 729 706 obtinetss
768 648 878 706 ‘Ad
907 649 1043 705 latus
1070 646 1229 723 hujus
1249 666 1396 704 terrae
1413 645 1644 704 Iberiam
1675 645 1852 705 versus

250 731 466 791 Moschi
497 729 546 788 se
568 748 785 798 tenent,
829 730 994 788 Iberis
1021 736 1131 805 jam
1166 733 1299 787 olim
1332 747 1595 806 parentes·
1631 747 1852 787 montes

246 815 493 872 habitant
522 834 637 870 non
656 813 821 871 duros
852 811 1141 879 sterilesve,
1180 810 1267 870 sed
1296 811 1458 868 bonis
1486 811 1746 868 omnibus
1764 833 1849 868 re-

247 895 420 954 fertos
439 928 457 960 ·,
492 894 586 973 ipsi
621 897 864 974 agricola:
899 892 1168 960 sollerteS‚
1201 895 1266 951 ad
1297 897 1475 950 vineta
1494 897 1708 972 optimi.
1745 897 1852 950 im-

251 978 488 1058 pendent
519 977 645 1032 huic
674 979 884 1055 regioni
903 993 1119 1033 montes
1149 976 1334 1038 ardui,
1367 974 1639 1032 nemorosi
1659 1017 1675 1042 ‚
1720 979 1851 1034 invii

248 1063 343 1139 qui
363 1060 425 1116 ad
446 1059 695 1115 Caucasia
715 1057 878 1136 usque
894 1079 911 1133 J
922 1079 1023 1137 uga
1034 1061 1325 1135 pertinent.
1368 1061 1547 1114 Trans
1563 1056 1851 1136 subterque

251 1163 347 1199 eos
375 1141 438 1198 ad
474 1140 761 1197 Orientem
787 1139 952 1196 solem
976 1139 1149 1195 Iberia
1167 1139 1241 1196 est
1261 1181 1277 1206 ‚
1310 1161 1426 1218 quae
1461 1139 1526 1198 ad
1550 1138 1850 1196 Persarme'·

248 1227 371 1281 nios
392 1220 554 1299 usque
579 1223 832 1278 excurrit.
874 1226 971 1278 Per
987 1242 1082 1277 eos
1098 1224 1194 1299 qui
1211 1221 1307 1276 hac
1323 1221 1372 1277 se
1401 1224 1617 1300 erigunt
1633 1239 1851 1279 montes

248 1302 427 1364 Phafis
445 1300 688 1360 funditur
706 1347 719 1368 ‚
757 1321 944 1360 ortum
964 1324 1027 1359 ex
1048 1302 1288 1361 Caucaso
1306 1301 1509 1359 habens
1526 1342 1544 1368 ‚
1574 1303 1850 1382 idemque,

248 1388 518 1453 lunatum,
540 1385 691 1464 quod
705 1385 813 1442 dixi
842 1428 858 1449 ,
892 1386 1041 1443 littus
1061 1405 1230 1464 prope
1251 1385 1492 1443 medium
1513 1382 1722 1442 findens
1742 1425 1759 1451 ‚
1791 1387 1851 1443 in
1875 1441 1888 1455 <

248 1474 495 1526 Pontum
528 1466 576 1524 se
596 1468 786 1544 ejeRat
804 1512 818 1532 ,
851 1467 1000 1524 orbis
1020 1486 1277 1524 terrarum
1300 1486 1472 1545 partes
1490 1466 1566 1524 ibi
1584 1465 1851 1524 distermi-

246 1573 375 1608 nare
395 1551 580 1608 multis
611 1549 879 1616 credituS‚
913 1552 1005 1627 qui
1039 1553 1165 1608 laeva
1191 1547 1433 1607 fluminis
1464 1547 1602 1607 Afiae
1624 1589 1638 1610 ‚
1667 1549 1853 1608 dextra
1886 1617 1888 1619 ,

249 1635 481 1709 Europae
517 1632 787 1688 tribuunt.
835 1636 892 1687 in
920 1634 1140 1712 Europa
1161 1668 1177 1698 -‚
1210 1651 1269 1688 ut
1287 1632 1421 1689 hanc
1439 1628 1851 1710 affignationem

245 1715 567 1795 sequamur,
604 1718 784 1770 omnis
804 1711 877 1769 est
908 1718 1176 1771 Lazorum
1195 1713 1473 1771 habitatio.
1515 1718 1671 1769 Parte
1694 1716 1853 1771 altera

249 1818 367 1855 non
402 1796 669 1876 oppidum
705 1795 870 1871 ullum
893 1833 909 1861 ‚
938 1816 1053 1851 non
1087 1799 1487 1852 munimentum
1509 1835 1526 1862 ,
1566 1815 1632 1852 ne
1667 1798 1881 1870 vicum(

249 1878 472 1959 quidem
491 1876 634 1934 nosci
652 1876 878 1955 dignum
896 1880 1021 1933 Lazi
1054 1877 1252 1934 habent
1272 1916 1288 1941 ‚
1323 1875 1418 1934 nisi
1437 1876 1588 1956 quod
1613 1880 1849 1945 Petram,

250 1982 415 2040 quam
448 1960 591 2026 dixi,
637 1961 997 2034 Romanijam
1019 1962 1148 2016 olim
1184 1959 1519 2016 ibistruxere.
1563 1964 1622 2015 In
1638 1958 1734 2015 hac
1756 1980 1850 2016 ve-

251 2064 315 2099 ro
352 2058 499 2120 parte
532 2047 682 2117 ajunt
712 2041 974 2119 indigenae
1007 2044 1195 2120 pellem
1222 2038 1371 2097 fuisse
1403 2056 1615 2099 auream
1638 2080 1652 2101 ,
1697 2047 1861 2116 cujus?

250 2125 502 2203 cupidine
536 2120 786 2200 aedificata
815 2127 972 2202 Argo
1008 2129 1183 2198 poetis
1216 2127 1435 2180 canitur.
1481 2127 1659 2203 quain
1686 2126 1749 2179 ¹re
1769 2125 1851 2179 vi-

249 2207 449 2264 dentur
465 2203 594 2261 mihi
612 2207 736 2264 Lazi
752 2206 780 2261 a
811 2225 938 2263 vero
956 2204 1234 2263 discedere.
1276 2200 1474 2284 Neque
1494 2208 1658 2271 enim,
1677 2225 1850 2282 quan-

251 2305 371 2345 tum
389 2292 494 2366 ego
516 2284 758 2365 assequor
775 2328 790 2353 ,
828 2287 1077 2363 potuiffet
1098 2292 1228 2346 clam
1265 2291 1472 2344 AEetam
1492 2306 1615 2345 cum
1651 2286 1849 2343 Medea

251 2392 313 2427 ac
330 2372 519 2427 vellere
536 2367 685 2425 Iason
717 2367 766 2425 se
803 2366 1090 2426 subducere
1111 2411 1125 2432 ‚
1155 2369 1249 2426 nist
1282 2376 1336 2427 ὃς
1369 2372 1569 2447 regiam
1607 2375 1775 2426 AEetae
1794 2376 1849 2427 &

254 2451 595 2509 Colchorum
611 2454 740 2507 lares
763 2450 935 2508 Phasis
947 2449 1218 2510 seclusiffet
1236 2493 1251 2518 ‚
1283 2468 1448 2530 quem
1470 2452 1696 2530 proinde
1716 2453 1849 2507 ultra

250 2533 453 2592 neceffe
473 2531 547 2590 est
565 2529 715 2589 fuisse
736 2533 903 2590 vellus
920 2534 1045 2591 illud
1066 2575 1080 2596 ,
1116 2535 1265 2614 quod
1284 2539 1337 2590 ὃς
1353 2539 1523 2613 po'e‘tae
1541 2532 1660 2591 satis
1683 2531 1849 2611 figni-

247 2614 414 2673 ficant
438 2656 461 2689 ³⁷
508 2634 746 2693 quorum
781 2615 1103 2673 carminibus
1137 2637 1216 2674 res
1249 2614 1352 2673 istae
1397 2615 1673 2674 celebratae
1705 2614 1845 2671 sunt.

248 2699 371 2755 Hac
401 2701 566 2776 igitur
599 2718 704 2773 qua
735 2697 841 2754 dixi
878 2697 1085 2755 cursum
1118 2719 1280 2779 agens
1309 2696 1484 2755 Phasis
1514 2701 1570 2755 in
1599 2699 1846 2754 Pontum

247 2782 525 2838 Euxinum
546 2819 561 2841 ‚
597 2777 766 2836 ferme
786 2779 878 2836 ubi
902 2782 945 2836 is
966 2780 1151 2839 definit
1171 2813 1185 2842 ,-
1214 2779 1463 2837 illabitur.
1495 2776 1557 2837 In
1574 2780 1764 2837 lunato
1779 2777 1848 2835 fi-

249 2883 328 2920 nu
356 2864 572 2919 initium
606 2859 742 2919 Afiae
766 2902 783 2928 ‚
808 2866 961 2936 juxta
987 2877 1337 2921 memoratam
1357 2880 1478 2921 ante
1504 2860 1849 2921 distri-butio-

250 2964 414 3018 nem,
443 2941 564 3004 facit
583 2950 734 3005 Petra
749 2944 1027 3025 oppiduma
1072 2949 1130 3005 in
1159 2942 1407 3025 opposita
1425 2947 1538 3025 ripa
1554 2942 1704 3027 ‚quae
1731 2942 1848 2997 Eu'·

1294 3052 1301 3061 ·
1708 3039 1853 3106 109³}
