1888 3428
262 196 375 264 164
486 236 491 237 ff
574 188 958 243 Paocopu
1022 169 1564 235 CAEsAR‘EENsm

256 291 385 336 (οε,
427 267 502 325 ibi
521 270 773 337 inyenere
793 283 984 321 eorum
1013 253 1593 336 qui'bus'Gotthorum
1623 243 1858 306 fecerant

255 372 462 409 nomen
484 392 498 411 ‚
528 349 747 407 duobus
777 348 1007 410 demtis,
1051 357 1301 397 mortuos
1337 354 1528 393 omnes
1561 355 1575 389 z
1621 326 1861 393 viventes

255 439 426 513 prope
440 453 634 489 omnes
654 451 795 507 quos
813 425 1156 503 Imperatoris
1180 421 1379 475 milites
1398 430 1735 473 vocaverant.
1783 413 1884 485 At·

257 515 455 594 quibus
476 556 492 583 ,
521 515 904 570 Romanorum
925 504 1251 564 vocabulum
1277 541 1295 568 ,
1323 502 1386 556 iis
1404 496 1664 555 omnibus
1687 490 1866 551 defin-ff

252 616 442 655 xerant
464 598 576 675 pili,
596 600 649 650 in
665 590 771 651 vita
791 609 973 648 autem
995 582 1253 644 manserat
1274 601 1466 638 eorum
1487 599 1603 658 pars
1623 572 1859 633 dimidia.

255 680 390 738 Haec
422 677 747 756 Conspi-canti
774 671 1073 730 Theudato
1109 685 1267 744 atque
1297 662 1421 720 inde
1451 661 1577 717 belli
1605 674 1863 715 eventum

257 764 540 840 auguranti
563 799 577 824 ,
596 777 846 837 magnam
872 759 1017 828 ajunt
1037 748 1291 806 obortam
1311 742 1661 801 formidinem
1682 779 1697 799 ,
1717 738 1867 798 velut

259 861 408 901 certo
424 843 807 898 Romanorum
829 855 1033 915 partem
1054 828 1605 907 alteramperituram,
1623 823 1864 899 inopiam

218 951 227 954 s
259 925 324 982 ad
360 945 553 981 omnes
586 937 962 1001 perventuram
999 938 1012 970 t
1057 911 1404 969 Gotthorum
1438 909 1615 986 gentis
1646 902 1866 961 devi&ae

254 1003 628 1085 superfuturos
646 1023 847 1081 paucos
866 997 1179 1057 admodum.
1225 998 1617 1070 Imperatorem
1631 987 1731 1042 l'evi
1750 981 1869 1041 suo-

258 1106 379 1145 rum
412 1087 612 1145 damno
648 1086 911 1142 victorem
946 1078 1080 1136 fore.
1126 1079 1273 1133 Hinc
1322 1071 1524 1130 faftum
1563 1075 1711 1145 ajunt
1744 1105 1762 1134 ‚
1810 1081 1883 1122 ut'

255 1169 554 1226 Theudato
581 1169 788 1223 nullum
823 1163 1057 1219 studium
1077 1157 1237 1215 fuerit
1272 1155 1320 1212 se
1353 1153 1417 1209 ad
1442 1171 1711 1208 certamen
1743 1168 1868 1203 cum

256 1249 509 1309 Belisario
532 1246 761 1328 parandi.
784 1245 868 1301 sed
895 1244 957 1299 de
977 1241 1147 1307 his‚ut
1165 1241 1246 1294 cui
1268 1239 1385 1315 plus
1404 1232 1643 1289 minusve
1663 1229 1736 1285 est
1756 1249 1872 1285 cre-

260 1334 496 1391 dulitatis
515 1370 531 1397 ‚
574 1333 646 1386 ita
673 1330 928 1406 loquatur
949 1344 1039 1401 per
1057 1342 1143 1378 me
1177 1321 1314 1375 licet.
1350 1320 1427 1377 At
1447 1313 1724 1372 Belisarius
1744 1331 1880 1367 cumr

261 1432 399 1471 terra
438 1415 678 1490 marique
717 1402 1142 1466 circumdedisset
1174 1401 1571 1479 Neapolitanos
1604 1436 1620 1462 ‚
1680 1412 1873 1472 anceps

263 1494 469 1553 consilii
489 1492 586 1552 effe
607 1497 786 1569 coepit.
833 1493 975 1549 Nam
1006 1507 1180 1566 neque
1202 1483 1265 1541 ad
1286 1483 1437 1562 pacta
1456 1496 1712 1537 venturos
1731 1478 1881 1532 ultro

263 1576 542 1636 credebat:
575 1596 673 1631 nec
692 1571 834 1651 spem
856 1571 1088 1629 habebat
1105 1564 1379 1645 capiendi,
1396 1584 1504 1620 tam
1526 1556 1738 1617 adverso
1756 1556 1872 1634 sibi,

262 1678 324 1717 ut
342 1659 602 1720 diximus,
644 1658 746 1711 loci
766 1653 884 1711 situ.
928 1654 1127 1708 Dolori
1159 1666 1267 1704 erat
1297 1653 1348 1704 ὃ(
1368 1645 1645 1721 temporis
1660 1639 1873 1718 dispen-

262 1743 413 1799 dium
435 1781 450 1806 ‚
484 1740 748 1794 metuenti
777 1776 791 1800 ,
842 1755 908 1790 ne
942 1732 1187 1811 hyberno
1223 1747 1472 1806 tempore
1503 1723 1597 1781 fibi
1629 1718 1873 1779 adversus

263 1820 618 1880 Theudatum
658 1821 1010 1893 Romamque
1059 1810 1249 1870 urbem
1285 1808 1524 1865 eundum
1563 1803 1701 1862 esset.
1762 1809 1879 1865 Iam.

264 1906 520 1962 exercitui
559 1901 816 1979 colligere
850 1898 961 1954 vasa
998 1909 1347 1975 praeceperat,
1387 1887 1743 1946 constitutum
1778 1884 1875 1942 ha-

265 1987 401 2043 bens
434 1984 557 2041 inde
608 1984 1008 2060 quamprimum
1049 1974 1329 2034 discedere.
1377 1972 1612 2028 multum
1645 1965 1872 2024 sollicito

263 2066 486 2125 fortuna
516 2062 839 2141 insperatum
861 2063 1065 2118 invenit
1080 2060 1301 2115 exitum.
1345 2054 1580 2111 Isaurum
1601 2050 1874 2130 quendam

265 2149 463 2229 cupido
484 2144 688 2203 inceffit
708 2140 1126 2221 introspefflndi
1146 2138 1336 2195 canalis
1356 2156 1497 2214 opus
1514 2175 1528 2195 ‚
1549 2140 1601 2190 &
1622 2153 1732 2210 quo
1757 2151 1874 2188 mo-

265 2232 338 2289 do
360 2230 483 2287 inde
520 2231 731 2306 aquain
752 2226 941 2282 urbem
976 2222 1139 2279 fluere
1176 2218 1380 2276 soleret.
1431 2211 1874 2297 Iiigreffuslonge

263 2313 331 2371 ab
353 2309 596 2390 oppido,
617 2308 708 2365 ubi
730 2329 854 2364 eum
876 2308 1108 2363 diruerat
1127 2299 1404 2359 Belisarius
1422 2341 1437 2366 ‚
1475 2299 1621 2354 nullo
1644 2297 1875 2376 negotio

261 2393 444 2451 subter
464 2389 731 2469 processit,
753 2411 877 2446 cum
895 2409 1031 2466 aqua
1051 2408 1113 2443 ex
1133 2405 1246 2463 quo
1265 2400 1455 2461 ruptus
1476 2380 1562 2436 ille
1581 2375 1754 2435 fuerat
1779 2376 1876 2433 de—

261 2476 466 2534 ficeret.
491 2473 581 2530 ubi
604 2493 770 2551 prope
791 2474 991 2527 moenia
1009 2462 1241 2525 succeffit
1258 2505 1274 2531 ‚
1307 2483 1496 2541 rupem
1516 2462 1743 2524 invenit,
1761 2476 1875 2513 non

264 2557 553 2615 hominum
589 2575 750 2610 manu
781 2552 866 2609 sed
886 2552 950 2608 ab
986 2551 1091 2628 ipsa
1112 2566 1300 2605 natura
1318 2543 1390 2601 ibi
1432 2545 1681 2600 locatam.
1725 2541 1888 2598 Huic

264 2644 382 2718 rupi
403 2639 589 2694 canaiis
610 2657 777 2713 opm,
799 2638 891 2712 qui
912 2654 1036 2690 eum
1058 2628 1443 2690 aedificaverant
1461 2626 1653 2703 primi,
1695 2620 1876 2679 conti-

265 2736 559 2780 nuaverant
581 2758 596 2785 ‚
623 2737 782 2794 atque
803 2737 894 2794 per
912 2736 1028 2771 eam
1049 2709 1358 2770 cuniculum
1377 2708 1640 2766 duxerant
1659 2746 1675 2772 ‚
1697 2706 1790 2782 qui
1808 2699 1874 2760 ad

262 2803 502 2861 hominis
518 2798 738 2878 quidem
762 2796 1173 2854 tranfitumnon
1205 2791 1323 2848 satis
1343 2807 1544 2869 pateret
1562 2829 1579 2856 ‚
1618 2784 1702 2844 sed
1722 2784 1786 2843 ad
1822 2805 1875 2842 a-

260 2906 428 2965 quam
463 2880 816 2938 emittendam
854 2877 977 2936 effer
1012 2879 1260 2936 idoneus·
1321 2875 1392 2929 ita
1423 2867 1628 2929 factum
1666 2884 1726 2925 ut
1759 2881 1874 2923 non

258 2967 407 3029 idem
428 2963 629 3044 ubique
660 2963 852 3021 canalis
886 2958 1013 3029 effer.
1039 2956 1337 3020 latitudinis
1357 2995 1376 3025 2
1400 2953 1487 3020 sed
1514 2957 1571 3017 in
1604 2949 1710 3033 ipsa
1738 2967 1873 3023 rupe

1689 3048 1872 3109 angl-13
