1888 3428
8 237 39 259 Α,
226 173 637 242 H1s‘roRrAE
678 178 1164 237 VANDALICAE
1200 178 1426 241 L1s.1.'
1574 183 1658 265 ’ᾗ

48 268 232 328 ablato
251 265 402 323 brevi
420 263 711 323 concidant
727 278 933 320 caetera.
973 257 1110 318 Haec
1127 279 1234 320 vos
1252 263 1552 343 expendere
1569 287 1662 330 ve-

44 355 141 411 lim
157 392 173 418 ‚
208 350 531 407 commilites
546 390 562 416 ,
595 352 651 404 &
682 342 835 426 quod
850 342 1128 422 optimum
1145 340 1294 403 faGtu
1312 344 1388 404 est
1405 347 1662 430 deligere.

18 426 23 440 ⁸
46 437 220 492 Finita
243 430 493 490 Archelai
509 431 758 489 oratione
775 427 984 504 excepit
1000 422 1279 485 Belisarius
1304 453 1319 487 z
1365 430 1554 489 Nemo
1573 456 1664 493 me

46 532 201 596 putet
218 556 236 584 ‚
269 515 493 596 collegae
514 556 532 583 ,
564 507 840 571 censorem
862 509 1096 569 aliorum
1115 508 1271 568 dictis
1290 509 1458 572 adeffe
1475 553 1494 580 ‚
1532 519 1588 573 δε
1606 518 1663 575 in

42 598 99 656 id
117 597 453 679 postremum
478 597 794 667 sententiam
815 591 993 651 dicere
1011 633 1029 661 ,
1073 609 1136 652 ut
1153 595 1415 675 quicquid
1435 595 1664 658 dixerim

43 679 264 760 parendi
282 672 440 739 vobis
457 684 737 757 injungam
759 672 1146 735 neceffitatem.
1195 677 1299 736 Sed
1318 678 1512 737 auditis
1541 702 1664 758 quae

43 759 140 820 vos
158 760 306 820 fastu
340 762 487 820 utilia
509 758 777 836 judicastis
797 773 824 829 ,'
861 763 1049 817 meum
1079 779 1306 840 quoque
1325 764 1428 819 erit
1459 782 1580 844 quae
1601 768 1662 823 in

43 862 285 903 mentem
306 847 532 904 veniunt
548 841 753 900 adferre
772 884 789 910 ,
835 861 896 901 ut
916 863 984 901 ex
1003 842 1266 901 omnibus
1296 843 1490 904 deinde
1509 846 1662 926 quod

15 980 18 982 ,
43 931 141 985 erit
167 930 440 1004 optimum
483 929 852 984 communiter
882 925 1169 1005 deligatur.
1223 926 1360 986 Illud
1393 932 1664 1009 imprimis

42 1007 467 1068 obliviscendum
494 1030 612 1067 non
631 1008 707 1067 est
726 1049 741 1071 ,
785 1030 950 1087 quam
969 1026 1150 1087 aperte
1169 1009 1367 1068 milites
1381 1014 1543 1070 maris
1563 1032 1662 1090 pe-

40 1093 201 1150 ricula
219 1091 598 1150 exhorruerint
615 1137 629 1158 ,
667 1088 887 1173 professi
906 1088 1014 1152 visa
1030 1090 1080 1150 se
1101 1090 1279 1150 hostili
1309 1097 1434 1151 navi
1469 1091 1661 1175 fugam

41 1192 307 1254 capturos.
353 1179 432 1233 At
448 1197 549 1232 nos
574 1177 761 1233 Deum
793 1195 989 1233 omnes
1007 1177 1202 1253 precati
1219 1173 1404 1234 sumus
1420 1217 1437 1244 ,
1467 1195 1531 1234 ut
1551 1175 1660 1234 fine

42 1277 186 1314 noxa
218 1274 411 1315 terram
444 1259 687 1315 Africam
719 1255 980 1337 prendere
1011 1259 1224 1315 liceret:
1266 1255 1656 1339 Atquistulto-

42 1359 165 1396 rum
183 1339 340 1417 plane
361 1338 421 1396 sit
439 1338 732 1397 hominum
747 1379 765 1406 ‚
800 1361 919 1418 quae
938 1341 1082 1398 votis
1100 1339 1406 1419 poposceris
1424 1381 1442 1409 ‚
1466 1342 1657 1400 eadem

43 1420 233 1500 adepta
267 1418 509 1500 spernere
542 1440 702 1501 atque
737 1419 973 1481 aversari.
1020 1423 1074 1479 Si
1109 1442 1241 1481 vero
1263 1421 1658 1505 Carthaginem

41 1503 425 1584 navigantibus
445 1522 690 1562 occurrat
706 1503 1000 1562 Vandalica
1017 1502 1186 1561 claffis
1200 1546 1219 1573 ‚
1239 1504 1518 1585 nostrique
1536 1524 1661 1564 tum

44 1606 113 1643 ex
147 1585 404 1664 praedifim
432 1590 488 1643 in
520 1584 708 1664 fugam
726 1583 776 1642 se
795 1584 954 1650 dent,
990 1603 1207 1663 promta
1236 1586 1319 1644 his
1338 1591 1438 1645 erit
1455 1609 1660 1669 purga·-

39 1669 142 1725 tio.
181 1667 327 1724 Nam
355 1688 474 1746 quae
504 1671 642 1724 mala
670 1665 919 1745 praedi&a
945 1663 1066 1724 sunt
1081 1707 1099 1734 ‚
1138 1666 1538 1727 excusationem
1575 1668 1657 1727 se-

44 1770 168 1807 cum
186 1749 420 1807 habent:
454 1749 616 1806 nobis
636 1745 768 1808 vero
788 1751 1124 1828 praemonitis
1145 1789 1160 1812 ‚
1195 1749 1403 1809 etiamsi
1429 1749 1657 1810 salutem

43 1829 156 1889 fors
176 1832 377 1890 dederit
392 1872 412 1898 ‚
446 1834 601 1890 venia
619 1830 811 1890 aberit.
865 1831 1015 1889 Cum
1035 1834 1173 1890 intra
1190 1837 1351 1892 naves
1384 1837 1658 1893 manenti·-

46 1913 149 1972 bus
170 1915 336 1972 multa
361 1913 710 1995 exspe&anda
738 1913 839 1972 fint
861 1915 997 1972 mala
1015 1957 1030 1981 ,
1070 1932 1191 1973 tum
1211 1918 1294 1976 vel
1319 1916 1453 1976 illud
1481 1919 1658 1977 maxi-

47 2018 201 2055 mum
218 2018 330 2077 quo
361 2019 464 2055 nos
483 2000 728 2055 territant
748 1994 831 2055 isti
851 2038 866 2060 ,
893 1998 987 2078 qui
1006 1996 1379 2078 tempestatem
1403 1997 1565 2058 nobis
1579 1997 1656 2058 ob

46 2082 234 2137 oculos
254 2098 506 2158 ponunt,
540 2101 736 2159 nempe
770 2078 808 2136 fi
844 2101 905 2137 ea
937 2085 1101 2138 irruat
1134 2082 1361 2139 alterum
1384 2079 1412 2139 ὲ
1437 2080 1656 2141 duobus

46 2166 196 2236 ajunt
211 2159 456 2221 futurum
478 2202 494 2228 ,
524 2182 584 2220 ut
604 2181 696 2220 aut
723 2159 906 2222 Africa
925 2164 1116 2241 procul
1137 2163 1430 2239 disjiciatur
1455 2162 1623 2223 claffis
1639 2206 1658 2234 ,

45 2246 315 2303 autlittori
345 2246 577 2325 impatfta
595 2264 788 2326 pereat.
826 2264 1007 2304 utrum
1025 2249 1194 2327 igitur
1216 2248 1409 2305 melius
1436 2246 1557 2329 ipsis
1575 2249 1658 2306 vi—

49 2326 236 2394 detur3
268 2326 402 2385 solas
432 2349 594 2387 naves
612 2370 629 2396 ,
667 2350 734 2386 an
759 2349 883 2387 cum
901 2328 1127 2389 navibus
1161 2337 1216 2388 &
1247 2332 1393 2390 viros
1426 2352 1655 2411 remque

48 2430 272 2467 omnem
288 2449 306 2477 ‚
327 2409 363 2467 fi
385 2413 458 2468 ita
475 2414 715 2471 evenerit
732 2455 746 2476 ,
775 2416 942 2492 perire
961 2419 985 2472 ?
1032 2419 1145 2472 Iam
1164 2434 1294 2472 vero
1312 2454 1331 2482 ‚
1359 2411 1397 2470 fi
1415 2412 1557 2471 hosti
1573 2413 1656 2472 su-

47 2495 390 2570 pervenimus
405 2491 565 2552 subiti
583 2511 744 2573 atque
761 2494 1037 2574 improvisi
1056 2538 1074 2565 ‚
1091 2494 1206 2575 spes
1227 2495 1300 2554 est
1318 2499 1519 2578 egregii
1537 2493 1658 2554 sue..

47 2571 228 2632 ceffus.
271 2576 455 2634 Facilis
472 2579 619 2636 enim
639 2578 706 2635 de
726 2597 840 2635 non
860 2578 1173 2637 caventibus
1202 2579 1430 2636 vistoria
1462 2601 1476 2636 ε
1522 2600 1657 2658 pau-

49 2656 105 2711 lo
126 2656 245 2735 post
260 2697 277 2724 ,
295 2656 389 2716 ubi
407 2662 574 2739 parati
593 2660 667 2719 illi
683 2657 905 2728 fuerint,
926 2662 1130 2742 aequale
1152 2663 1472 2742 periculum.
1512 2665 1655 2729 Quis

48 2734 142 2793 scit
160 2778 178 2806 ‚
208 2760 272 2796 an
292 2761 405 2798 non
424 2748 479 2800 &
499 2765 596 2822 pro
630 2742 743 2824 ipso
779 2742 1026 2802 exscensu
1056 2745 1373 2803 certandum
1392 2743 1552 2802 nobis
1571 2742 1653 2811 fit,

1 2879 12 2884 -
52 2839 361 2902 magnoque
389 2824 572 2883 labore
606 2827 959 2905 quaerendum
979 2827 1033 2886 id
1057 2828 1124 2886 de
1151 2849 1265 2908 quo
1294 2848 1440 2886 nunc
1461 2870 1478 2896 ‚
1511 2845 1571 2884 ut
1587 2828 1654 2883 li·-

50 2897 184 2958 bero
203 2902 602 2967 consultamus?
646 2911 945 2978 Nimirum,
967 2909 1001 2967 fi
1023 2930 1123 2967 nos
1141 2931 1260 2969 tum
1283 2914 1337 2968 in
1359 2909 1541 2968 medio
1562 2927 1655 2963 na-

50 2985 153 3047 vali
174 2991 461 3065 certamine
493 2990 778 3071 tempestas
803 2992 1203 3074 deprehendat,
1247 3011 1308 3054 ut
1339 2993 1508 3053 multa
1533 2987 1653 3081 for-

67 3098 70 3101 ·
418 3097 430 3110 ·
1513 3086 1653 3132 turta
