1888 3428
253 177 366 242 272
568 165 968 220 Pnocopu
1025 159 1576 218 CAESAREENSIS

243 243 486 305 barbaris
504 242 1068 309 cedentibusmemine
1088 260 1252 297 manu
1269 256 1466 298 certare
1485 240 1861 309 aus0,omnem

249 329 520 398 AEmiliam
553 328 896 404 Imperatoris
913 323 1008 381 sub
1031 321 1344 401 potestatem
1363 323 1568 402 redigit.
1613 325 1747 381 Haec
1766 328 1864 383 illis

247 414 306 466 in
342 409 580 489 partibus
609 408 955 487 gerebantur.
996 404 1274 461 Belisarius
1306 425 1430 462 cum
1462 408 1597 462 circa
1612 403 1865 463 brumam

249 491 447 551 Vrbini
476 494 681 570 potitus
701 488 824 546 effet
845 531 861 556 ,
899 490 1201 545 Auximum
1224 490 1491 548 continuo
1511 508 1730 567 pergere
1750 508 1867 545 non

249 597 314 631 ex
335 572 730 650 usujudicavit,
760 569 1021 649 suspicans
1056 571 1290 626 multum
1329 572 1592 648 temporis
1616 577 1691 628 'ea
1719 568 1877 626 ‘obsi-2

249 658 416 713 dione
437 658 750 735 periturum.
784 654 868 711 ⁴Vi
899 656 1043 710 enim
1063 673 1175 731 quo
1197 654 1375 708 minus
1393 668 1667 729 caperetur
1688 693 1705 720 ,
1742 673 1879 726 mu--V

247 738 485 796 nitiot'ies
512 740 736 818 egregiae
769 734 1078 792 obstabant.
1121 733 1474 791 barbarorum
1493 752 1742 813 praeterea
1759 778 1773 799 ‚
1808 751 1869 792 ut

251 819 433 879 dixisse
462 822 717 883 memini,
763 825 815 876 δε
851 819 1080 874 multi&
1100 818 1301 896 egregii
1321 817 1505 874 locum
1524 816 1873 881 tutabantur,

250 901 491 982 agrisque
510 903 614 958 late
634 902 904 980 populatis
935 920 1184 979 magnam
1204 920 1271 955 eo
1296 901 1508 976 copiam
1530 900 1700 957 νίἃυς
1718 901 1869 955 intu-

250 988 440 1042 ierant:⁸
482 987 730 1040 Aratium
750 986 916 1062 igitur
936 984 1111 1038 multo
1133 1002 1256 1037 cum
1277 982 1444 1037 milite
1463 981 1865 1059 Firmihyema—

253 1088 310 1124 re
324 1066 488 1142 jussit,
510 1083 792 1123 cauturum
815 1086 880 1120 ne
900 1063 1118 1141 posthac
1136 1062 1316 1119 liberis
1335 1062 1636 1120 excurfibus
1654 1063 1868 1121 barbari

250 1167 315 1205 ut
334 1167 456 1204 ante
476 1168 634 1224 agros
655 1164 937 1224 raptarent.
977 1144 1087 1223 Ipse
1123 1145 1185 1201 ad
1217 1145 1665 1201 Vrbemveterem
1689 1146 1864 1213 duxit,

251 1233 480 1287 Peranio
498 1226 702 1286 suasore
724 1268 740 1294 ‚
769 1229 862 1306 qui
881 1227 1130 1282 Gotthos
1149 1225 1228 1281 ibi
1243 1244 1461 1304 agentes
1480 1230 1866 1291 alimentorum

250 1314 437 1389 inopia
469 1313 661 1366 tentari
694 1330 784 1388 per
803 1305 1105 1388 transfugas
1123 1307 1395 1374 didicerat,
1414 1306 1760 1386 sperabatque
1781 1349 1797 1375 ‚
1827 1308 1866 1368 fi

250 1393 318 1452 ad
351 1393 488 1450 hanc
521 1391 810 1472 egestatem
846 1409 1022 1447 metus
1047 1386 1341 1446 &Belisario
1358 1389 1610 1467 justoque
1629 1394 1866 1448 exercitu

252 1476 547 1543 accederet,
567 1471 720 1532 facile
740 1476 964 1553 imperia
983 1491 1314 1551 accepturos.
1358 1473 1512 1550 quod
1535 1478 1589 1530 &
1609 1476 1865 1552 contigit.

185 1593 187 1595 ·
253 1556 531 1614 Belisarius
563 1561 708 1614 enim
731 1597 746 1624 ,
783 1574 842 1613 ut
872 1577 939 1612 eo
977 1555 1191 1612 advenit
1215 1596 1233 1622 ,
1269 1556 1464 1612 milites
1495 1555 1656 1612 castra
1675 1557 1867 1613 vallare

251 1642 380 1696 loco
402 1640 465 1696 ad
483 1639 537 1695 id
557 1639 759 1696 idoneo
778 1632 930 1710 jubet
955 1662 967 1694 :
988 1635 1094 1713 ipse
1113 1635 1555 1694 circumambulat
1575 1679 1591 1704 ‚
1623 1631 1866 1695 intentus

252 1720 290 1778 fi
311 1743 417 1800 qua
441 1723 598 1799 potiri
621 1720 830 1798 oppido
851 1716 1035 1796 poffet.
1077 1719 1148 1773 Et
1169 1721 1219 1774 vi
1237 1719 1458 1797 quidem
1477 1719 1530 1776 id
1551 1738 1865 1797 perpetrari-

251 1804 307 1861 di
327 1805 473 1860 nulla
503 1802 615 1881 spes
646 1802 695 1858 se
727 1799 1042 1857 ostendebat
1073 1822 1086 1855 :
1119 1801 1319 1856 latente
1339 1797 1452 1856 astu
1471 1796 1726 1858 succefl'us
1746 1823 1863 1859 non

250 1887 406 1964 plane
433 1882 818 1963 desperabatur.
863 1885 1118 1960 Namque
1140 1880 1167 1937 ἐ
1187 1883 1315 1939 valle
1336 1904 1474 1939 unus
1491 1881 1541 1938 se
1561 1885 1711 1940 collis
1730 1884 1880 1950 edin

248 1969 411 2046 plano
425 1965 778 2044 aequabilique
798 1967 1010 2028 vertice,
1042 1981 1337 2043 praeruptus
1355 1982 1557 2021 caetera.
1589 1963 1863 2022 Ambiunt

250 2049 448 2105 collem
469 2051 579 2126 pari
595 2046 918 2104 sublimitate
945 2067 1104 2124 rupes
1137 2044 1465 2104 circumfusae
1487 2047 1725 2126 undique
1745 2068 1860 2104 non

251 2148 314 2187 ut
333 2135 598 2208 attingant
620 2170 636 2196 ,
673 2127 757 2185 sed
779 2127 957 2184 medio
978 2126 1146 2206 spatio
1168 2131 1619 2206 quantumjaffus
1637 2128 1860 2186 transeat

248 2215 397 2291 lapis.
443 2217 503 2267 In
523 2233 589 2267 eo
609 2211 740 2267 colle
758 2209 987 2267 struxere
1006 2210 1271 2288 oppidum
1291 2230 1492 2267 veteres
1509 2251 1523 2277 ‚
1546 2232 1659 2268 non
1677 2232 1858 2279 murO,

249 2315 366 2351 non
385 2295 486 2350 alio
507 2313 670 2369 opere
691 2294 1064 2368 circumjecffm:
1086 2292 1225 2360 satis,
1247 2314 1313 2349 ne
1328 2296 1441 2371 capi
1463 2290 1627 2370 posset
1647 2333 1663 2360 ‚
1687 2292 1860 2371 praefi—

250 2377 324 2434 dii
357 2380 413 2432 in
442 2372 550 2454 ipsa
581 2375 685 2430 loci
707 2392 890 2430 natura
909 2373 1207 2431 videbatur.
1255 2378 1409 2431 Vnus
1428 2378 1573 2431 enim
1593 2394 1684 2454 per
1702 2397 1860 2453 rupes

246 2457 423 2516 aditus
442 2498 458 2523 ‚
493 2477 605 2534 quo
628 2454 896 2512 custodito
917 2455 1046 2512 nihil
1081 2459 1282 2513 externi
1317 2457 1670 2513 metuendum
1703 2458 1860 2514 inha—

245 2536 563 2597 bitantibuffi
605 2539 765 2594 Extra
786 2539 982 2615 quippe
1001 2538 1113 2594 illas
1136 2537 1393 2618 angustias
1424 2539 1624 2617 quibus
1649 2539 1855 2616 oppido

249 2618 509 2678 acceffum
529 2619 676 2677 dedit
707 2636 766 2675 ut
785 2619 890 2675 dixi
912 2636 1096 2676 natura
1117 2659 1132 2686 ‚
1163 2623 1364 2698 reliqua
1383 2661 1398 2686 ,
1432 2621 1623 2678 collem
1646 2641 1702 2676 ac
1721 2619 1879 2689 saxa‚.'

249 2724 368 2782 quae
384 2701 681 2760 memoravi
701 2741 717 2767 ‚
736 2704 877 2781 inter
894 2742 911 2767 ‚
929 2720 1155 2778 occupat
1176 2705 1345 2759 amnis
1365 2704 1557 2782 ingens
1576 2743 1594 2770 ,
1623 2701 1857 2760 tranfiri-

247 2805 355 2863 que
375 2784 424 2841 se
442 2789 648 2843 vetans.
683 2782 758 2839 ob
776 2782 829 2839 id
844 2780 1022 2840 fauces
1040 2785 1150 2840 illas
1169 2786 1406 2841 Romani
1425 2786 1556 2840 olim
1574 2784 1857 2842 obstruxea-
1879 2852 1882 2853 7

250 2886 306 2922 re
327 2884 386 2923 ut
419 2882 572 2945 porta
599 2883 810 2923 tantum
846 2871 1034 2942 perviae
1070 2863 1233 2923 effent
1261 2887 1421 2945 quam
1441 2884 1555 2923 tum
1577 2864 1856 2924 servabant

253 2947 472 3008 Gotthi.
515 2953 565 3006 Is
592 2947 899 3012 Vrbiveteri
931 2947 1003 3007 est
1037 2947 1273 3030 positUS,
1306 2953 1457 3026 cujus
1484 2949 1550 3010 ad
1579 2947 1853 3007 obsidium

1695 3049 1850 3110 quic-
