1888 3428
218 123 342 195 ‘496
578 111 957 172 Psso‘copn
1001 111 1539 172 CAESAREENSIS
1609 118 1613 121 ’

215 199 349 279 quid
383 197 485 254 illis
502 197 557 253 in
579 197 817 277 partibus
853 197 1115 253 Romano
1145 197 1359 252 nomini
1394 194 1643 253 restabat.
1683 191 1855 253 Post-'-

210 301 382 361 quam
418 278 498 336 his
521 301 724 337 novem
753 280 866 336 dies
901 280 1176 336 Ravennae
1209 274 1557 345 transierant,
1587 278 1866 351 Gotthus,

211 363 449 423 Vsdrilas
465 363 613 420 bello
633 360 750 419 acer
770 403 786 429 ‚
813 359 1057 438 praesidio
1080 362 1315 417 Arimini
1347 358 1660 439 praepofitus
1675 403 1692 429 ‚
1729 364 1847 428 Va*

211 449 418 506 leriano
434 445 543 504 haec
560 443 775 523 scripsit.
825 441 975 499 Cum
991 442 1343 522 impleveritis
1359 447 1549 500 omnia
1567 442 1725 504 vestri
1758 464 1870 499 ru--.

213 531 408 594 more,
444 526 707 606 larvisque
728 522 1135 583 tremefeceritis
1167 526 1377 582 Italiam
1398 566 1415 592 ‚
1455 525 1655 583 tumidi
1692 524 1847 604 supra

213 612 467 670 humanae
485 630 682 669 naturae
702 608 933 677 modurn
949 650 966 675 ‚
995 606 1264 687 sperantes
1283 615 1336 666 δι
1353 607 1608 665 Gottho's
1622 607 1703 665 his
1722 605 1848 687 pos-
1862 603 1888 675 ,ζ’ζ-ἰ

215 694 270 753 se
287 695 514 751 territari
533 735 551 761 ‚
571 699 683 768 jam
716 694 985 750 Ravennae
1008 690 1296 748 considetis
1314 733 1330 758 ‚
1363 710 1526 769 atque
1553 690 1629 748 ibi
1664 712 1758 770 per
1777 693 1872 748 la·³

214 773 395 835 tebras
413 773 743 853 inconspeffi
763 773 1008 832 hostibus
1025 778 1262 833 retinetis
1280 771 1583 854 superbiam
1604 815 1620 841 ‚
1653 778 1849 853 ingen·

215 863 369 939 tique
387 858 751 915 Barbarorum
773 858 1007 913 colluvie
1036 861 1186 913 terris
1206 856 1522 914 incumbitis
1555 857 1618 913 ad
1641 878 1738 913 vos
1761 858 1848 913 ni-

216 941 295 999 hil
319 940 738 1021 pertinentibus·
785 940 1038 997 Tandem
1059 938 1255 1019 surgite
1275 984 1288 1005 ,
1310 939 1562 996 hostibus
1581 937 1732 997 solita
1752 960 1850 1018 ag·

218 1026 544 1104 gredimini‚
579 1022 847 1079 ostendite
881 1043 979 1079 vos
1002 1022 1266 1085 Gotthis‚
1300 1044 1477 1103 neque
1515 1023 1719 1079 diutius
1754 1043 1850 1078 ex·
1877 1029 1888 1041 '

219 1107 551 1187 spectatione
588 1126 688 1161 nos
709 1108 1059 1180 cruciatejam
1089 1104 1296 1171 dudum
1317 1110 1432 1179 ejus
1450 1103 1733 1183 spectaculi
1754 1124 1852 1160 cu-
1869 1141 1879 1181 2

218 1190 401 1270 pidos.
444 1190 553 1244 Hic
573 1206 684 1243 erat
704 1188 1151 1244 tenorliterarum
1175 1208 1188 1241 ι
1225 1188 1428 1265 quibus
1460 1185 1656 1244 Narses
1677 1186 1852 1265 petie-

219 1276 320 1329 &tis
336 1314 353 1340 ‚
387 1271 736 1349 multumque
759 1266 900 1325 irrisa
921 1268 1270 1326 Gotthorum
1291 1270 1700 1347 vaniloquentia
1718 1309 1734 1335 ‚
1765 1290 1851 1326 re-

219 1357 355 1413 licto
377 1355 441 1411 ad
461 1355 736 1411 Ravennae
767 1351 1066 1410 custodiam
1100 1351 1196 1409 sub
1218 1351 1422 1409 Iustino
1443 1370 1713 1432 quantum
1731 1349 1853 1409 satis

224 1457 338 1497 erat
358 1479 375 1506 ,
411 1437 712 1503 cumomni
743 1439 983 1494 exercitu
1020 1438 1129 1493 exit
1158 1434 1279 1513 ipse.
1325 1434 1412 1493 sed
1448 1456 1618 1515 prope
1646 1437 1854 1492 Arimi-—

221 1541 359 1580 num
378 1539 438 1579 ut
457 1538 715 1578 venerant
733 1560 750 1588 ,
770 1522 1045 1597 reperiunt
1067 1517 1339 1576 difficilem
1361 1516 1454 1576 fibi
1472 1515 1855 1576 transitumfa-
1870 1511 1882 1546 7

225 1608 377 1662 &tum
411 1622 578 1683 ponte
599 1600 815 1681 nupera
837 1600 1067 1659 Gotthis
1086 1601 1289 1658 diruto.
1331 1603 1477 1658 Nam
1510 1605 1605 1680 qui
1642 1604 1876 1680 praeter-'

221 1686 346 1745 fluit
377 1687 693 1743 Ariminum
730 1688 903 1742 amnis
939 1683 1045 1757 fine
1079 1703 1249 1762 ponte
1283 1683 1495 1740 homini
1529 1688 1724 1740 inermi
1760 1685 1856 1740 uni

223 1766 563 1851 pedibusque
599 1769 751 1824 eunti
784 1788 897 1822 non
933 1765 1040 1822 sine
1075 1786 1279 1844 magno
1314 1765 1499 1822 labore
1522 1788 1580 1822 ac
1609 1765 1883 1839 molestia?

225 1854 489 1929 trajicitur
507 1892 523 1917 ‚
553 1848 760 1906 etiamfi
795 1853 903 1906 vim
925 1847 1130 1916 faciatf
1149 1847 1396 1905 obstetve
1417 1869 1605 1905 nemo·
1649 1851 1728 1904 At
1750 1869 1858 1904 nu-

224 1933 443 1993 meroso
467 1935 700 2014 graviter
717 1951 1048 1988 armatorum
1070 1933 1286 2010 agmine
1301 1970 1316 1994 ‚
1352 1934 1588 1987 maxime
1623 1929 1660 1987 fi
1679 1937 1732 1989 ὃς
1749 1929 1855 1986 ho-

225 2017 318 2076 stis
340 2014 388 2073 se
409 2015 634 2089 objiciat
653 2056 669 2081 ‚
708 2033 767 2070 ut
787 2012 1079 2070 transeatur
1096 2014 1240 2069 nulla
1259 2016 1399 2069 ratio
1414 2010 1665 2070 effecerit.
1711 2015 1855 2070 Nar-

224 2100 305 2160 ses
325 2099 610 2178 postquam
631 2137 647 2161 ‚
682 2116 806 2153 cum
828 2099 1008 2173 paucis
1027 2094 1332 2176 praegreffus
1366 2117 1560 2175 agmen
1578 2137 1595 2163 ,
1629 2094 1693 2152 ad
1727 2116 1854 2152 eum

225 2183 515 2240 devenerat
533 2183 715 2236 Iocum
735 2220 751 2246 ‚
789 2179 881 2235 ubi
903 2200 1040 2256 pons
1067 2176 1240 2235 fuerat
1260 2220 1276 2245 ‚
1319 2177 1462 2236 haefit
1494 2179 1586 2235 diu
1618 2181 1886 2235 incertus'

226 2264 520 2345 quomodo
558 2262 605 2319 se
643 2282 705 2318 ex
726 2260 822 2317 hac
843 2259 1154 2319 difficultate
1188 2262 1479 2339 expediret.
1525 2267 1634 2317 Iam
1656 2261 1854 2317 eodem

227 2355 283 2407 &
303 2345 533 2407 Vsdrilas
550 2361 766 2402 venerat
783 2365 906 2400 curn
926 2342 1199 2423 equitibus
1221 2344 1749 2422 nonnullis‚cu.pidus
1766 2363 1858 2399 co*

226 2428 525 2511 gnoscendi
544 2446 664 2507 quae
684 2424 932 2483 hostibus
952 2427 1266 2504 agebantur.
1311 2428 1391 2483 Ex
1425 2424 1661 2482 Narsetis
1680 2428 1858 2482 comi-

228 2532 346 2571 tatu
366 2511 586 2590 quidam
607 2506 791 2566 emiffo
817 2530 936 2565 arcu
954 2508 1077 2565 cum
1098 2512 1200 2565 tela
1233 2506 1515 2565 intorsisset
1530 2534 1563 2571 ,·
1583 2528 1854 2586 equorum

228 2593 507 2653 hostilium
540 2612 709 2648 unum
729 2590 1015 2647 interfecit.
1063 2612 1161 2648 nec
1180 2596 1376 2647 morati
1398 2591 1600 2647 diutius
1615 2591 1856 2669 quicum

227 2675 438 2735 V-sdrila
455 2693 604 2730 erant
623 2714 637 2734 ‚
671 2673 935 2730 maenibus
968 2672 1017 2731 se
1040 2673 1349 2730 reddidere:
1382 2672 1471 2730 sed
1491 2694 1621 2729 mox
1640 2670 1874 2729 adsum-u

227 2762 299 2817 tis
319 2754 561 2835 pluribus
577 2758 700 2812 viris
717 2753 943 2812 strenuis
960 2777 1052 2835 per
1068 2758 1288 2813 alteram
1307 2774 1518 2834 portam
1535 2759 1857 2831 erumpunt&

230 2839 357 2900 cum
379 2836 465 2917 spe
480 2879 496 2905 ‚
516 2841 802 2917 inopinato
820 2836 1142 2915 superventu
1162 2859 1350 2894 necem
1370 2838 1420 2894 se
1446 2836 1539 2915 ipsi
1558 2835 1766 2894 Narseti
1786 2838 1858 2892 il-

229 2928 456 2999 laturos..
494 2925 608 2980 Iam
628 2924 774 2981 enim
795 2923 838 2979 is
852 2922 908 2979 in
926 2922 1142 2979 alteram
1163 2918 1211 2978 se
1232 2919 1471 2979 fluminis
1488 2922 1660 3002 ripam
1681 2938 1855 2977 trans-

1706 3000 1852 3059 tule-a
