1888 3428
211 176 661 239 Gorrnrcffi
701 176 1108 259 H1s÷ron1ae
1148 177 1431 241 [mm.
1517 198 1635 264 307

24 258 80 322 i&
116 263 407 320 constituta
441 263 536 322 suo
570 266 728 320 unius
746 261 1003 319 arbitratu
1022 261 1181 320 dabat
1202 259 1407 321 effefia.
1451 265 1636 347 Magi-

22 343 282 402 stratuum
303 349 512 412 caeteri,
545 349 685 403 inter
715 342 764 400 se
797 347 968 422 magis
992 360 1163 423 quam
1194 345 1441 402 Belisario
1461 368 1634 424 pareS,

25 445 125 484 nec
159 426 298 483 aliud
321 448 484 504 quam
505 426 593 484 sua
625 431 767 484 lucra
801 430 985 481 animo
1020 429 1322 506 cogitantes
1347 468 1364 494 ‚
1395 428 1634 487 Romani

21 510 234 587 imperii
269 506 512 566 subditos
542 513 732 588 partim
761 507 854 585 ipsi
873 506 1096 585 spoliare
1117 549 1132 575 ‚
1165 512 1353 584 partim
1377 508 1637 567 militibus

21 590 299 649 vexandos
316 594 583 668 projicere
605 612 735 647 :nec
754 589 848 646 fibi
868 610 985 667 quae
1004 587 1196 646 decora
1217 595 1476 669 imperare
1496 632 1512 658 ‚
1534 604 1639 648 nec

18 672 290 751 imperatis
309 674 506 731 milites
524 672 717 746 habere
739 669 1120 750 obsequentes.
1162 674 1309 729 Hinc
1327 669 1553 741 factum,
1575 692 1635 731 ut

17 756 201 833 gravia
220 774 565 833 peccarentur
582 796 598 821 ‚
640 753 904 832 brevique
934 755 1240 812 concideret
1259 757 1512 812 Romana
1531 777 1633 812 res.

22 837 166 905 Quae
184 837 469 915 quomodo
489 841 766 901 evenerint
780 841 892 911 jam
914 857 1083 915 pergo
1102 837 1295 894 dicere.
1336 836 1634 917 Postquam

16 916 323 975 Belisarium
344 921 604 977 Ravenna
623 918 798 975 abiiffe
817 935 1082 997 'cognorat
1099 918 1383 976 Ildibaldus
1404 960 1417 980 ‚
1442 919 1637 976 barba-

18 1021 109 1057 ros
130 1001 193 1057 ad
208 999 257 1055 se
277 1005 473 1057 omnes
491 1004 729 1064 vocavit,
749 1007 826 1064 &‚
847 1000 881 1056 si
904 1000 1104 1079 quibus
1122 1003 1507 1059 Romanorum
1529 1023 1637 1059 no·-

17 1102 82 1141 va
120 1103 222 1160 prae
261 1082 529 1140 veteribus
562 1084 730 1140 cordi.
787 1085 1079 1140 Firmando
1116 1087 1348 1161 imperio
1385 1085 1634 1163 diligensj³

15 1167 175 1221 omni·
203 1169 410 1221 ratione
444 1164 693 1222 Gotthos
721 1162 997 1222 restituere
1028 1170 1085 1222 in
1107 1167 1266 1221 Italiae
1288 1166 1635 1227 dominatum

15 1244 254 1304 ardebat.
296 1251 459 1303 Initio
483 1250 625 1305 mille
648 1269 761 1303 non
784 1250 1010 1324 amplius
1025 1246 1278 1304 homines
1300 1288 1314 1312 ‚
1349 1269 1632 1327 unumque

15 1330 74 1385 in
86 1332 289 1384 Piceno
309 1329 532 1384 tenebat
546 1329 808 1407 oppidum
827 1350 841 1383 t
859 1330 1113 1407 paulatim
1133 1331 1180 1386 ei
1200 1327 1450 1386 accessere
1465 1349 1638 1408 quot-

16 1424 156 1490 quot
176 1412 230 1465 in
246 1412 468 1489 Liguria
483 1405 831 1489 Venetiisque
851 1426 1021 1467 erant.
1059 1412 1187 1468 Erat
1220 1414 1463 1490 Byzantii
1495 1418 1635 1469 inter

17 1513 115 1550 eos
132 1495 223 1572 qui
242 1493 542 1550 rationibus
563 1491 787 1571 publicis
805 1492 1033 1571 praesunt
1067 1498 1090 1564 (
1112 1494 1419 1573 logothetas
1438 1507 1639 1552 vocant

18 1576 198 1650 'Graeci
221 1578 247 1647 )
285 1576 592 1632 Alexander
609 1605 626 1642 3
654 1573 860 1652 semper
891 1576 1109 1654 aliquod
1131 1580 1406 1654 peculatus
1434 1580 1640 1634 crimen

17 1655 280 1715 militibus
298 1654 479 1714 solitus
498 1661 812 1735 impingere.
840 1669 1125 1734 quoscum
1148 1659 1292 1714 velut
1313 1677 1460 1715 certo
1480 1674 1639 1715 com-2

17 1757 199 1817 pertos
218 1740 272 1793 in
292 1760 465 1817 paenas
482 1738 711 1795 traheret
735 1779 750 1804 ‚
790 1737 895 1815 ipse
933 1761 996 1794 ex
1015 1737 1206 1795 humili
1229 1737 1407 1796 subito
1430 1738 1640 1820 conspi-

16 1838 151 1877 ‘cuus
170 1861 187 1887 ‚
217 1841 281 1876 ex
299 1841 473 1900 egeno
495 1820 749 1899 praedives
767 1816 940 1876 fa&us
958 1819 1031 1876 est
1068 1830 1082 1875 ὲ
1115 1819 1377 1901 simulque
1397 1827 1638 1900 Impera-

17 1906 126 1958 tori
147 1907 372 1978 majore's
390 1921 553 1982 quam
575 1901 857 1981 quisquam
877 1906 1009 1959 alius
1029 1907 1277 1980 pecunias
1296 1905 1645 1975 corradebat-.-

17 1983 123 2041 Sed
153 1984 295 2041 idem
331 1984 538 2042 causam
577 1983 849 2064 praebebat
881 2026 896 2051 ‚
943 1984 1097 2062 supra
1139 2007 1301 2064 quam
1341 1987 1636 2045 hominum

17 2066 320 2146 quisquam,
341 2085 399 2124 ut
416 2068 613 2124 milites
631 2073 684 2123 &
703 2068 852 2145 pauci
873 2063 1055 2133 effem,
1075 2073 1128 2124 δι’
1147 2072 1360 2145 inopeS,
1377 2073 1432 2125 &
1450 2068 1640 2149 segnes

19 2148 86 2205 ad
127 2151 371 2226 pericula.
413 2152 693 2227 Byzantini
723 2146 999 2206 Forficulae
1025 2153 1071 2205 ei
1097 2169 1535 2228 cognomentum
1554 2151 1637 2208 fe-

18 2235 198 2288 cerant
219 2271 235 2297 ‚
264 2231 413 2310 quod
434 2237 600 2288 mirus
616 2228 803 2288 artifex
825 2230 946 2287 effet
979 2234 1051 2286 ita
1071 2233 1509 2290 circumcidendo
1531 2237 1637 2291 mi-

18 2312 222 2369 nuendi
253 2333 513 2370 nummos
533 2356 548 2379 ,
577 2315 870 2369 ut'interim
891 2333 1050 2391 quam
1071 2312 1368 2372 habuerant
1385 2316 1637 2373 rotundi-

17 2409 185 2451 tatem
205 2399 497 2453 retinerent
517 2436 534 2463 ,
564 2400 715 2470 cujus
734 2392 934 2451 fraudis
953 2393 1372 2454 instrumentum
1392 2398 1465 2454 est
1483 2399 1635 2476 quod

16 2469 263 2534 forficula
280 2477 494 2536 dicitur.
535 2479 703 2534 Hunc
718 2478 1402 2556 ImperatorAlexandrum
1424 2521 1441 2547 ‚
1470 2499 1633 2536 revo-

13 2573 141 2618 *cato
152 2563 263 2634 jam
281 2558 537 2617 Belisario
555 2592 574 2628 2<
596 2562 650 2616 in
670 2563 871 2616 Italiam
892 2563 1080 2634 mittit.
1122 2560 1439 2618 Ravennam
1463 2580 1521 2618 ut
1540 2582 1636 2618 ve*-

19 2654 190 2704 nerat,
208 2645 392 2723 iniqua
408 2641 849 2700 comminiscitur.
891 2644 1037 2699 Nam
1057 2645 1218 2699 Italos
1238 2647 1330 2721 qui
1350 2660 1527 2723 neque
1547 2665 1638 2722 per*

20 2727 233 2780 cuniam
264 2727 606 2803 Imperatoris
640 2727 924 2804 attigerant
944 2766 958 2791 ‚
995 2746 1091 2782 nec
1124 2725 1323 2803 publici
1344 2731 1638 2805 quicquam

21 2808 231 2883 negotii
250 2805 530 2887 gesserant,
551 2808 764 2864 mulctis
784 2808 1064 2875 onerabat,
1084 2805 1324 2864 causatus
1344 2811 1560 2865 illorum
1579 2810 1635 2861 in

21 2885 462 2949 Theuderichum
481 2888 673 2949 aliosve
690 2887 1036 2948 Gotthorum
1057 2894 1320 2969 principes
1336 2888 1501 2946 fidem
1522 2908 1639 2943 ma—

24 2968 134 3054 {am
155 2993 171 3033 5
204 2972 480 3055 paenasque
499 2973 802 3053 dependere
820 2973 1015 3046 jubens
1034 2993 1225 3029 eorum
1246 2992 1364 3050 quae
1384 2971 1515 3029 dolo
1543 2972 1640 3057 <ita

27 3066 30 3069 ⁴
994 3057 1049 3111 V
1097 3074 1124 3108 2.
1497 3068 1642 3105 enim
