1931 3428
288 171 412 252 τρη-
639 152 755 227 Di}
793 122 1622 247 Gssssnstmeanant

656 271 719 371 C
817 299 867 373 A
965 330 1018 372 P.
1165 295 1513 373 XLV11.

429 430 680 528 Qbmodo
695 450 955 508 Sarraceni
977 445 1445 524 Constantinopolim
1461 445 1763 524 obsederunt,

713 534 777 597 ἐφ’
797 529 830 591 d
842 531 1123 610 Bulgaribus
1139 529 1460 605 devietisunt.

289 675 436 807 H
462 669 554 731 Oc
593 673 756 731 etiam
799 690 1048 753 tempore
1083 671 1270 730 eadem
1305 673 1719 729 Sarracenorum
1739 670 1899 751 gens

347 808 350 811 .
455 776 587 815 cum
606 754 873 813 immenso
893 758 1128 813 exercitu
1144 757 1367 814 veniens
1384 795 1400 822 ‚
1423 752 1900 833 Constantinopo-

284 839 385 898 lim
404 838 788 905 circumdedit,
809 861 866 896 ac
886 860 979 919 per
997 840 1324 896 continuum
1347 838 1642 894 triennium
1662 834 1899 904 obsedit,

285 922 468 981 donec
491 963 509 991 ,
538 925 708 980 multa
726 921 971 978 instantia
1002 921 1068 979 ad
1102 922 1264 979 deum
1284 918 1639 977 clamantibus
1673 918 1902 987 civibuS,

285 1007 509 1085 plurimi
527 1025 720 1064 eorum
741 1001 883 1058 fame
903 1011 955 1060 δε
972 1000 1206 1082 frigore,
1220 1002 1364 1073 bello
1384 1008 1437 1061 &
1457 1001 1756 1081 pestilentia
1775 1022 1902 1082 per-

284 1091 452 1156 irent,
473 1108 532 1144 ac
549 1084 618 1142 fic
638 1083 838 1163 pertaesi
860 1084 1158 1142 oblidionis
1176 1125 1192 1152 ,
1228 1082 1590 1142 abscederent.
1636 1088 1753 1155 Qui
1774 1084 1902 1143 inde

288 1167 501 1250 egreffi,
534 1170 833 1247 Bulgarum
852 1186 1072 1246 gentem
1097 1206 1114 1234 ,
1150 1186 1268 1246 quae
1289 1164 1365 1223 est
1381 1165 1535 1246 super
1552 1167 1901 1235 Danubium,

253 1296 256 1297 γ
286 1250 434 1310 bello
468 1253 875 1333 aggrediuntur.
918 1250 989 1305 Et
1005 1250 1074 1306 ab
1104 1247 1201 1306 hac
1235 1269 1461 1328 quoque
1488 1249 1618 1309 viffi
1639 1291 1658 1324 ,
1692 1250 1758 1307 ad
1783 1247 1902 1309 suas

287 1352 457 1392 naves
483 1331 785 1413 refugiunt.
811 1331 1012 1412 quibus
1030 1352 1154 1389 cum
1174 1334 1340 1390 altum
1359 1336 1626 1410 peterent,
1645 1335 1903 1411 ingruen-

289 1432 347 1473 te
364 1414 545 1475 subito
564 1415 879 1496 tempestate
897 1456 913 1483 ,
935 1418 1171 1495 plurimi,
1189 1418 1352 1473 etiam
1372 1412 1551 1472 merfis
1569 1411 1676 1474 five
1693 1418 1904 1471 contri-

290 1501 364 1556 tis
394 1499 623 1557 navibus
666 1503 960 1578 perierunt.
1019 1504 1162 1557 Intra
1204 1495 1730 1577 Constantinopolin
1760 1517 1892 1559 vero

291 1597 532 1641 trecenta
550 1583 716 1641 millia
733 1581 1024 1640 hominum
1043 1581 1347 1663 pestilentia
1362 1583 1705 1668 interierunts

693 1722 754 1786 C
828 1745 1004 1795 A.P.
1138 1696 1575 1790 XLVIII(

459 1864 706 1942 Qomodo
738 1862 1058 1939 Liutprandm
1086 1882 1180 1920 rex
1207 1881 1375 1939 corpus
1400 1861 1528 1921 beati
1559 1870 1725 1941 Auga-

774 1944 897 2017 stim'
931 1948 1149 2004 Ticinum
1181 1947 1402 2006 advexit.

294 2083 407 2208 L
426 2081 748 2160 Iutprandus
767 2102 915 2147 ver0,
934 2081 1336 2161 audien3‚qu0d
1358 2080 1903 2163 Sarraceni,depopu-

428 2164 531 2220 lata
553 2164 825 2232 Sardinia,
857 2167 1019 2221 etiam
1045 2166 1165 2222 loca
1197 2168 1301 2232 illa,
1337 2164 1432 2222 ubi
1465 2163 1572 2223 offa
1603 2165 1903 2247 Augustini

290 2241 544 2324 Episcopi
577 2264 793 2324 propter
824 2245 1176 2306 vastationem
1201 2246 1563 2306 Barbarorum
1583 2251 1715 2306 olim
1734 2244 1904 2323 trans-

289 2329 396 2385 lata
413 2335 466 2386 &
484 2327 788 2387 honorifice
806 2327 1020 2387 fuerant
1038 2330 1257 2388 condita
1271 2373 1290 2401 ,
1322 2328 1591 2389 foedarent
1606 2369 1626 2397 ‚
1649 2330 1791 2388 mifit
1809 2349 1903 2396 e0‚

292 2417 351 2493 δε
382 2412 510 2469 dato
545 2432 748 2492 magno
781 2417 955 2493 pretio
974 2454 993 2482 ,
1020 2417 1256 2494 accepit,
1291 2420 1345 2472 &
1364 2412 1633 2472 transtulit
1652 2435 1712 2471 ea
1730 2417 1788 2472 in
1808 2432 1903 2470 ur-

290 2494 421 2551 bem
455 2493 836 2563 Ticinensem,
871 2495 1054 2575 ibique
1086 2517 1211 2554 cum
1231 2497 1419 2555 debito
1449 2513 1605 2554 tanto
1637 2500 1771 2576 patri
1790 2494 1901 2553 ho—

291 2597 430 2634 nore
448 2577 713 2635 condidit.
753 2579 858 2636 His
879 2578 1067 2637 diebus
1083 2581 1285 2640 Narnia
1305 2582 1488 2643 civitas
1517 2579 1547 2638 a
1574 2578 1900 2660 Langobar·

291 2656 376 2739 dis
391 2658 604 2739 pervasa
622 2659 718 2719 est.

1668 2988 1897 3050 CAP.
