1888 3428
213 105 336 188 282.
550 111 958 183 JP-rzoeopu
1000 106 1565 168 CAESAREEN'srs.
1620 158 1629 180 ᾗ
1857 167 1861 171 ,

217 192 366 249 mani
393 187 539 251 ferro
567 192 962 251 obtruncarunt
994 215 1009 250 ε
1053 191 1258 248 multos
1292 211 1419 248 cum
1448 189 1572 269 ipfis
1604 188 1835 251 navibus
1864 231 1865 234 =

217 278 353 332 mari
373 293 650 356 mergunt.
701 278 928 333 Ducum
949 315 966 339 ‚
1014 270 1282 331 Gun-dulf
1301 271 1678 332 inobservatus
1710 294 1836 332 cum

217 355 478 424 undecim
511 359 613 415 illis
647 356 874 417 navibus
908 354 1136 436 effugit-t
1174 357 1302 412 alter
1333 359 1489 413 vivus
1521 354 1836 413 aRomanis
1864 415 1867 417 ,

217 444 405 519 captus
422 438 516 498 est.
559 444 729 520 quiin
757 440 1009 499 undecim
1031 456 1180 495 erant
1207 436 1439 494 navibus
1457 478 1473 504 ,
1507 435 1632 498 cum
1650 442 1706 496 in
1726 458 1840 496 ter-
1875 467 1885 525 ἶ

220 544 336 581 ram
356 520 736 581 descendissent
754 565 771 590 ,
797 527 980 604 ignem
1000 519 1266 578 immisere
1285 519 1513 581 navibus
1528 561 1545 588 ,
1565 542 1633 578 ne
1651 542 1848 580 earum*
1878 531 1886 552 ‘²

217 603 401 663 hostes
421 609 760 684 potirentur:
806 603 1031 684 pedibus
1052 602 1146 682 ipsi
1178 602 1242 660 ad
1260 607 1553 660 exercitum
1588 623 1841 682 perrexe-
1880 619 1885 667 :j

220 706 352 745 runt
372 728 388 755 ,
419 692 506 745 cni
525 692 760 746 Ancona
777 686 1127 745 obsidebatur
1142 727 1157 752 ,
1193 690 1246 743 &
1266 688 1489 742 narratis
1508 705 1626 766 quae
1645 706 1841 745 evene-

220 788 371 835 rant,
390 768 570 827 subito
591 792 716 829 cum
734 772 834 830 illis
855 766 1127 827 discessum
1147 786 1332 845 parant
1348 812 1361 832 ,
1384 766 1656 847 castraque
1674 769 1839 826 relin-

221 871 404 930 quunt
419 851 559 910 hosti
578 854 891 934 occupanda
910 893 927 920 ‚
963 857 1014 909 ὃ(
1038 849 1189 909 cursu
1209 854 1371 907 citato
1399 871 1457 908 ac
1474 850 1694 913 turbido
1716 854 1841 909 Au-
1884 847 1885 851 ¹

223 938 435 992 :timum
455 979 470 1000 ,
500 935 652 1013 quod
685 935 954 1014 oppidum
989 940 1106 992 n‘on
1142 935 1307 1012 longe
1327 932 1507 992 aberat
1529 977 1543 998 ,
1578 931 1625 990 se
1647 930 1840 990 confe-

196 1023 363 1074 runt.
407 1020 647 1075 Romani
679 1038 795 1074 non
831 1018 1007 1074 multo
1031 1015 1150 1095 post
1175 1014 1339 1073 secuti
1372 1014 1537 1088 castra
1555 1019 1843 1073 inveniunt

220 1097 470 1157 hostibus
490 1120 653 1157 vacua
670 1140 688 1167 ‚
724 1101 1048 1177 copiamque
1069 1119 1296 1155 omnem
1314 1100 1694 1156 alimentorum
1715 1098 1841 1156 inde

222 1183 517 1240 Anconam
547 1185 881 1261 important,
921 1180 1115 1237 deinde
1143 1179 1371 1237 navibus
1398 1180 1631 1239 abeunt:
1676 1181 1842 1240 valea
1875 1189 1879 1191 ’

223 1267 404 1320 rianus
437 1265 756 1322 Ravennam
791 1284 805 1318 τ
863 1260 1132 1319 Iohannes
1168 1262 1389 1319 Salonas
1427 1264 1570 1320 unde
1605 1281 1842 1321 venerat.

219 1345 353 1407 Hoc
377 1347 619 1424 praelium
654 1345 756 1403 dici
788 1366 902 1402 non
936 1343 1109 1424 potest
1128 1363 1463 1425 quantopere
1485 1353 1539 1404 &
1558 1348 1770 1403 ‘animos
1787 1351 1844 1403 &

221 1430 363 1486 vires
382 1429 585 1487 Totilae
601 1427 943 1508 Gotthisque
963 1428 1289 1486 contuderit.
1329 1433 1390 1485 In
1410 1430 1586 1486 Sicilia
1609 1450 1678 1487 eo
1697 1446 1845 1487 tem-

226 1531 362 1590 pore
384 1511 672 1591 quomodo
693 1511 744 1569 se
775 1532 859 1568 res
875 1509 1160 1574 habuerint
1179 1512 1444 1569 Romanae
1464 1553 1480 1578 ,
1513 1532 1659 1569 nunc
1677 1509 1846 1592 exp‘e-

225 1592 390 1651 diam.
435 1594 681 1652 Liberius
716 1597 1063 1674 Imperatoris
1095 1612 1355 1651 revocatu
1398 1596 1720 1672 Byzantium
1757 1615 1844 1652 re-

227 1674 429 1733 dierat:
473 1676 778 1756 Artabanes
792 1718 808 1745 ,
829 1683 902 1733 ita
916 1679 1236 1754 Imperatori
1256 1676 1423 1734 visum
1439 1718 1455 1744 ‚
1471 1676 1732 1734 omnibus
1750 1696 1844 1756 per

228 1759 463 1816 Siciliam
497 1761 768 1816 Romanis
804 1762 962 1815 armis
995 1778 1210 1833 praeerat
1243 1782 1257 1815 τ
1302 1763 1395 1837 qui
1430 1779 1556 1816 cum
1593 1758 1844 1817 Gotthos
1882 1786 1884 1788 ’

229 1861 347 1897 non
372 1844 444 1897 ita
478 1843 683 1899 multos
702 1845 756 1897 in
787 1846 899 1915 ejus
921 1839 1098 1897 insulae
1120 1839 1365 1920 praesidiis
1388 1842 1627 1920 reliquos
1646 1845 1842 1919 partim

229 1921 517 1980 obsedisset
537 1965 553 1992 ‚
585 1928 778 2003 partim
799 1921 951 1980 ausos
980 1944 1260 2002 erumpere
1280 1967 1293 1987 ,
1324 1922 1522 1982 viciffet
1539 1927 1719 2002 praelio
1736 1965 1751 1987 ‚
1784 1947 1844 1983 e·-

228 2003 603 2085 gestatemque
622 2009 720 2064 illis
737 2003 933 2062 feciffet
950 2027 1128 2063 rerum
1147 2010 1399 2063 omnium
1419 2004 1841 2070 necessariarum,

231 2085 515 2167 postremo
550 2110 746 2145 omnes
781 2089 946 2167 pac-Fcis
978 2092 1032 2144 in
1070 2086 1235 2144 fidem
1269 2093 1489 2166 accepit.
1551 2090 1734 2164 Hujus
1767 2093 1879 2148 rei*

231 2174 434 2227 nuntio
462 2169 674 2232 Gotthi
717 2170 1003 2227 accedente
1038 2170 1103 2227 ad
1139 2172 1338 2227 navalis
1372 2173 1534 2250 praelii
1570 2190 1842 2230 recentem

231 2255 560 2310 memoriam
582 2293 597 2314 ‚
636 2252 797 2310 maesti
819 2274 876 2309 ac
895 2251 980 2331 spe
1003 2254 1192 2309 uitima
1220 2257 1365 2310 exuti
1383 2255 1506 2310 belli
1543 2275 1693 2311 curas
1712 2277 1843 2334 pro-

233 2339 411 2409 jecere
429 2376 446 2402 ‚
480 2334 611 2391 dum
631 2337 874 2415 cogitant
891 2333 940 2392 se
967 2339 1078 2410 jam
1099 2356 1245 2392 nunc
1278 2352 1432 2392 tanto
1458 2334 1554 2393 suo
1575 2336 1842 2395 dedecore

234 2415 304 2473 ab
338 2416 583 2484 hostibus
616 2417 859 2475 devictos
894 2417 1331 2497 prostratosque,
1377 2416 1413 2474 fi
1448 2420 1529 2476 vel
1560 2420 1842 2478 modicum

233 2499 368 2577 quid
385 2502 707 2557 incrementi
725 2501 992 2558 Romanis
1011 2497 1325 2561 adveniffet,
1362 2501 1513 2557 nullo
1537 2501 1708 2559 modo
1728 2543 1746 2570 ‚
1773 2523 1867 2560 ne—

232 2581 301 2637 ad
321 2584 611 2639 minimum
633 2584 854 2661 quidem
886 2586 1149 2662 temporis
1166 2602 1512 2640 momentum
1536 2624 1553 2650 ‚
1585 2581 1732 2662 poffe
1750 2602 1843 2642 aut

232 2663 416 2726 obniti
436 2704 453 2730 ,
481 2682 572 2720 aut
604 2668 658 2720 in
677 2668 820 2723 Italia
841 2664 1140 2728 consistere.
1181 2666 1379 2744 Neque
1399 2669 1680 2744 magisper
1696 2668 1842 2747 lega.

175 2813 180 2815 ,
231 2748 414 2803 tiones
433 2749 716 2824 impetrare
736 2747 785 2804 se
811 2745 1281 2827 quicquampoffe
1312 2746 1379 2803 ab
1410 2746 1704 2806 Iustinia‘no
1724 2748 1843 2828 spe-

228 2827 439 2907 rabant.
497 2829 682 2906 saepius
711 2833 857 2887 enim
888 2834 997 2902 jam
1027 2832 1234 2910 legatos
1275 2832 1595 2908 Byzantium
1629 2829 1842 2889 miserat

229 2909 447 2993 Totilas
466 2952 484 2982 ‚
518 2911 694 2992 quiad
712 2911 1067 2971 Iustinianum
1101 2910 1305 2973 admiffi
1321 2952 1341 2984 ‚
1370 2911 1712 2973 ostenderant
1726 2919 1840 2971 Ita-

1755 2995 1837 3055 liae
