1888 3428
20 206 25 211 .
252 146 1285 216 ‘P‘R'oco‘PIrC‘AEs-AR'EENSR
1450 156 1460 160 ’
1533 164 1651 237 ςῑγ

0 251 1 297 ἰ
51 235 119 296 ab
136 236 426 297 hominum
444 238 591 295 cultu
607 258 700 317 per
718 256 844 293 eum
863 228 1003 290 faeta
1028 232 1132 289 est:
1165 235 1310 293 unde
1344 242 1659 312 conjectura

49 321 117 378 de
137 342 367 378 numero
405 340 595 376 eorum
625 321 718 398 qui
752 319 1024 397 perierunt
1053 313 1190 372 sumi
1223 317 1415 394 potest.
1459 321 1661 380 Causas

50 424 244 460 eorum
264 425 380 480 quae
401 422 490 477 per
510 403 707 459 Italiam
721 395 1047 475 improspere
1065 417 1365 454 evenerunt
1384 439 1399 463 ,
1427 407 1537 476 jam
1559 408 1659 460 an-

49 502 103 540 te
122 488 320 564 aperui.
365 485 527 540 Plane
547 504 662 561 quae
679 486 734 538 in
759 476 938 537 Africa
959 518 975 544 ,
1009 480 1199 536 eadem
1222 485 1275 537 &
1296 483 1352 536 in
1369 486 1512 540 Italia
1532 506 1660 562 pec-

47 585 162 622 cata
176 564 312 623 sunt.
356 563 526 621 Misfis
540 568 738 644 quippe
756 565 1029 620 rationum
1064 556 1153 617 dis
1145 562 1504 639 punchribus
1523 586 1660 622 cun-

47 647 134 704 &a
151 666 294 704 retro
317 651 461 714 tulit,
479 651 799 724 evertitque.
838 643 1147 700 Pertinebat
1165 661 1288 700 ante
1307 644 1507 702 bellur-n
1530 646 1656 713 hoc,

47 722 336 808 imperium
373 727 700 787 Gotthicum
719 727 746 783 a
767 725 1054 784 Gallorum
1074 723 1276 783 finibus
1308 727 1371 784 ad
1392 726 1527 784 fines
1543 731 1660 786 Da-

45 814 138 869 ciae
157 853 174 879 ‚
209 811 301 868 ubi
333 812 586 868 Sirmium
622 808 717 865 est.
762 810 962 865 Gallias
979 814 1033 865 &
1066 811 1417 866 Venetiarum
1451 830 1658 887 partem

47 897 338 950 maximam
377 892 632 950 tenebant
679 892 960 947 Germani.
1019 888 1313 968 Postquam
1365 895 1421 948 in
1454 896 1660 951 Italiam
1692 945 1696 949 .

47 980 195 1032 venit
212 977 594 1033 Romanorum
615 976 878 1030 exercitus
900 1014 916 1039 ‚
950 974 1208 1030 Sirmium
1228 979 1282 1030 &
1319 976 1660 1051 circumjecta

48 1055 274 1133 Gepidae
294 1055 609 1113 insederant.
654 1055 986 1112 Omniahaec
1001 1055 1141 1113 vasta
1159 1055 1336 1113 videre
1362 1056 1451 1113 est.
1496 1061 1657 1116 Alios

47 1137 249 1195 bellum
287 1136 537 1194 absumsit
566 1182 580 1200 ‚
635 1138 768 1194 alios
804 1156 921 1214 quae
955 1137 1158 1195 bellum
1196 1135 1452 1218 consequi
1485 1137 1661 1199 solent

41 1218 221 1276 morbi
243 1215 530 1298 famesque.
552 1221 753 1277 Italiam
772 1218 1169 1298 Thraciamque
1189 1240 1414 1278 omnem
1433 1228 1488 1280 &
1504 1226 1660 1300 quic-

41 1301 174 1380 quid
193 1301 258 1358 ab
279 1304 445 1359 Adria
473 1302 536 1359 ad
571 1300 874 1358 suburbana
905 1299 1068 1379 usque
1104 1304 1342 1378 Byzantii
1371 1305 1658 1380 protendi-

40 1401 131 1440 tur
150 1423 168 1450 ,
206 1385 262 1439 in
281 1405 393 1462 quo
416 1382 582 1461 spatio
602 1383 811 1441 Graecia
828 1381 903 1440 est
933 1389 987 1441 &
1027 1380 1391 1441 Chersonesus
1410 1426 1427 1453 ‚
1457 1387 1658 1444 Hunni

40 1485 101 1521 ac
125 1466 262 1522 Slavi
285 1463 453 1522 ferme
476 1467 668 1522 annuis
682 1506 698 1532 ‚
719 1487 781 1523 ex
801 1486 920 1543 quo
941 1467 1230 1545 imperium
1247 1471 1456 1543 potitus
1473 1465 1548 1524 est
1564 1474 1660 1526 Iu-

36 1545 296 1605 stinianus
313 1589 331 1615 ‚
359 1546 657 1604 incursibus
670 1544 942 1607 faediffime
960 1547 1307 1626 populantur.
1349 1549 1535 1608 Credo
1551 1549 1659 1608 fin-

36 1633 181 1708 gulis
199 1631 591 1707 irruptionibus
612 1651 727 1686 non
744 1631 1165 1686 minusducenta
1183 1631 1346 1687 millia
1365 1633 1660 1689 Romano-

36 1731 161 1768 rum
191 1710 359 1768 occisa
377 1730 468 1768 aut
485 1714 540 1766 in
566 1709 876 1767 servitutem
896 1710 1127 1768 abduch
1144 1750 1161 1777 ‚
1193 1714 1266 1768 ita
1286 1730 1343 1768 ut
1362 1730 1527 1770 terras
1544 1715 1657 1771 illas

37 1813 234 1850 omnes
268 1813 382 1848 non
419 1796 696 1868 immerito
745 1791 1010 1869 Scythicas
1042 1789 1356 1851 solitudines
1395 1798 1655 1875 appellare

35 1874 210 1932 liceat.
249 1876 382 1933 Haec
400 1874 519 1933 sunt
537 1897 657 1955 quae
672 1896 764 1956 per
779 1876 1057 1955 Europam
1078 1870 1430 1957 Africamque
1449 1877 1654 1936 bellum
1715 1916 1720 1922 ·

35 1975 257 2037 peperit.

43 2149 46 2153 ·
126 2123 272 2198 Saepe
289 2141 413 2178 cum
434 2123 628 2178 Hunni
646 2121 824 2180 hostili
840 2124 1076 2180 exercitu
1092 2124 1336 2201 captivos
1352 2121 1655 2203 praedasque

35 2200 360 2261 abducerent
379 2227 440 2260 ex
459 2206 724 2262 Romanis
741 2226 872 2283 quas
890 2209 1218 2262 intraverant
1247 2207 1400 2262 terris
1418 2247 1436 2273 ,
1473 2204 1655 2263 Thra-

33 2285 126 2343 ciae
143 2291 195 2342 &
213 2286 581 2363 Illyriciduces
599 2286 791 2343 insilire
811 2285 1138 2345 abeuntibus
1161 2286 1539 2365 properabant.
1564 2288 1654 2347 sed

33 2365 209 2423 statim
246 2365 526 2425 inhibuere
560 2389 751 2425 eorum
781 2388 1010 2426 conatus
1040 2367 1107 2425 ab
1135 2367 1426 2426 Iustiniano
1460 2371 1650 2440 literae,

34 2466 273 2506 vetantes
290 2447 491 2506 offendi
511 2449 775 2506 barbaros'
788 2491 804 2517 ‚
825 2468 886 2507 ut
903 2471 1141 2531 quorum
1159 2450 1410 2509 societate
1432 2473 1514 2510 res
1532 2455 1656 2511 Ro·-

34 2550 195 2587 mana
213 2531 455 2589 adversus
477 2530 1001 2599 Gotth05,hostesve
1023 2535 1154 2590 alios
1172 2533 1455 2614 indigeret.
1484 2538 1557 2591 ita
1574 2532 1658 2592 fa-

34 2612 187 2669 &um
204 2611 279 2670 est
297 2633 357 2670 ut
375 2614 862 2693 barbari‚tanquam
875 2614 1051 2673 hostes
1066 2618 1161 2694 qui
1177 2614 1658 2685 effent,Romanos

33 2689 317 2772 spoliarent
332 2700 453 2752 &in
470 2695 777 2753 servitutem
798 2696 1490 2775 raperent,caeterum,velut
1505 2697 1654 2768 socii,'

33 2793 157 2835 cum
170 2777 342 2855 praeda
356 2781 508 2834 omni
525 2796 683 2859 atque
699 2782 917 2857 captivis
939 2779 1082 2838 abire
1101 2782 1322 2860 impune
1337 2779 1653 2839 sinerentur.

119 2941 200 2997 Sic
218 2936 424 3000 facium
439 2939 534 3011 est,
549 2960 607 3001 ut
626 2944 818 3002 milites
835 2940 983 3001 fracti
1004 2946 1214 3023 penitus
1232 2950 1286 3003 &
1304 2942 1365 3000 ad
1386 2941 1648 3000 summam

905 3043 908 3046 ⁴
1560 3045 1647 3080 in-
