1888 3428
258 136 374 222 325
584 129 980 207 ,Pnoc'opu
1024 127 1591 209 CAEsAREENsrs'J

249 243 332 282 rat
361 218 672 300 procacibus
702 216 998 274 maledictis
1027 215 1275 271 Totilam
1295 213 1534 272 insectari
1554 257 1571 283 ,
1601 216 1665 273 *in
1691 217 1852 276 tantis
1884 214 1888 215 ⁷

249 307 404 363 malis
418 301 526 360 frui
545 321 727 358 amans
757 302 954 377 linguae
982 298 1208 352 licentia.
1253 295 1545 376 Postquam
1570 296 1860 377 augescens

249 389 420 445 fames
439 383 691 463 magnam
709 385 765 437 in
785 379 990 457 oppido
1010 376 1242 457 stragem
1260 375 1478 443 fecerat,
1501 380 1742 436 Conone
1757 372 1863 437 auk.

250 473 405 528 &ore
418 509 435 536 ‚
451 462 683 524 inscensa
701 463 834 519 clam
855 459 1042 538 scapha
1058 460 1211 517 ausus
1233 458 1306 524 est
1320 460 1385 516 ad
1408 463 1624 518 Ducem
1645 464 1857 519 Deme-

247 555 416 611 trium,
448 547 590 605 solus
622 550 721 602 iter
740 563 922 622 capere
942 583 957 604 ,
1002 562 1297 622 praeterque
1317 542 1462 619 spem
1482 544 1770 613 incolumis
1792 543 1857 601 ad

252 654 377 691 eum
399 630 670 712 pervenit,
708 645 944 703 eumque
975 628 1225 682 acerrime
1244 665 1262 691 ‚
1291 642 1466 702 coepta
1487 644 1547 682 ut
1574 626 1854 705 impleret,

251 717 515 774 excitavit.
558 715 637 766 At
653 708 867 764 Totilas
897 705 990 763 ubi
1009 708 1071 763 ad
1087 729 1213 763 eum
1235 705 1299 762 de
1329 702 1475 762 claffe
1504 704 1645 764 fama
1665 728 1858 785 perve-

251 814 402 856 nerat
421 837 435 859 ‚
455 796 748 851 dromonas
767 830 782 855 ‚
804 791 1141 868 celerrimum
1163 791 1508 867 navigiorum
1528 809 1720 870 gemm,
1739 811 1857 861 ma-

246 900 364 960 gno
383 895 613 934 numero
636 889 845 951 paratos
874 870 1084 928 habuit.
1136 871 1329 927 deinde
1352 871 1445 927 ubi
1464 875 1520 927 in
1558 873 1706 929 littus
1724 871 1856 929 illud

244 961 481 1039 Neapoli
500 976 613 1015 non
625 957 788 1034 longe
803 952 978 1010 hostes
994 950 1375 1010 descenderant
1388 993 1403 1019 ,
1426 951 1632 1011 subitus
1649 956 1857 1010 irruens

247 1041 601 1103 formidinem
620 1038 799 1094 intulit
820 1076 835 1102 ‚
869 1033 1156 1113 statimque
1176 1040 1231 1108 ὃς
1247 1032 1454 1114 fugam.
1498 1040 1556 1091 In
1577 1057 1635 1092 ea
1654 1037 1856 1093 multos

246 1121 518 1185 interfecit
540 1144 553 1176 :
593 1120 735 1198 cepit
753 1119 949 1197 plures,
989 1116 1215 1174 Evasere
1232 1124 1326 1194 qui
1354 1121 1513 1173 initio
1547 1120 1602 1173 in
1636 1122 1860 1192 navium

248 1206 460 1286 scaphas
496 1200 687 1259 insilire
720 1218 946 1278 potuere
966 1238 982 1264 ‚
1017 1219 1253 1277 quorum
1274 1195 1379 1254 fuit
1396 1198 1505 1255 dux
1525 1197 1632 1276 ipse
1649 1202 1859 1256 Deme·
1886 1225 1888 1228 ·

249 1292 402 1348 rrius·
450 1287 727 1342 Caeterum
749 1299 910 1337 naves
927 1321 942 1341 ‚
975 1301 1142 1362 opera
1160 1321 1177 1347 ‚
1211 1287 1265 1336 δέ
1283 1281 1545 1359 quicquid
1564 1285 1617 1338 in
1636 1282 1737 1337 illis
1753 1279 1860 1338 ho-

249 1376 463 1431 minum
485 1384 593 1426 erat
610 1405 627 1431 ,
656 1367 713 1420 in
735 1361 1055 1443 potestatem
1074 1362 1310 1421 hostium
1331 1362 1642 1428 venereibi
1665 1369 1717 1419 &
1739 1364 1859 1436 De-

214 1522 219 1523 ⁷
248 1456 532 1516 mettium,
566 1449 718 1505 illum
738 1466 904 1525 quem
921 1445 1157 1524 Neapoli
1178 1443 1596 1524 dispensatorem
1614 1442 1764 1502 fuiffe
1781 1444 1860 1504 di-

249 1541 425 1596 ximus
443 1574 459 1595 ‚
494 1533 766 1609 reperiunt
785 1526 1028 1595 barbari,
1072 1525 1387 1607 abscissaque
1405 1529 1590 1609 lingua
1608 1533 1662 1584 &
1683 1530 1860 1586 mani-—

249 1620 352 1677 bus
373 1658 390 1683 ‚
428 1634 541 1671 non
561 1612 819 1668 occidunt
837 1651 853 1675 ‚
885 1607 974 1667 sed
1001 1628 1192 1667 trunco
1224 1627 1450 1690 corpore
1470 1613 1545 1668 ire
1575 1608 1680 1689 qua
1700 1610 1873 1683 vellet*

250 1700 445 1758 sinunt.
487 1696 605 1750 Has
621 1694 819 1749 Totilae
836 1694 1155 1748 Demetrius
1171 1692 1258 1749 ille
1277 1713 1462 1770 poenas
1487 1693 1859 1750 immoderatae

250 1778 589 1863 loquacitatis
613 1772 776 1831 dedit.
826 1771 952 1830 Post
984 1772 1280 1830 haecaetiam
1317 1775 1654 1830 Maximinus
1676 1794 1859 1841 nave5‚

251 1885 384 1944 quas
401 1857 634 1917 habebat
649 1875 842 1911 omnes
860 1894 877 1918 ,
903 1856 1129 1910 Siciliam
1150 1857 1382 1934 appulit:
1402 1854 1586 1934 ibique
1604 1854 1855 1927 substitit,

251 1947 379 2003 belli
413 1940 644 2018 pericula
672 1934 817 2015 segni
852 1938 970 1992 otio
991 1935 1278 1993 declinans·
1326 1938 1502 2006 Quod
1522 1935 1859 1994 cuma-adiis-

252 2030 367 2086 sent
385 2023 626 2082 Romani
661 2021 924 2074 exercitus
956 2017 1118 2075 duces
1139 2059 1155 2085 ,
1191 2017 1478 2076 confestim
1495 2017 1563 2076 ‘ad
1584 2039 1709 2075 eum
1730 2011 1888 2076 mit-⁷

253 2128 380 2167 tunt
397 2148 413 2174 ‚
453 2121 665 2160 oran-tes
680 2121 750 2166 ‚ne
771 2097 1006 2157 differret
1023 2102 1280 2157 auxilium
1296 2141 1312 2165 ,
1356 2121 1477 2159 ante
1493 2119 1712 2159 caeteros
1728 2122 1859 2159 vero

254 2194 463 2249 Conon
482 2230 496 2250 ,
530 2204 692 2263 quem
717 2185 886 2259 magis
914 2180 1188 2261 magisque
1208 2183 1485 2262 premebat
1505 2182 1858 2240 barbarorum
1884 2225 1888 2230 .

253 2270 466 2330 obsidio
486 2309 502 2334 ‚
533 2263 909 2339 omnibusjam
930 2262 1087 2320 rebus
1109 2264 1396 2321 necessariis
1416 2263 1747 2323 destitutum.
1778 2269 1888 2322 At*⁴¹

252 2352 591 2413 Maximinus
627 2347 919 2426 plurimum
954 2344 1125 2402 adhuc
1159 2350 1422 2426 temporis
1453 2368 1606 2403 mora
1624 2346 1888 2413 trahens„';.-

254 2435 539 2518 postquam
556 2425 898 2506 Imperatoris
925 2432 1099 2484 minas
1119 2427 1511 2507 perhorrescere
1540 2433 1690 2508 caepit
1712 2470 1727 2495 ‚
1759 2433 1888 2493 nec}

254 2523 488 2581 aliorum
506 2512 741 2568 convitia
769 2509 968 2566 diutius
982 2506 1129 2586 posse
1148 2512 1393 2588 perpeti,
1437 2531 1550 2567 non
1577 2532 1645 2567 eo
1679 2500 1888 2568 minus*

162 2659 170 2662 ,
255 2600 363 2682 ipse
382 2597 476 2654 ubi
496 2611 605 2651 erat
624 2589 814 2647 mansit
836 2633 853 2659 ,
872 2595 1162 2649 exercitum
1184 2611 1361 2649 autem
1383 2613 1607 2649 omnem
1625 2590 1720 2649 sub
1739 2595 1860 2650 He-

256 2682 485 2743 rodiano
506 2717 522 2742 ,
545 2673 834 2732 Demetrio
851 2713 867 2739 ,
888 2671 1060 2729 Phaza
1077 2715 1093 2741 ,
1114 2674 1403 2752 Neapolim
1422 2677 1535 2732 vela
1548 2672 1694 2749 juffit
1713 2671 1877 2748 face—-

255 2787 312 2824 re
333 2804 349 2832 ,
368 2760 690 2819 imminente
702 2758 812 2829 jam
831 2752 1042 2833 hyeme.
1062 2755 1155 2813 ubi
1172 2756 1401 2832 Neapoli
1420 2777 1536 2813 non
1551 2758 1716 2836 longe
1742 2754 1885 2823 clas-’j

250 2847 323 2908 fis
340 2844 519 2901 aberat
537 2878 553 2905 ‚
588 2835 783 2904 saevtim
809 2836 1274 2917 procellosumque
1292 2836 1384 2895 flat
1402 2857 1628 2895 ventus:
1660 2837 1888 2907 Phazas‘

257 2926 523 3010 permittit
552 2917 600 2979 se.
635 2917 837 2977 casibus
869 2938 1047 2998 neque
1076 2938 1262 2978 nautas
1278 2938 1367 2979 aut
1388 2925 1574 2980 ‘remos
1594 2920 1888 2997 retraheres>

392 3027 395 3028 ’
1762 3016 1856 3059 aut
1882 3022 1886 3023 ⁷
