1931 3428
321 119 1254 209 L1BERQ1NTVS·
1500 125 1617 202 883

460 293 513 349 C
597 310 636 348 A
712 303 773 342 Ρ.
895 278 1153 338 ΧΧΧῙ.

234 438 308 486 De
312 422 456 501 stella
475 431 697 479 comete,
721 412 784 478 ὅς’
802 409 860 467 de
875 404 1082 485 operibus
1105 410 1235 478 Papae
1253 401 1402 459 Doni.

8 569 125 702 IN
157 562 402 645 sequenti
436 557 557 640 post
588 571 837 632 ternpore
856 587 874 613 ‚
910 538 1091 602 mense
1106 535 1363 618 Augusto
1383 578 1400 603 ‚
1433 535 1460 592 Ξι
1479 547 1624 615 parte

65 649 317 717 ,Orientis
336 644 481 703 stella
514 642 778 699 Cometes
809 627 1054 707 apparuit
1088 625 1248 679 nimis
1284 617 1625 698 fulgentibus

7 735 167 796 radiis
185 773 202 800 ,
241 751 361 810 qua:
381 723 500 809 post
521 726 576 781 in
593 721 756 779 semet
785 709 950 793 ipsam
968 703 1171 766 reversa
1187 701 1463 781 disparuit.
1504 704 1625 758 Nec

8 836 165 877 mora
183 855 200 883 ,
218 814 394 893 gravis
414 804 712 888 pestilentia
731 797 796 855 ab
814 793 1000 851 eadem
1020 806 1166 868 parte
1187 786 1413 842 orientis
1427 779 1623 848 secuta,

10 902 335 960 Romanum
356 890 622 974 populum
640 876 947 941 devastavit.
971 872 1076 930 His
1095 868 1286 929 diebus
1301 869 1506 924 Donus
1524 870 1627 922 Pa-

7 1003 78 1062 pa
93 983 362 1042 Romanae
380 968 606 1031 ecclefiae
623 968 810 1024 locum
829 961 924 1040 qui
945 950 1216 1013 Paradisus
1232 950 1429 1008 dicitur
1450 989 1468 1016 ‚
1502 965 1630 1005 ante

6 1061 280 1134 bafilicam
300 1057 445 1116 beati
463 1048 694 1132 apostoli
708 1048 851 1105 Petri
872 1083 889 1112 ‚
923 1036 1161 1097 candidis
1181 1040 1235 1092 δε
1259 1033 1470 1113 magnis
1487 1050 1633 1088 mar-

0 1145 254 1212 moribus
272 1136 497 1201 mirifice
516 1134 717 1194 stravit.

417 1290 472 1349 C
551 1307 590 1343 A
668 1273 751 1339 1³(
845 1274 1157 1336 XXXII.

49 1421 327 1485 Bertaridus
343 1419 410 1476 ad
420 1431 621 1494 regnum
640 1422 886 1469 Saxonum
902 1406 956 1461 in
975 1397 1231 1458 Britannia
1253 1396 1322 1452 ire
1340 1391 1590 1472 diſj‘oosuit.

18 1564 257 1694 ΗΔΕ
283 1552 602 1635 tempestate
617 1551 949 1606 Francorum
981 1555 1212 1618 regnum
1251 1531 1393 1612 apud
1425 1530 1634 1589 Gallias

174 1629 775 1723 Dagobertusregebat
797 1667 813 1694 ,
846 1643 970 1681 cum
1002 1640 1116 1700 quo
1151 1638 1242 1674 rex
1276 1612 1636 1672 Grimoaldus

13 1730 156 1810 pacis
173 1721 482 1783 firmiffimae
500 1715 682 1775 foedus
700 1713 908 1768 inierat.
956 1704 1133 1777 Cujus
1165 1696 1480 1755 Grimoaldi
1496 1697 1635 1754 vires

9 1807 322 1870 Bertaridus
356 1807 517 1861 etiam
536 1795 678 1878 apud
696 1796 1028 1850 Francorum
1050 1784 1273 1861 patriam
1310 1777 1637 1835 constitutus

9 1911 297 1956 metuens»,
321 1882 554 1967 egressus
572 1880 599 1937 ἐ
620 1877 794 1935 Gallia
811 1915 826 1940 ‚
867 1870 930 1928 ad
943 1867 1277 1925 Britanniam
1296 1860 1519 1919 insulam
1539 1860 1635 1914 Sa-

10 1981 335 2054 :tonumque
356 1989 540 2049 regern
561 1976 849 2044 properare
869 1951 1123 2031 disponit.

428 2120 479 2175 C
561 2135 599 2171 A
678 2132 734 2169 Ρ.
851 2106 975 2164 XX
997 2105 1188 2185 XIII.

187 2263 261 2309 De
281 2262 436 2306 morte
452 2239 718 2300 Grimoaldi
737 2240 855 2310 regis
870 2271 885 2296 ‚
919 2233 980 2293 ὠ*
999 2230 1055 2285 de
1075 2225 1333 2307 reverfione
1349 2235 1468 2281 Ber-

544 2324 726 2385 taridi,
757 2321 819 2381 (y
838 2334 983 2392 regno
1009 2314 1127 2393 ejm.

160 2475 218 2529 T
238 2491 372 2529 vero
393 2459 771 2523 GrimoalduS‚
786 2475 911 2512 cum
931 2470 1082 2508 nono
1103 2449 1186 2505 die
1207 2442 1326 2525 post
1347 2437 1646 2521 phleboto-

166 2556 404 2613 miamin
432 2548 526 2606 suo
548 2545 744 2625 palatio
764 2536 1088 2595 constitutus
1108 2572 1125 2600 ‚
1161 2544 1383 2604 accepto
1406 2542 1528 2578 arcu
1548 2540 1648 2576 co·-

25 2638 267 2699 lumbam
288 2634 474 2716 sagitta
493 2644 767 2710 percutere
789 2618 928 2678 nisus
948 2614 1075 2672 effer
1093 2655 1109 2682 ‚
1152 2619 1266 2688 ejus
1288 2604 1486 2663 brachii
1510 2621 1647 2661 vena

22 2723 244 2800 ‘dirupta
261 2718 355 2776 est.
403 2716 512 2772 Cui
534 2753 550 2778 ,
585 2728 646 2768 ut
677 2704 893 2770 ferunt,
919 2700 1114 2756 medici
1134 2708 1395 2750 venenata
1413 2687 1648 2744 medica-
