1888 3428
27 595 360 663 *lamoribuffi
384 616 444 655 ut
460 619 558 655 nec
577 597 796 673 imperia
814 593 1193 651 exaudirentur
1211 634 1226 659 ‚
1266 615 1364 650 nec
1394 594 1538 653 aliud
1573 600 1627 654 in

9 710 16 732 ·
71 684 255 739 entem
276 684 498 747 veniret,
518 699 679 756 quam
700 675 1165 757 quemadmodum
1185 674 1213 732 ἐ
1228 675 1402 734 castris
1419 675 1469 734 se
1484 677 1630 758 quis—

20 790 37 814 ·
52 785 116 822 ue
133 765 434 842 proriperet
449 782 506 819 ac
519 764 793 820 Ravennae
824 763 960 816 intra
979 762 1181 816 moenia
1200 755 1430 817 abderet.
1474 758 1630 839 quod

9 868 48 903 ιι
74 849 153 904 vis
184 852 239 903 δε
279 846 495 903 audacia
527 839 990 909 obsessis-sufflet,
1023 859 1276 922 poterant
1306 863 1504 920 magna
1520 841 1629 899 ho-

2 958 17 978 ι
58 933 173 986 ium
202 927 370 1007 strage
406 925 570 984 finem
604 925 751 982 bello
785 927 1084 1003 imponere.
1133 923 1234 981 Sed
1268 923 1630 1002 prohibebant

9 1011 67 1069 ·d
89 1013 253 1090 longa
271 1012 566 1067 calamitate
585 1008 780 1083 dejecti
795 1010 991 1075 animi,
1010 1005 1272 1086 simulque
1292 1028 1519 1087 corpora
1536 1024 1629 1088 per

9 1093 397 1151 limentorum
433 1093 678 1170 inopiam
711 1089 972 1148 exhausta.
1021 1090 1170 1169 Ergo
1204 1087 1447 1159 barbari,
1478 1110 1540 1148 ut
1571 1095 1628 1148 in

9 1205 15 1227 ι
71 1196 207 1255 agna
239 1174 602 1255 trepidatione
632 1218 647 1240 ‚
681 1175 866 1231 multis
898 1194 1080 1230 rerum
1117 1171 1327 1233 suarum
1362 1172 1629 1231 derelictis

9 1264 41 1307 l·
66 1278 330 1320 avennam
364 1254 517 1314 cursu
551 1275 764 1335 petunt.
809 1259 975 1313 Primi
1009 1257 1394 1312 Romanorum
1433 1256 1630 1335 Ildiger

20 1350 41 1390 ὲ
83 1342 323 1419 quicum
359 1361 426 1396 eo
461 1357 612 1397 erant
646 1335 861 1418 ingressi
878 1336 1116 1394 hostium
1140 1335 1301 1396 castra
1321 1377 1337 1404 ‚
1372 1336 1630 1394 Gottho—

9 1450 14 1472 ι
40 1444 131 1480 urn
149 1443 292 1501 quos
312 1420 493 1479 morbi
513 1423 841 1478 attinuerant
874 1421 1114 1498 captivos
1134 1416 1306 1476 fecere
1326 1459 1344 1486 ,
1375 1425 1429 1476 &
1445 1441 1527 1477 res
1546 1441 1630 1477 ra-

9 1534 15 1577 ,
52 1526 173 1564 uere
190 1502 323 1586 fuga
340 1503 586 1563 desertas.
619 1501 896 1560 Belisarius
916 1502 1011 1560 sub
1031 1502 1309 1581 meridiem
1332 1523 1456 1560 cum
1475 1524 1632 1561 exer-

9 1622 11 1625 ·
43 1592 119 1644 itu
141 1589 359 1649 advenit
379 1627 394 1648 ,
425 1592 480 1643 δε
514 1605 574 1643 ut
595 1584 892 1649 Iohannem
912 1582 1213 1663 militesque
1232 1590 1347 1660 ejus
1369 1587 1632 1660 pallentes¹

20 1681 40 1720 ἐ
84 1668 298 1727 tabidos
313 1666 457 1725 fame
478 1667 610 1725 vidit
631 1709 647 1735 ,
675 1666 1036 1745 improvidam
1053 1668 1414 1732 temeritatem
1431 1664 1633 1724 sermo-

9 1782 13 1800 ι
50 1773 78 1808 e
107 1750 342 1830 figurato
376 1767 605 1816 notanS,
639 1754 834 1828 gratias
867 1769 993 1805 eum
1026 1745 1220 1804 debere
1251 1747 1632 1827 Ildigeridixit·²

30 1850 39 1866 ⁴
66 1852 88 1891 t
105 1835 190 1893 ille
209 1854 321 1890 non
343 1832 558 1912 lldigeri
578 1831 709 1889 dixit
733 1865 754 1897 ,0
769 1829 867 1888 *sed
882 1827 1451 1907 Narsetilmperatoris
1467 1835 1631 1913 largi-—

34 1921 224 1974 ionum
242 1916 477 1982 Comiti,
500 1911 838 1976 subindicans
855 1934 968 1969 non
986 1910 1073 1969 sua
1093 1912 1284 1991 sponte
1301 1910 1631 1982 Belisarium,

9 1999 93 2057 ed
133 1996 756 2076 Narset'is'irnpulsufibi
786 1993 977 2056 veniffe
1008 1993 1295 2074 suppetias.
1338 1996 1420 2052 Ex
1451 2018 1517 2054 eo
1539 1997 1626 2054 sua

10 2111 14 2132 ι
35 2083 168 2159 pecti
204 2102 268 2137 ac.
289 2076 581 2158 suspicaces'
607 2082 748 2135 inter
766 2077 814 2135 se
835 2097 1082 2157 egerunt.
1125 2099 1229 2155 qua
1246 2094 1451 2156 captata
1470 2101 1631 2137 occa-

9 2176 157 2226 ι-ιοηε
179 2184 274 2220 nec
296 2161 578 2220 Narsetem
597 2160 672 2218 sui
693 2159 853 2218 livere
873 2181 998 2217 cum
1030 2158 1281 2217 Belisario
1311 2181 1533 2239 operam
1557 2167 1631 2219 vi*

9 2274 15 2295 ι
38 2245 194 2325 esque
219 2251 552 2325 conjungere
571 2284 588 2310 ‚
621 2242 992 2301 demonstrato
1027 2263 1189 2322 quarn
1212 2260 1368 2321 turpe
1387 2242 1512 2302 esset
1533 2243 1632 2301 ho·

9 2359 14 2379 ι
70 2332 146 2385 ini
167 2330 514 2406 Imperatoris
548 2346 862 2383 arcanorum
897 2328 1138 2404 participi
1172 2323 1271 2383 effe
1305 2328 1362 2383 in
1393 2329 1632 2387 exercitu

20 2407 360 2488 utnonipse
381 2412 666 2487 imperaret
685 2450 700 2475 ‚
720 2409 951 2486 ducique
970 2409 1116 2465 alteri
1138 2408 1388 2466 militare.
1429 2412 1632 2490 Neque

20 2497 154 2550 nim
172 2491 478 2555 Belisarium
499 2488 770 2570 passurum
788 2508 848 2547 ut
864 2512 926 2548 ex
946 2511 1103 2570 aequo
1121 2488 1298 2548 secum
1319 2510 1518 2572 ageret.
1548 2497 1631 2552 At

10 2575 158 2655 ·1ips1
177 2573 388 2632 seorsim
409 2579 590 2654 copias
609 2574 802 2631 ducere
822 2571 1011 2631 liberet
1033 2614 1050 2641 ,
1087 2591 1298 2650 paratos
1318 2574 1462 2653 sequi
1482 2576 1631 2633 mili-

10 2679 129 2718 um
164 2658 374 2735 plureS,
411 2655 699 2714 ducum&
734 2658 1000 2713 meliores,
1045 2656 1290 2713 Herulos
1323 2661 1469 2715 enim
1504 2678 1632 2736 pro.-

10 2738 258 2819 ἰ,ιοί“φιε
288 2737 384 2818 ipfi
419 2756 537 2797 turn
567 2738 809 2798 satellites
838 2755 957 2796 tum
979 2739 1351 2818 protectores,
1377 2756 1630 2819 praeterea

10 2832 16 2867 ί
37 2821 192 2880 ustini
213 2862 231 2889 ,
253 2820 505 2879 Iohannis
524 2863 540 2890 ,
562 2824 735 2879 Aratii
755 2863 772 2889 ,
803 2821 1120 2901 alteriusque
1138 2820 1375 2879 Narsetis
1396 2823 1630 2880 militem

10 2936 15 2951 ι
52 2921 125 2961 on
143 2908 320 2961 minus
336 2903 522 2962 decern
546 2905 708 2962 millia
726 2901 951 2972 efficere,
969 2907 1165 2962 virtute
1186 2902 1420 2983 bellique
1440 2906 1629 2983 peritia

23 2989 332 3049 mittentes.
369 2989 439 3046 Iis
456 2987 716 3047 omnibus
736 2987 789 3046 id
808 2989 1012 3068 placere
1030 3008 1097 3047 ne
1117 2987 1267 3050 vistae
1284 2987 1445 3046 Italiae
1463 2985 1630 3042 decus

1442 3083 1627 3126 totum
