1888 3428
148 210 238 251 AD
271 183 544 252 Gora-'H
564 208 638 248 os
664 181 1179 249 Peri-'‘rmEN-rrs
1214 192 1355 249 Lm.
1383 195 1420 252 1.
1510 193 1627 275 5451

17 272 188 334 'clausa
206 273 491 333 tenebatur
504 315 521 343 ‚
542 271 872 331 servantibus
891 271 1093 329 clavem
1113 273 1442 335 custodibuS.
1470 277 1556 337 sed
1573 286 1630 337 &

17 357 131 418 haec
164 372 282 415 tota
310 377 435 415 cum
466 354 1120 433 vec'tibusrepagulisque
1150 356 1277 411 loco
1310 356 1407 414 suo
1426 359 1633 418 excussa

16 443 75 498 in
108 442 256 498 littus
274 441 543 517 marisque
571 435 1440 515 scopulos-projicitur„*diffiliere
1472 440 1631 501 fimul

17 525 208 579 omnia
224 543 343 599 quae
362 514 608 578 connexa
626 517 833 579 fuerant
852 557 866 582 ‚
899 516 1080 596 postes
1099 563 1112 583 ‚
1151 522 1390 597 projecta
1414 561 1430 585 ‚
1462 524 1631 582 limen

16 603 269 682 superum
289 644 306 670 ,
334 609 387 660 &
420 606 515 681 qui
546 600 661 660 solo
680 598 831 656 infixi
860 596 1072 659 fuerant
1091 601 1349 661 cardines.
1392 604 1498 661 His
1518 627 1634 684 per-

13 687 146 742 actis
165 726 182 753 ,
201 683 367 742 facilis
384 680 664 742 videbatur
678 682 948 739 Romanis
966 683 1142 741 aditus
1161 686 1522 765 in‘oppidum,
1541 706 1633 744 tu=

16 787 189 846 toque
210 767 376 824 hostis
394 765 539 845 poffe
558 767 853 822 contemni.
897 762 982 823 sed
1005 787 1070 825 ne
1090 763 1157 823 fic
1175 768 1402 846 quidem
1425 790 1524 847 pro
1543 771 1631 848 spe

15 846 275 908 succeffus
292 848 397 907 fuit
426 870 439 904 :
468 846 690 905 'Fiffurae
709 849 911 926 quippe
932 855 985 906 &
1019 846 1246 928 abrupta
1279 856 1471 909 tum‘in
1493 854 1631 910 colle

14 930 130 1012 ipso
167 949 286 989 turn
322 935 375 988 in
408 933 655 987 citeriore
687 936 802 1005 ejus
838 929 1048 988 ambitu
1067 934 1124 988 in
1151 933 1382 1013 longum
1402 933 1633 1012 spatium

15 1013 230 1072 extensa>
257 1011 632 1092 confragosam
663 1010 993 1092 'tran‘ssrique
1018 1011 1287 1072 difficilem
1318 1015 1491 1074 adhuc
1509 1016 1634 1074 red-

16 1096 215 1155 debant
245 1093 498 1172 humum.
541 1094 945 1171 Narsestamen
967 1096 1216 1154 auda&er
1246 1094 1451 1156 assultat
1471 1102 1635 1177 oppi-

14 1179 186 1246 dum',
209 1180 358 1234 velut
379 1176 490 1255 ipso
510 1180 719 1256 impetu
740 1194 1019 1256 capturus:
1064 1180 1296 1238 veruma
1316 1181 1544 1239 Gotthis
1564 1203 1632 1238 eo

10 1259 63 1318 se
100 1259 561 1338 conglobantibus
602 1259 923 1337 strenueque
955 1259 1044 1317 sua
1076 1262 1378 1320 tutantibus
1413 1264 1634 1344 depelli-

12 1362 134 1409 tur,
171 1345 319 1399 nullo
353 1340 499 1398 facto
530 1361 707 1420 operae
741 1346 934 1420 pretio.
985 1344 1134 1401 Cum
1155 1364 1334 1422 neque
1353 1344 1631 1403 assidendo

16 1445 194 1504 neque
213 1423 424 1482 incursu
448 1422 562 1504 capi
581 1423 847 1503 oppidum
868 1427 1046 1502 quiret
1063 1466 1081 1494 ‚
1106 1426 1384 1485 constituit
1403 1449 1518 1486 non
1543 1430 1633 1485 ul-

15 1524 94 1564 tra
112 1505 188 1564 ibi
208 1525 392 1565 totum
410 1504 631 1587 fatigare
652 1508 946 1564 exercitum
962 1548 979 1576 ‚
1009 1505 1097 1567 sed
1111 1511 1464 1580 Florentiam,
1484 1513 1633 1569 Cen-

14 1590 298 1647 tumcellas
329 1594 496 1669 inque
532 1591 630 1646 alia
656 1591 713 1646 T
717 1587 905 1648 husciae
938 1591 1139 1670 oppida
1173 1589 1224 1650 se
1256 1590 1533 1658 conferre,
1568 1599 1632 1651 u't

13 1675 334 1752 priusquam
369 1673 645 1730 adveniret
678 1668 846 1727 hostis
879 1693 959 1729 res
992 1672 1070 1729 ibi
1101 1673 1470 1731 constitueret.
1516 1682 1631 1751 ,iam

13 1757 163 1811 enim
182 1750 417 1812 audierat
436 1757 509 1811 cis
527 1753 731 1811 Padum
753 1751 1041 1811 constitiffe
1069 1755 1381 1816 Leutharim
1401 1764 1451 1815 δέ
1474 1760 1634 1815 Buri-

11 1837 344 1894 linum-cum
376 1838 651 1894 Francicis
693 1838 1176 1918 Alemannicisque
1208 1843 1404 1919 copiis.
1466 1861 1635 1920 quate

15 1923 309 1977 maximam
349 1921 475 1976 illuc
504 1920 771 1976 exercitus
803 1937 1009 1996 partem
1040 1922 1259 1980 trahens
1288 1963 1307 1990 ,
1364 1941 1631 2003 properae

17 2002 168 2059 Cum
192 2018 306 2059 non
329 2003 513 2058 multis
548 2020 671 2058 ante
696 2001 897 2059 ¹diebus
937 2004 1138 2060 morbo
1172 2005 1446 2064 interiisset
1460 2006 1632 2064 Phili-

3 2084 176 2143 xmuth
195 2084 303 2142 dux
338 2085 678 2142 Herulorum
714 2087 808 2163 qui
842 2087 899 2141 in
930 2106 997 2142 eo
1018 2106 1165 2144 erant
1184 2091 1421 2147 exercitu
1443 2129 1460 2155 ‚
1498 2110 1632 2167 pro-2

14 2163 306 2248 priumque
320 2165 397 2224 eis
414 2165 608 2224 ducem
628 2166 740 2224 dari
760 2186 881 2238 mos
897 2171 1134 2249 exigeret
1148 2212 1165 2239 ,
1195 2171 1517 2250 popularem
1534 2193 1632 2230 eo-

3 2270 137 2310 rum
166 2248 473 2307 Phulcarim
506 2247 788 2307 Phanithei
817 2248 1003 2307 vsorore
1031 2256 1282 2332 genitum
1317 2259 1374 2312 in
1401 2257 1631 2313 eumlof-

15 2353 142 2389 cum
178 2349 472 2411 promovet
492 2372 511 2398 ‚
546 2336 705 2411 eique
737 2332 955 2391 mandat
978 2353 1038 2390 ut
1072 2356 1196 2392 cum
1217 2334 1454 2396 Iohanne
1473 2340 1633 2397 Vita-

13 2416 141 2471 liani
163 2422 218 2472 &
236 2415 546 2482 Valeriano,
571 2413 848 2471 Artabane
869 2416 1089 2495 aliisque
1108 2416 1339 2478 ducibus
1356 2426 1411 2478 &
1429 2419 1632 2478 cohor-

14 2498 156 2554 tium
191 2494 485 2576 praefeffis,
520 2518 579 2553 ac
606 2515 753 2574 parte
789 2501 1051 2556 exercitus
1088 2505 1290 2576 majore
1321 2524 1381 2560 ac
1414 2504 1631 2581 potiore

16 2581 299 2658 Apennini
320 2585 453 2658 juga
486 2583 775 2636 circumeat
792 2620 808 2646 ,
847 2600 962 2659 quae
982 2580 1275 2641 Thusciam
1296 2587 1436 2643 inter
1454 2587 1633 2643 AEmi-

8 2663 252 2741 ¹liamque
271 2659 321 2719 se
342 2663 597 2719 attollunt
617 2703 632 2728 ‚
671 2663 855 2719 donec
888 2663 952 2719 ad
973 2664 1178 2722 Padum
1200 2670 1475 2745 perveniat
1499 2691 1512 2725 ε
1557 2667 1635 2724 ibi

15 2760 252 2801 metatus
277 2741 452 2800 castra
495 2741 805 2801 firmissimis
837 2745 1089 2803 locorum
1126 2755 1418 2829 antecaptis
1453 2747 1634 2807 obstet

14 2823 262 2883 hostibus
286 2829 504 2905 ‘iterque
543 2827 824 2906 impediat.
868 2829 1022 2907 quod
1053 2828 1089 2887 fi
1119 2834 1338 2910 penitus
1375 2831 1634 2890 effectum

14 2907 139 2965 dare
157 2905 348 2987 posset,
369 2911 563 2987 gratias
581 2910 814 2989 agendas
833 2912 1089 2969 Fortunae
1111 2937 1124 2971 ι
1157 2912 1232 2970 sin
1251 2916 1305 2972 id
1325 2918 1632 2994 nequirent,

11 2987 292 3074 superante
309 2989 547 3050 hostium
580 2992 936 3053 multitudine
952 3035 970 3065 ,
1005 3013 1057 3053 at
1074 2996 1364 3056 retardaret
1380 2993 1634 3078 ¹hostium

1507 3095 1629 3145 iter,
