<?xml version="1.0" encoding="UTF-8"?>
<!DOCTYPE html PUBLIC "-//W3C//DTD XHTML 1.0 Transitional//EN"
    "http://www.w3.org/TR/xhtml1/DTD/xhtml1-transitional.dtd">
<html xmlns="http://www.w3.org/1999/xhtml" xml:lang="en" lang="en">
 <head>
  <title>
</title>
<meta http-equiv="Content-Type" content="text/html;charset=utf-8" />
  <meta name='ocr-system' content='tesseract 3.04.00' />
  <meta name='ocr-capabilities' content='ocr_page ocr_carea ocr_par ocr_line ocrx_word'/>
</head>
<body>
  <div class='ocr_page' id='page_1' title='image "./historiagotthoru00grot_0570.png"; bbox 0 0 1888 3428; ppageno 0'>
   <div class='ocr_carea' id='block_1_1' title="bbox 166 157 1888 3084">
    <p class='ocr_par' dir='ltr' id='par_1_1' title="bbox 166 157 1888 3084">
     <span class='ocr_line' id='line_1_1' title="bbox 241 157 1566 240; baseline -0.002 -22"><span class='ocrx_word' id='word_1_1' title='bbox 241 157 364 240; x_wconf 48' lang='lat'>254</span> <span class='ocrx_word' id='word_1_2' title='bbox 565 164 969 220; x_wconf 75' lang='lat' dir='ltr'>PRocoPu</span> <span class='ocrx_word' id='word_1_3' title='bbox 1025 161 1566 218; x_wconf 71' lang='lat' dir='ltr'>CAESAREENSIS</span> 
     </span>
     <span class='ocr_line' id='line_1_2' title="bbox 242 239 1858 324; baseline 0.001 -24"><span class='ocrx_word' id='word_1_4' title='bbox 242 243 386 301; x_wconf 90' lang='lat' dir='ltr'>bello</span> <span class='ocrx_word' id='word_1_5' title='bbox 407 259 557 300; x_wconf 88' lang='lat' dir='ltr'>erant</span> <span class='ocrx_word' id='word_1_6' title='bbox 574 246 774 324; x_wconf 82' lang='lat' dir='ltr'>optimi</span> <span class='ocrx_word' id='word_1_7' title='bbox 790 284 807 312; x_wconf 90' lang='lat'>‚</span> <span class='ocrx_word' id='word_1_8' title='bbox 835 239 1020 324; x_wconf 86' lang='lat' dir='ltr'>spretis</span> <span class='ocrx_word' id='word_1_9' title='bbox 1037 241 1268 299; x_wconf 87' lang='lat' dir='ltr'>ducibus</span> <span class='ocrx_word' id='word_1_10' title='bbox 1290 243 1488 298; x_wconf 82' lang='lat' dir='ltr'>caeteris</span> <span class='ocrx_word' id='word_1_11' title='bbox 1507 281 1523 303; x_wconf 90' lang='lat'>‚</span> <span class='ocrx_word' id='word_1_12' title='bbox 1556 242 1650 321; x_wconf 89' lang='lat' dir='ltr'>qui</span> <span class='ocrx_word' id='word_1_13' title='bbox 1666 239 1858 318; x_wconf 49' lang='lat' dir='ltr'>satellia-</span> 
     </span>
     <span class='ocr_line' id='line_1_3' title="bbox 186 320 1876 406; baseline 0 -24"><span class='ocrx_word' id='word_1_14' title='bbox 186 384 193 388; x_wconf 67' lang='grc'><strong>,</strong></span> <span class='ocrx_word' id='word_1_15' title='bbox 238 343 320 382; x_wconf 87' lang='lat' dir='ltr'>tes</span> <span class='ocrx_word' id='word_1_16' title='bbox 339 327 577 405; x_wconf 84' lang='lat' dir='ltr'><strong>plerique</strong></span> <span class='ocrx_word' id='word_1_17' title='bbox 593 345 685 384; x_wconf 88' lang='lat' dir='ltr'>aut</span> <span class='ocrx_word' id='word_1_18' title='bbox 705 326 1039 406; x_wconf 56' lang='lat' dir='ltr'>protectores</span> <span class='ocrx_word' id='word_1_19' title='bbox 1052 320 1285 389; x_wconf 86' lang='lat' dir='ltr'>fuerant,</span> <span class='ocrx_word' id='word_1_20' title='bbox 1305 322 1649 380; x_wconf 82' lang='lat' dir='ltr'>Germanum</span> <span class='ocrx_word' id='word_1_21' title='bbox 1667 345 1876 403; x_wconf 85' lang='lat' dir='ltr'>prom-.</span> 
     </span>
     <span class='ocr_line' id='line_1_4' title="bbox 242 403 1863 484; baseline -0.001 -20"><span class='ocrx_word' id='word_1_22' title='bbox 242 408 286 464; x_wconf 68' lang='lat' dir='ltr'>&#39;ti</span> <span class='ocrx_word' id='word_1_23' title='bbox 306 404 641 465; x_wconf 62' lang='lat' dir='ltr'>sefiaba&#39;ntur</span> <span class='ocrx_word' id='word_1_24' title='bbox 657 450 674 476; x_wconf 89' lang='lat'>‚</span> <span class='ocrx_word' id='word_1_25' title='bbox 714 427 828 464; x_wconf 91' lang='lat' dir='ltr'>non</span> <span class='ocrx_word' id='word_1_26' title='bbox 847 428 909 464; x_wconf 83' lang='lat' dir='ltr'>ex</span> <span class='ocrx_word' id='word_1_27' title='bbox 948 408 1211 484; x_wconf 87' lang='lat' dir='ltr'>Byzantio</span> <span class='ocrx_word' id='word_1_28' title='bbox 1232 420 1448 461; x_wconf 87' lang='lat' dir='ltr'>tantum</span> <span class='ocrx_word' id='word_1_29' title='bbox 1466 445 1482 472; x_wconf 89' lang='lat'>,</span> <span class='ocrx_word' id='word_1_30' title='bbox 1517 403 1604 462; x_wconf 92' lang='lat' dir='ltr'>sed</span> <span class='ocrx_word' id='word_1_31' title='bbox 1623 427 1686 462; x_wconf 83' lang='lat' dir='ltr'>ex</span> <span class='ocrx_word' id='word_1_32' title='bbox 1708 409 1863 464; x_wconf 89' lang='lat' dir='ltr'>omni</span> 
     </span>
     <span class='ocr_line' id='line_1_5' title="bbox 238 485 1864 565; baseline -0.001 -19"><span class='ocrx_word' id='word_1_33' title='bbox 238 487 502 555; x_wconf 73' lang='lat' dir='ltr'>Thracia,</span> <span class='ocrx_word' id='word_1_34' title='bbox 537 511 637 548; x_wconf 89' lang='lat' dir='ltr'>nec</span> <span class='ocrx_word' id='word_1_35' title='bbox 670 493 848 546; x_wconf 88' lang='lat' dir='ltr'>minus</span> <span class='ocrx_word' id='word_1_36' title='bbox 879 487 946 545; x_wconf 88' lang='lat' dir='ltr'>ab</span> <span class='ocrx_word' id='word_1_37' title='bbox 978 489 1219 565; x_wconf 88' lang='lat' dir='ltr'>Illyric0‚</span> <span class='ocrx_word' id='word_1_38' title='bbox 1256 488 1564 564; x_wconf 71' lang='lat' dir='ltr'>multumjn</span> <span class='ocrx_word' id='word_1_39' title='bbox 1583 485 1688 544; x_wconf 89' lang='lat' dir='ltr'>hoc</span> <span class='ocrx_word' id='word_1_40' title='bbox 1709 488 1864 563; x_wconf 74' lang='lat' dir='ltr'>adju-</span> 
     </span>
     <span class='ocr_line' id='line_1_6' title="bbox 243 566 1861 637; baseline -0.002 -8"><span class='ocrx_word' id='word_1_41' title='bbox 243 572 500 629; x_wconf 84' lang='lat' dir='ltr'>vantibus</span> <span class='ocrx_word' id='word_1_42' title='bbox 519 572 782 630; x_wconf 82' lang='lat' dir='ltr'>Germani</span> <span class='ocrx_word' id='word_1_43' title='bbox 802 568 925 628; x_wconf 81' lang='lat' dir='ltr'>filiis</span> <span class='ocrx_word' id='word_1_44' title='bbox 955 568 1171 627; x_wconf 83' lang='lat' dir='ltr'>duobus</span> <span class='ocrx_word' id='word_1_45' title='bbox 1188 566 1394 625; x_wconf 87' lang='lat' dir='ltr'>Iustino</span> <span class='ocrx_word' id='word_1_46' title='bbox 1431 573 1486 625; x_wconf 85' lang='lat'>&amp;</span> <span class='ocrx_word' id='word_1_47' title='bbox 1524 566 1861 637; x_wconf 61' lang='lat' dir='ltr'>Iustinianoss,</span> 
     </span>
     <span class='ocr_line' id='line_1_7' title="bbox 242 648 1864 732; baseline -0.001 -24"><span class='ocrx_word' id='word_1_48' title='bbox 242 668 383 732; x_wconf 79' lang='lat' dir='ltr'>quos</span> <span class='ocrx_word' id='word_1_49' title='bbox 402 652 586 711; x_wconf 87' lang='lat' dir='ltr'>abiens</span> <span class='ocrx_word' id='word_1_50' title='bbox 601 653 776 711; x_wconf 84' lang='lat' dir='ltr'>secum</span> <span class='ocrx_word' id='word_1_51' title='bbox 795 650 1044 710; x_wconf 87' lang='lat' dir='ltr'>ducebat.</span> <span class='ocrx_word' id='word_1_52' title='bbox 1090 648 1362 719; x_wconf 85' lang='lat' dir='ltr'>Quasdam</span> <span class='ocrx_word' id='word_1_53' title='bbox 1382 655 1436 707; x_wconf 88' lang='lat'>&amp;</span> <span class='ocrx_word' id='word_1_54' title='bbox 1456 671 1519 707; x_wconf 82' lang='lat' dir='ltr'>ex</span> <span class='ocrx_word' id='word_1_55' title='bbox 1535 653 1726 708; x_wconf 88' lang='lat' dir='ltr'>turmis</span> <span class='ocrx_word' id='word_1_56' title='bbox 1744 670 1864 730; x_wconf 82' lang='lat' dir='ltr'>qua:</span> 
     </span>
     <span class='ocr_line' id='line_1_8' title="bbox 166 729 1886 811; baseline -0.002 -20"><span class='ocrx_word' id='word_1_57' title='bbox 166 748 168 752; x_wconf 78' lang='grc'>’</span> <span class='ocrx_word' id='word_1_58' title='bbox 238 737 297 791; x_wconf 87' lang='lat' dir='ltr'>in</span> <span class='ocrx_word' id='word_1_59' title='bbox 319 735 549 793; x_wconf 87' lang='lat' dir='ltr'>Thracia</span> <span class='ocrx_word' id='word_1_60' title='bbox 565 735 905 793; x_wconf 83' lang='lat' dir='ltr'>tetenderant</span> <span class='ocrx_word' id='word_1_61' title='bbox 929 775 947 801; x_wconf 90' lang='lat'>‚</span> <span class='ocrx_word' id='word_1_62' title='bbox 967 729 1212 791; x_wconf 82' lang='lat' dir='ltr'>conceffu</span> <span class='ocrx_word' id='word_1_63' title='bbox 1233 736 1579 811; x_wconf 86' lang='lat' dir='ltr'>Imperatoris</span> <span class='ocrx_word' id='word_1_64' title='bbox 1597 774 1614 800; x_wconf 85' lang='lat'>‚</span> <span class='ocrx_word' id='word_1_65' title='bbox 1632 731 1886 807; x_wconf 27' lang='lat' dir='ltr'>affumsit·</span> 
     </span>
     <span class='ocr_line' id='line_1_9' title="bbox 246 814 1888 896; baseline -0.001 -24"><span class='ocrx_word' id='word_1_66' title='bbox 246 815 364 873; x_wconf 85' lang='lat' dir='ltr'>fibi.</span> <span class='ocrx_word' id='word_1_67' title='bbox 384 818 502 874; x_wconf 92' lang='lat' dir='ltr'>Nec</span> <span class='ocrx_word' id='word_1_68' title='bbox 523 820 676 896; x_wconf 87' lang='lat' dir='ltr'>pauci</span> <span class='ocrx_word' id='word_1_69' title='bbox 695 816 1048 874; x_wconf 86' lang='lat' dir='ltr'>barbarorum</span> <span class='ocrx_word' id='word_1_70' title='bbox 1066 814 1307 871; x_wconf 82' lang='lat' dir='ltr'>Danubii</span> <span class='ocrx_word' id='word_1_71' title='bbox 1327 816 1465 893; x_wconf 81' lang='lat' dir='ltr'>ripas</span> <span class='ocrx_word' id='word_1_72' title='bbox 1482 816 1862 886; x_wconf 73' lang='lat' dir='ltr'>incolentium,</span> <span class='ocrx_word' id='word_1_73' title='bbox 1886 850 1888 854; x_wconf 83' lang='lat'>.</span> 
     </span>
     <span class='ocr_line' id='line_1_10' title="bbox 244 898 1883 978; baseline 0 -24"><span class='ocrx_word' id='word_1_74' title='bbox 244 902 442 978; x_wconf 89' lang='lat' dir='ltr'>partim</span> <span class='ocrx_word' id='word_1_75' title='bbox 464 900 727 957; x_wconf 85' lang='lat' dir='ltr'>Germani</span> <span class='ocrx_word' id='word_1_76' title='bbox 746 902 972 956; x_wconf 88' lang='lat' dir='ltr'>nomine</span> <span class='ocrx_word' id='word_1_77' title='bbox 990 938 1006 964; x_wconf 91' lang='lat'>‚</span> <span class='ocrx_word' id='word_1_78' title='bbox 1040 901 1233 975; x_wconf 85' lang='lat' dir='ltr'>partim</span> <span class='ocrx_word' id='word_1_79' title='bbox 1264 900 1474 975; x_wconf 86' lang='lat' dir='ltr'>magnis</span> <span class='ocrx_word' id='word_1_80' title='bbox 1493 899 1732 975; x_wconf 88' lang='lat' dir='ltr'>pecuniis</span> <span class='ocrx_word' id='word_1_81' title='bbox 1755 898 1883 955; x_wconf 55' lang='lat' dir='ltr'>ille-⁸</span> 
     </span>
     <span class='ocr_line' id='line_1_11' title="bbox 244 978 1885 1056; baseline -0.001 -20"><span class='ocrx_word' id='word_1_82' title='bbox 244 981 319 1036; x_wconf 65' lang='lat' dir='ltr'>&amp;i</span> <span class='ocrx_word' id='word_1_83' title='bbox 339 1020 357 1045; x_wconf 87' lang='lat'>‚</span> <span class='ocrx_word' id='word_1_84' title='bbox 377 985 606 1037; x_wconf 80' lang='lat' dir='ltr'>comites</span> <span class='ocrx_word' id='word_1_85' title='bbox 624 979 673 1037; x_wconf 85' lang='lat' dir='ltr'>se</span> <span class='ocrx_word' id='word_1_86' title='bbox 692 980 903 1038; x_wconf 85' lang='lat' dir='ltr'>dedere.</span> <span class='ocrx_word' id='word_1_87' title='bbox 948 983 1109 1036; x_wconf 83' lang='lat' dir='ltr'>etiam</span> <span class='ocrx_word' id='word_1_88' title='bbox 1130 1000 1192 1034; x_wconf 82' lang='lat' dir='ltr'>ex</span> <span class='ocrx_word' id='word_1_89' title='bbox 1211 980 1322 1035; x_wconf 87' lang='lat' dir='ltr'>aliis</span> <span class='ocrx_word' id='word_1_90' title='bbox 1346 996 1605 1036; x_wconf 86' lang='lat' dir='ltr'>terrarum</span> <span class='ocrx_word' id='word_1_91' title='bbox 1624 978 1885 1056; x_wconf 78' lang='lat' dir='ltr'>partibus</span> 
     </span>
     <span class='ocr_line' id='line_1_12' title="bbox 243 1060 1868 1140; baseline 0 -22"><span class='ocrx_word' id='word_1_92' title='bbox 243 1060 454 1119; x_wconf 86' lang='lat' dir='ltr'>barbari</span> <span class='ocrx_word' id='word_1_93' title='bbox 472 1060 785 1120; x_wconf 84' lang='lat' dir='ltr'>affluebant.</span> <span class='ocrx_word' id='word_1_94' title='bbox 826 1063 898 1118; x_wconf 82' lang='lat' dir='ltr'>Et</span> <span class='ocrx_word' id='word_1_95' title='bbox 930 1060 1421 1140; x_wconf 84' lang='lat' dir='ltr'>Langobardorum</span> <span class='ocrx_word' id='word_1_96' title='bbox 1455 1064 1700 1139; x_wconf 88' lang='lat' dir='ltr'>princeps</span> <span class='ocrx_word' id='word_1_97' title='bbox 1721 1062 1868 1119; x_wconf 85' lang='lat' dir='ltr'>mille</span> 
     </span>
     <span class='ocr_line' id='line_1_13' title="bbox 246 1141 1869 1223; baseline 0.001 -23"><span class='ocrx_word' id='word_1_98' title='bbox 246 1147 424 1223; x_wconf 77' lang='lat' dir='ltr'>gravis</span> <span class='ocrx_word' id='word_1_99' title='bbox 443 1162 718 1200; x_wconf 85' lang='lat' dir='ltr'>armaturae</span> <span class='ocrx_word' id='word_1_100' title='bbox 749 1144 950 1221; x_wconf 83' lang='lat' dir='ltr'>pedites</span> <span class='ocrx_word' id='word_1_101' title='bbox 971 1159 1184 1219; x_wconf 88' lang='lat' dir='ltr'>paratos</span> <span class='ocrx_word' id='word_1_102' title='bbox 1199 1141 1431 1198; x_wconf 87' lang='lat' dir='ltr'>habebat</span> <span class='ocrx_word' id='word_1_103' title='bbox 1449 1182 1465 1208; x_wconf 84' lang='lat'>‚</span> <span class='ocrx_word' id='word_1_104' title='bbox 1504 1164 1645 1220; x_wconf 88' lang='lat' dir='ltr'>quos</span> <span class='ocrx_word' id='word_1_105' title='bbox 1666 1164 1869 1222; x_wconf 84' lang='lat' dir='ltr'>prope-</span> 
     </span>
     <span class='ocr_line' id='line_1_14' title="bbox 244 1224 1870 1304; baseline 0.001 -23"><span class='ocrx_word' id='word_1_106' title='bbox 244 1226 391 1282; x_wconf 89' lang='lat' dir='ltr'>diem</span> <span class='ocrx_word' id='word_1_107' title='bbox 412 1224 686 1282; x_wconf 84' lang='lat' dir='ltr'>miffurum</span> <span class='ocrx_word' id='word_1_108' title='bbox 707 1224 756 1281; x_wconf 89' lang='lat' dir='ltr'>se</span> <span class='ocrx_word' id='word_1_109' title='bbox 789 1224 1158 1304; x_wconf 85' lang='lat' dir='ltr'>pollicebatur.</span> <span class='ocrx_word' id='word_1_110' title='bbox 1201 1225 1337 1280; x_wconf 85' lang='lat' dir='ltr'>Haec</span> <span class='ocrx_word' id='word_1_111' title='bbox 1368 1243 1493 1279; x_wconf 90' lang='lat' dir='ltr'>cum</span> <span class='ocrx_word' id='word_1_112' title='bbox 1515 1227 1570 1280; x_wconf 89' lang='lat' dir='ltr'>in</span> <span class='ocrx_word' id='word_1_113' title='bbox 1588 1227 1791 1283; x_wconf 83' lang='lat' dir='ltr'>Italiam</span> <span class='ocrx_word' id='word_1_114' title='bbox 1813 1230 1870 1282; x_wconf 88' lang='lat' dir='ltr'>in</span> 
     </span>
     <span class='ocr_line' id='line_1_15' title="bbox 244 1303 1868 1385; baseline 0 -22"><span class='ocrx_word' id='word_1_115' title='bbox 244 1311 415 1382; x_wconf 88' lang='lat' dir='ltr'>majus</span> <span class='ocrx_word' id='word_1_116' title='bbox 436 1349 452 1374; x_wconf 90' lang='lat'>‚</span> <span class='ocrx_word' id='word_1_117' title='bbox 489 1324 550 1364; x_wconf 89' lang='lat' dir='ltr'>ut</span> <span class='ocrx_word' id='word_1_118' title='bbox 567 1327 686 1365; x_wconf 92' lang='lat' dir='ltr'>mos</span> <span class='ocrx_word' id='word_1_119' title='bbox 703 1305 777 1363; x_wconf 88' lang='lat' dir='ltr'>est</span> <span class='ocrx_word' id='word_1_120' title='bbox 797 1306 1112 1385; x_wconf 86' lang='lat' dir='ltr'>procedenti</span> <span class='ocrx_word' id='word_1_121' title='bbox 1134 1303 1287 1363; x_wconf 87' lang='lat' dir='ltr'>famae</span> <span class='ocrx_word' id='word_1_122' title='bbox 1308 1344 1327 1370; x_wconf 85' lang='lat'>‚</span> <span class='ocrx_word' id='word_1_123' title='bbox 1366 1308 1520 1362; x_wconf 70' lang='grc' dir='ltr'>ειιιᾶει</span> <span class='ocrx_word' id='word_1_124' title='bbox 1553 1310 1868 1364; x_wconf 87' lang='lat' dir='ltr'>nuntiaren-</span> 
     </span>
     <span class='ocr_line' id='line_1_16' title="bbox 245 1386 1870 1467; baseline 0.001 -22"><span class='ocrx_word' id='word_1_125' title='bbox 245 1404 367 1456; x_wconf 86' lang='lat' dir='ltr'>tur,</span> <span class='ocrx_word' id='word_1_126' title='bbox 398 1388 649 1446; x_wconf 85' lang='lat' dir='ltr'>Gotthos</span> <span class='ocrx_word' id='word_1_127' title='bbox 670 1392 861 1467; x_wconf 87' lang='lat' dir='ltr'>partim</span> <span class='ocrx_word' id='word_1_128' title='bbox 888 1405 1066 1445; x_wconf 88' lang='lat' dir='ltr'>metus</span> <span class='ocrx_word' id='word_1_129' title='bbox 1095 1386 1317 1461; x_wconf 75' lang='lat' dir='ltr'>invasit,</span> <span class='ocrx_word' id='word_1_130' title='bbox 1356 1390 1549 1466; x_wconf 87' lang='lat' dir='ltr'>partim</span> <span class='ocrx_word' id='word_1_131' title='bbox 1585 1388 1795 1467; x_wconf 88' lang='lat' dir='ltr'>pudor,</span> <span class='ocrx_word' id='word_1_132' title='bbox 1830 1386 1870 1447; x_wconf 81' lang='lat' dir='ltr'><strong>fi</strong></span> 
     </span>
     <span class='ocr_line' id='line_1_17' title="bbox 245 1467 1870 1551; baseline 0.001 -24"><span class='ocrx_word' id='word_1_133' title='bbox 245 1471 606 1551; x_wconf 82' lang='lat' dir='ltr'>pugnandum</span> <span class='ocrx_word' id='word_1_134' title='bbox 629 1469 722 1528; x_wconf 88' lang='lat' dir='ltr'>fibi</span> <span class='ocrx_word' id='word_1_135' title='bbox 759 1467 882 1528; x_wconf 83' lang='lat' dir='ltr'>esset</span> <span class='ocrx_word' id='word_1_136' title='bbox 914 1474 971 1527; x_wconf 92' lang='lat' dir='ltr'>in</span> <span class='ocrx_word' id='word_1_137' title='bbox 1005 1468 1370 1527; x_wconf 85' lang='lat' dir='ltr'>Tbeuderichi</span> <span class='ocrx_word' id='word_1_138' title='bbox 1407 1467 1668 1528; x_wconf 84' lang='lat' dir='ltr'>sobolem.</span> <span class='ocrx_word' id='word_1_139' title='bbox 1713 1473 1870 1528; x_wconf 86' lang='lat' dir='ltr'>Tum</span> 
     </span>
     <span class='ocr_line' id='line_1_18' title="bbox 243 1552 1870 1632; baseline -0.001 -22"><span class='ocrx_word' id='word_1_140' title='bbox 243 1571 376 1610; x_wconf 85' lang='lat' dir='ltr'>vero</span> <span class='ocrx_word' id='word_1_141' title='bbox 393 1555 633 1610; x_wconf 87' lang='lat' dir='ltr'>Romani</span> <span class='ocrx_word' id='word_1_142' title='bbox 652 1556 845 1610; x_wconf 86' lang='lat' dir='ltr'>milites</span> <span class='ocrx_word' id='word_1_143' title='bbox 866 1593 880 1614; x_wconf 91' lang='lat'>‚</span> <span class='ocrx_word' id='word_1_144' title='bbox 919 1556 1012 1632; x_wconf 88' lang='lat' dir='ltr'>qui</span> <span class='ocrx_word' id='word_1_145' title='bbox 1038 1552 1477 1629; x_wconf 24' lang='lat' dir='ltr'>Gotthisffpartim</span> <span class='ocrx_word' id='word_1_146' title='bbox 1497 1555 1670 1610; x_wconf 71' lang='lat' dir='ltr'>coaffi</span> <span class='ocrx_word' id='word_1_147' title='bbox 1693 1593 1709 1618; x_wconf 94' lang='lat'>,</span> <span class='ocrx_word' id='word_1_148' title='bbox 1748 1572 1870 1632; x_wconf 88' lang='lat' dir='ltr'>par-</span> 
     </span>
     <span class='ocr_line' id='line_1_19' title="bbox 246 1631 1870 1712; baseline 0.001 -22"><span class='ocrx_word' id='word_1_149' title='bbox 246 1636 347 1690; x_wconf 89' lang='lat' dir='ltr'>tim</span> <span class='ocrx_word' id='word_1_150' title='bbox 375 1637 583 1712; x_wconf 59' lang='lat' dir='ltr'>pelleefi</span> <span class='ocrx_word' id='word_1_151' title='bbox 606 1637 962 1692; x_wconf 86' lang='lat' dir='ltr'>militaverant</span> <span class='ocrx_word' id='word_1_152' title='bbox 982 1676 996 1695; x_wconf 85' lang='grc'>,</span> <span class='ocrx_word' id='word_1_153' title='bbox 1029 1637 1226 1691; x_wconf 88' lang='lat' dir='ltr'>nuntio</span> <span class='ocrx_word' id='word_1_154' title='bbox 1246 1635 1311 1691; x_wconf 87' lang='lat' dir='ltr'>ad</span> <span class='ocrx_word' id='word_1_155' title='bbox 1329 1634 1672 1692; x_wconf 86' lang='lat' dir='ltr'>Germanum</span> <span class='ocrx_word' id='word_1_156' title='bbox 1694 1631 1870 1702; x_wconf 71' lang='lat' dir='ltr'>misso,</span> 
     </span>
     <span class='ocr_line' id='line_1_20' title="bbox 240 1713 1871 1795; baseline 0.001 -24"><span class='ocrx_word' id='word_1_157' title='bbox 240 1713 545 1794; x_wconf 81' lang='lat' dir='ltr'>fignificant</span> <span class='ocrx_word' id='word_1_158' title='bbox 564 1715 716 1774; x_wconf 83' lang='lat' dir='ltr'>{imul</span> <span class='ocrx_word' id='word_1_159' title='bbox 734 1718 907 1795; x_wconf 86' lang='lat' dir='ltr'>ipsum</span> <span class='ocrx_word' id='word_1_160' title='bbox 924 1720 980 1773; x_wconf 80' lang='lat' dir='ltr'>in</span> <span class='ocrx_word' id='word_1_161' title='bbox 996 1717 1201 1772; x_wconf 82' lang='lat' dir='ltr'>Italiam</span> <span class='ocrx_word' id='word_1_162' title='bbox 1217 1717 1522 1774; x_wconf 88' lang='lat' dir='ltr'>venientem</span> <span class='ocrx_word' id='word_1_163' title='bbox 1540 1715 1714 1774; x_wconf 86' lang='lat' dir='ltr'>castris</span> <span class='ocrx_word' id='word_1_164' title='bbox 1731 1737 1871 1773; x_wconf 89' lang='lat' dir='ltr'>con—</span> 
     </span>
     <span class='ocr_line' id='line_1_21' title="bbox 247 1795 1869 1878; baseline 0.001 -25"><span class='ocrx_word' id='word_1_165' title='bbox 247 1795 412 1855; x_wconf 87' lang='lat' dir='ltr'>fidere</span> <span class='ocrx_word' id='word_1_166' title='bbox 430 1796 796 1877; x_wconf 83' lang='lat' dir='ltr'>conspicerent</span> <span class='ocrx_word' id='word_1_167' title='bbox 817 1840 833 1865; x_wconf 84' lang='lat'>‚</span> <span class='ocrx_word' id='word_1_168' title='bbox 866 1799 913 1856; x_wconf 88' lang='lat' dir='ltr'>se</span> <span class='ocrx_word' id='word_1_169' title='bbox 936 1801 1202 1854; x_wconf 87' lang='lat' dir='ltr'>continuo</span> <span class='ocrx_word' id='word_1_170' title='bbox 1232 1795 1392 1874; x_wconf 81' lang='lat' dir='ltr'>ipsius</span> <span class='ocrx_word' id='word_1_171' title='bbox 1410 1796 1557 1878; x_wconf 82' lang='lat' dir='ltr'>signa</span> <span class='ocrx_word' id='word_1_172' title='bbox 1574 1797 1869 1855; x_wconf 78' lang='lat' dir='ltr'>secuturOS.</span> 
     </span>
     <span class='ocr_line' id='line_1_22' title="bbox 249 1880 1868 1960; baseline 0.001 -24"><span class='ocrx_word' id='word_1_173' title='bbox 249 1880 356 1936; x_wconf 90' lang='lat' dir='ltr'>His</span> <span class='ocrx_word' id='word_1_174' title='bbox 376 1884 431 1937; x_wconf 86' lang='lat' dir='ltr'>in</span> <span class='ocrx_word' id='word_1_175' title='bbox 452 1880 567 1960; x_wconf 90' lang='lat' dir='ltr'>spes</span> <span class='ocrx_word' id='word_1_176' title='bbox 601 1901 820 1959; x_wconf 85' lang='lat' dir='ltr'>magnas</span> <span class='ocrx_word' id='word_1_177' title='bbox 855 1883 1067 1936; x_wconf 83' lang='lat' dir='ltr'>excitati</span> <span class='ocrx_word' id='word_1_178' title='bbox 1096 1881 1191 1956; x_wconf 86' lang='lat' dir='ltr'>qui</span> <span class='ocrx_word' id='word_1_179' title='bbox 1224 1880 1610 1938; x_wconf 83' lang='lat' dir='ltr'>Romanorum</span> <span class='ocrx_word' id='word_1_180' title='bbox 1646 1882 1868 1952; x_wconf 84' lang='lat' dir='ltr'>Raven-</span> 
     </span>
     <span class='ocr_line' id='line_1_23' title="bbox 245 1959 1869 2041; baseline 0.001 -24"><span class='ocrx_word' id='word_1_181' title='bbox 245 1982 372 2018; x_wconf 87' lang='lat' dir='ltr'>nam</span> <span class='ocrx_word' id='word_1_182' title='bbox 389 1981 616 2041; x_wconf 86' lang='lat' dir='ltr'>quaeque</span> <span class='ocrx_word' id='word_1_183' title='bbox 635 1983 799 2040; x_wconf 86' lang='lat' dir='ltr'>pauca</span> <span class='ocrx_word' id='word_1_184' title='bbox 823 1980 1071 2040; x_wconf 64' lang='lat' dir='ltr'>praeterea</span> <span class='ocrx_word' id='word_1_185' title='bbox 1106 1959 1367 2018; x_wconf 86' lang='lat' dir='ltr'>restabant</span> <span class='ocrx_word' id='word_1_186' title='bbox 1400 1963 1603 2040; x_wconf 87' lang='lat' dir='ltr'>oppida</span> <span class='ocrx_word' id='word_1_187' title='bbox 1639 1961 1869 2019; x_wconf 87' lang='lat' dir='ltr'>tueban-</span> 
     </span>
     <span class='ocr_line' id='line_1_24' title="bbox 244 2041 1868 2121; baseline 0.002 -23"><span class='ocrx_word' id='word_1_188' title='bbox 244 2058 371 2110; x_wconf 83' lang='lat' dir='ltr'>tur,</span> <span class='ocrx_word' id='word_1_189' title='bbox 396 2041 680 2116; x_wconf 82' lang='lat' dir='ltr'>defendere</span> <span class='ocrx_word' id='word_1_190' title='bbox 712 2065 772 2100; x_wconf 87' lang='lat' dir='ltr'>ea</span> <span class='ocrx_word' id='word_1_191' title='bbox 807 2045 923 2101; x_wconf 85' lang='lat' dir='ltr'>loca</span> <span class='ocrx_word' id='word_1_192' title='bbox 958 2061 1015 2100; x_wconf 83' lang='lat' dir='ltr'>ac</span> <span class='ocrx_word' id='word_1_193' title='bbox 1035 2047 1260 2100; x_wconf 89' lang='lat' dir='ltr'>retinere</span> <span class='ocrx_word' id='word_1_194' title='bbox 1295 2047 1351 2099; x_wconf 90' lang='lat' dir='ltr'>in</span> <span class='ocrx_word' id='word_1_195' title='bbox 1382 2041 1488 2101; x_wconf 87' lang='lat' dir='ltr'>fide</span> <span class='ocrx_word' id='word_1_196' title='bbox 1519 2047 1868 2121; x_wconf 87' lang='lat' dir='ltr'>Imperatoris</span> 
     </span>
     <span class='ocr_line' id='line_1_25' title="bbox 247 2124 1867 2204; baseline 0.001 -22"><span class='ocrx_word' id='word_1_197' title='bbox 247 2147 415 2203; x_wconf 88' lang='lat' dir='ltr'>quam</span> <span class='ocrx_word' id='word_1_198' title='bbox 431 2124 840 2204; x_wconf 68' lang='lat' dir='ltr'>pertinacissime</span> <span class='ocrx_word' id='word_1_199' title='bbox 861 2127 1233 2183; x_wconf 84' lang='lat' dir='ltr'>decreverunt.</span> <span class='ocrx_word' id='word_1_200' title='bbox 1267 2124 1369 2181; x_wconf 89' lang='lat' dir='ltr'>Sed</span> <span class='ocrx_word' id='word_1_201' title='bbox 1389 2132 1441 2182; x_wconf 60' lang='grc' dir='ltr'>ὃ(</span> <span class='ocrx_word' id='word_1_202' title='bbox 1455 2129 1550 2204; x_wconf 83' lang='lat' dir='ltr'>qui</span> <span class='ocrx_word' id='word_1_203' title='bbox 1571 2147 1695 2182; x_wconf 87' lang='lat' dir='ltr'>cum</span> <span class='ocrx_word' id='word_1_204' title='bbox 1714 2130 1867 2184; x_wconf 86' lang='lat' dir='ltr'>Vero</span> 
     </span>
     <span class='ocr_line' id='line_1_26' title="bbox 208 2204 1888 2288; baseline 0.001 -25"><span class='ocrx_word' id='word_1_205' title='bbox 208 2235 210 2238; x_wconf 51' lang='lat'>&gt;</span> <span class='ocrx_word' id='word_1_206' title='bbox 247 2211 428 2265; x_wconf 86' lang='lat' dir='ltr'>aliisve</span> <span class='ocrx_word' id='word_1_207' title='bbox 443 2207 668 2264; x_wconf 87' lang='lat' dir='ltr'>ducibus</span> <span class='ocrx_word' id='word_1_208' title='bbox 685 2205 966 2265; x_wconf 86' lang='lat' dir='ltr'>infeliciter</span> <span class='ocrx_word' id='word_1_209' title='bbox 985 2211 1038 2263; x_wconf 87' lang='lat' dir='ltr'>in</span> <span class='ocrx_word' id='word_1_210' title='bbox 1057 2205 1235 2263; x_wconf 82' lang='lat' dir='ltr'>hostes</span> <span class='ocrx_word' id='word_1_211' title='bbox 1265 2226 1634 2286; x_wconf 85' lang='lat' dir='ltr'>pugnaverant</span> <span class='ocrx_word' id='word_1_212' title='bbox 1656 2249 1672 2275; x_wconf 93' lang='lat'><strong>,</strong></span> <span class='ocrx_word' id='word_1_213' title='bbox 1708 2204 1888 2288; x_wconf 83' lang='lat' dir='ltr'>fuga-³</span> 
     </span>
     <span class='ocr_line' id='line_1_27' title="bbox 250 2288 1870 2368; baseline 0 -23"><span class='ocrx_word' id='word_1_214' title='bbox 250 2311 358 2367; x_wconf 87' lang='lat' dir='ltr'>que</span> <span class='ocrx_word' id='word_1_215' title='bbox 377 2288 529 2367; x_wconf 72' lang='lat' dir='ltr'>sparsi</span> <span class='ocrx_word' id='word_1_216' title='bbox 548 2289 880 2368; x_wconf 83' lang='lat' dir='ltr'>palabantur,</span> <span class='ocrx_word' id='word_1_217' title='bbox 906 2309 964 2345; x_wconf 85' lang='lat' dir='ltr'>ut</span> <span class='ocrx_word' id='word_1_218' title='bbox 986 2289 1268 2346; x_wconf 84' lang='lat' dir='ltr'>adventare</span> <span class='ocrx_word' id='word_1_219' title='bbox 1292 2289 1637 2347; x_wconf 85' lang='lat' dir='ltr'>Germanum</span> <span class='ocrx_word' id='word_1_220' title='bbox 1659 2310 1870 2368; x_wconf 86' lang='lat' dir='ltr'>cogno-</span> 
     </span>
     <span class='ocr_line' id='line_1_28' title="bbox 249 2369 1869 2450; baseline 0 -21"><span class='ocrx_word' id='word_1_221' title='bbox 249 2390 436 2430; x_wconf 85' lang='lat' dir='ltr'>verant</span> <span class='ocrx_word' id='word_1_222' title='bbox 455 2412 472 2438; x_wconf 91' lang='lat'>,</span> <span class='ocrx_word' id='word_1_223' title='bbox 490 2376 544 2427; x_wconf 85' lang='lat' dir='ltr'>in</span> <span class='ocrx_word' id='word_1_224' title='bbox 562 2369 760 2430; x_wconf 77' lang='lat' dir='ltr'>istriam</span> <span class='ocrx_word' id='word_1_225' title='bbox 783 2393 909 2428; x_wconf 86' lang='lat' dir='ltr'>cum</span> <span class='ocrx_word' id='word_1_226' title='bbox 929 2369 978 2428; x_wconf 88' lang='lat' dir='ltr'>se</span> <span class='ocrx_word' id='word_1_227' title='bbox 996 2369 1406 2450; x_wconf 81' lang='lat' dir='ltr'>conglobaffent</span> <span class='ocrx_word' id='word_1_228' title='bbox 1428 2412 1442 2437; x_wconf 88' lang='lat'>,</span> <span class='ocrx_word' id='word_1_229' title='bbox 1480 2372 1555 2428; x_wconf 89' lang='lat' dir='ltr'>ibi</span> <span class='ocrx_word' id='word_1_230' title='bbox 1576 2370 1869 2429; x_wconf 81' lang='lat' dir='ltr'>exercitum</span> 
     </span>
     <span class='ocr_line' id='line_1_29' title="bbox 250 2452 1870 2533; baseline 0.001 -25"><span class='ocrx_word' id='word_1_231' title='bbox 250 2457 419 2532; x_wconf 88' lang='lat' dir='ltr'>quieti</span> <span class='ocrx_word' id='word_1_232' title='bbox 436 2454 876 2533; x_wconf 88' lang='lat' dir='ltr'>opperiebantur.</span> <span class='ocrx_word' id='word_1_233' title='bbox 892 2453 1094 2511; x_wconf 81' lang='lat' dir='ltr'>Aderat</span> <span class='ocrx_word' id='word_1_234' title='bbox 1113 2458 1220 2528; x_wconf 82' lang='lat' dir='ltr'>jam</span> <span class='ocrx_word' id='word_1_235' title='bbox 1242 2452 1565 2532; x_wconf 84' lang='lat' dir='ltr'>praestitutus</span> <span class='ocrx_word' id='word_1_236' title='bbox 1591 2453 1870 2510; x_wconf 85' lang='lat' dir='ltr'>Centum-</span> 
     </span>
     <span class='ocr_line' id='line_1_30' title="bbox 250 2533 1869 2615; baseline 0.001 -25"><span class='ocrx_word' id='word_1_237' title='bbox 250 2536 397 2592; x_wconf 89' lang='lat' dir='ltr'>cellis</span> <span class='ocrx_word' id='word_1_238' title='bbox 412 2534 670 2592; x_wconf 87' lang='lat' dir='ltr'>dedendis</span> <span class='ocrx_word' id='word_1_239' title='bbox 689 2535 800 2592; x_wconf 89' lang='lat' dir='ltr'>dies</span> <span class='ocrx_word' id='word_1_240' title='bbox 819 2576 835 2602; x_wconf 90' lang='lat'>,</span> <span class='ocrx_word' id='word_1_241' title='bbox 873 2533 995 2592; x_wconf 70' lang='lat' dir='ltr'>cum</span> <span class='ocrx_word' id='word_1_242' title='bbox 1028 2534 1166 2591; x_wconf 81' lang='lat' dir='ltr'>mifit</span> <span class='ocrx_word' id='word_1_243' title='bbox 1187 2535 1251 2592; x_wconf 93' lang='lat' dir='ltr'>ad</span> <span class='ocrx_word' id='word_1_244' title='bbox 1270 2537 1584 2615; x_wconf 86' lang='lat' dir='ltr'>Diogenem</span> <span class='ocrx_word' id='word_1_245' title='bbox 1615 2537 1831 2593; x_wconf 87' lang='lat' dir='ltr'>Totilas</span> <span class='ocrx_word' id='word_1_246' title='bbox 1850 2574 1869 2597; x_wconf 90' lang='lat'>‚</span> 
     </span>
     <span class='ocr_line' id='line_1_31' title="bbox 246 2616 1869 2698; baseline 0.002 -26"><span class='ocrx_word' id='word_1_247' title='bbox 246 2634 311 2672; x_wconf 88' lang='lat' dir='ltr'>ut</span> <span class='ocrx_word' id='word_1_248' title='bbox 333 2618 481 2695; x_wconf 56' lang='lat' dir='ltr'>paeta</span> <span class='ocrx_word' id='word_1_249' title='bbox 500 2619 767 2693; x_wconf 87' lang='lat' dir='ltr'>impleret.</span> <span class='ocrx_word' id='word_1_250' title='bbox 811 2621 890 2673; x_wconf 86' lang='lat' dir='ltr'>At</span> <span class='ocrx_word' id='word_1_251' title='bbox 908 2620 1191 2698; x_wconf 85' lang='lat' dir='ltr'>Diogenes</span> <span class='ocrx_word' id='word_1_252' title='bbox 1209 2616 1261 2674; x_wconf 91' lang='lat' dir='ltr'>id</span> <span class='ocrx_word' id='word_1_253' title='bbox 1282 2638 1399 2673; x_wconf 91' lang='lat' dir='ltr'>non</span> <span class='ocrx_word' id='word_1_254' title='bbox 1417 2620 1647 2696; x_wconf 81' lang='lat' dir='ltr'>amplius</span> <span class='ocrx_word' id='word_1_255' title='bbox 1666 2616 1763 2674; x_wconf 83' lang='lat' dir='ltr'>fibi</span> <span class='ocrx_word' id='word_1_256' title='bbox 1779 2620 1869 2676; x_wconf 50' lang='lat' dir='ltr'>ine·</span> 
     </span>
     <span class='ocr_line' id='line_1_32' title="bbox 247 2697 1867 2779; baseline 0.001 -25"><span class='ocrx_word' id='word_1_257' title='bbox 247 2717 463 2779; x_wconf 68' lang='lat' dir='ltr'>regrum</span> <span class='ocrx_word' id='word_1_258' title='bbox 485 2697 760 2776; x_wconf 87' lang='lat' dir='ltr'>respondit</span> <span class='ocrx_word' id='word_1_259' title='bbox 779 2739 795 2763; x_wconf 92' lang='lat'>,</span> <span class='ocrx_word' id='word_1_260' title='bbox 829 2720 952 2756; x_wconf 88' lang='lat' dir='ltr'>cum</span> <span class='ocrx_word' id='word_1_261' title='bbox 973 2699 1245 2756; x_wconf 88' lang='lat' dir='ltr'>audiret-ur</span> <span class='ocrx_word' id='word_1_262' title='bbox 1275 2701 1452 2757; x_wconf 89' lang='lat' dir='ltr'>venire</span> <span class='ocrx_word' id='word_1_263' title='bbox 1491 2699 1707 2757; x_wconf 88' lang='lat' dir='ltr'>summo</span> <span class='ocrx_word' id='word_1_264' title='bbox 1739 2718 1867 2756; x_wconf 87' lang='lat' dir='ltr'>cum</span> 
     </span>
     <span class='ocr_line' id='line_1_33' title="bbox 233 2780 1866 2860; baseline 0.001 -23"><span class='ocrx_word' id='word_1_265' title='bbox 233 2784 479 2858; x_wconf 75' lang='lat' dir='ltr'>imperio</span> <span class='ocrx_word' id='word_1_266' title='bbox 500 2781 810 2838; x_wconf 77' lang='lat' dir='ltr'>Germanus</span> <span class='ocrx_word' id='word_1_267' title='bbox 826 2822 842 2848; x_wconf 86' lang='lat'>‚</span> <span class='ocrx_word' id='word_1_268' title='bbox 864 2801 1040 2859; x_wconf 88' lang='lat' dir='ltr'>neque</span> <span class='ocrx_word' id='word_1_269' title='bbox 1059 2781 1222 2860; x_wconf 85' lang='lat' dir='ltr'>longe</span> <span class='ocrx_word' id='word_1_270' title='bbox 1238 2786 1349 2855; x_wconf 83' lang='lat' dir='ltr'>jam</span> <span class='ocrx_word' id='word_1_271' title='bbox 1368 2780 1536 2839; x_wconf 84' lang='lat' dir='ltr'>abesse</span> <span class='ocrx_word' id='word_1_272' title='bbox 1561 2802 1683 2838; x_wconf 91' lang='lat' dir='ltr'>cum</span> <span class='ocrx_word' id='word_1_273' title='bbox 1709 2801 1866 2838; x_wconf 85' lang='lat' dir='ltr'>exer-</span> 
     </span>
     <span class='ocr_line' id='line_1_34' title="bbox 246 2859 1864 2940; baseline 0.001 -21"><span class='ocrx_word' id='word_1_274' title='bbox 246 2867 388 2919; x_wconf 84' lang='lat' dir='ltr'>citu:</span> <span class='ocrx_word' id='word_1_275' title='bbox 424 2859 635 2919; x_wconf 85' lang='lat' dir='ltr'>obfides</span> <span class='ocrx_word' id='word_1_276' title='bbox 655 2880 895 2940; x_wconf 86' lang='lat' dir='ltr'>paratum</span> <span class='ocrx_word' id='word_1_277' title='bbox 915 2860 962 2918; x_wconf 86' lang='lat' dir='ltr'>se</span> <span class='ocrx_word' id='word_1_278' title='bbox 983 2861 1106 2919; x_wconf 88' lang='lat' dir='ltr'>suos</span> <span class='ocrx_word' id='word_1_279' title='bbox 1142 2866 1374 2940; x_wconf 72' lang='lat' dir='ltr'>recipere</span> <span class='ocrx_word' id='word_1_280' title='bbox 1393 2905 1410 2931; x_wconf 89' lang='lat'>‚</span> <span class='ocrx_word' id='word_1_281' title='bbox 1445 2866 1472 2920; x_wconf 75' lang='lat' dir='ltr'>a</span> <span class='ocrx_word' id='word_1_282' title='bbox 1509 2862 1737 2920; x_wconf 86' lang='lat' dir='ltr'>Gotthis</span> <span class='ocrx_word' id='word_1_283' title='bbox 1776 2883 1864 2921; x_wconf 87' lang='lat' dir='ltr'>ac-</span> 
     </span>
     <span class='ocr_line' id='line_1_35' title="bbox 242 2942 1862 3080; baseline -0.002 -76"><span class='ocrx_word' id='word_1_284' title='bbox 242 2962 427 3025; x_wconf 83' lang='lat' dir='ltr'>ceptos</span> <span class='ocrx_word' id='word_1_285' title='bbox 443 2943 680 3004; x_wconf 89' lang='lat' dir='ltr'>reddere.</span> <span class='ocrx_word' id='word_1_286' title='bbox 725 2945 872 3005; x_wconf 88' lang='lat' dir='ltr'>Cum</span> <span class='ocrx_word' id='word_1_287' title='bbox 892 2943 996 3004; x_wconf 89' lang='lat' dir='ltr'>hoc</span> <span class='ocrx_word' id='word_1_288' title='bbox 1016 2942 1265 3026; x_wconf 87' lang='lat' dir='ltr'>responso</span> <span class='ocrx_word' id='word_1_289' title='bbox 1280 2944 1501 3006; x_wconf 75' lang='lat' dir='ltr'>dimissis</span> <span class='ocrx_word' id='word_1_290' title='bbox 1517 2946 1619 3006; x_wconf 86' lang='lat' dir='ltr'>illis</span> <span class='ocrx_word' id='word_1_291' title='bbox 1635 2986 1654 3016; x_wconf 89' lang='lat'>‚</span> <span class='ocrx_word' id='word_1_292' title='bbox 1673 2943 1862 3080; x_wconf 47' lang='lat' dir='ltr'>oppidi</span> 
     </span>
     <span class='ocr_line' id='line_1_36' title="bbox 1678 3044 1860 3084; baseline -0.016 0"><span class='ocrx_word' id='word_1_293' title='bbox 1678 3045 1743 3084; x_wconf 90' lang='lat' dir='ltr'>cu</span> <span class='ocrx_word' id='word_1_294' title='bbox 1794 3044 1860 3081; x_wconf 85' lang='lat' dir='ltr'>o-</span> 
     </span>
    </p>
   </div>
  </div>
 </body>
</html>
