<?xml version="1.0" encoding="UTF-8"?>
<!DOCTYPE html PUBLIC "-//W3C//DTD XHTML 1.0 Transitional//EN"
    "http://www.w3.org/TR/xhtml1/DTD/xhtml1-transitional.dtd">
<html xmlns="http://www.w3.org/1999/xhtml" xml:lang="en" lang="en">
 <head>
  <title>
</title>
<meta http-equiv="Content-Type" content="text/html;charset=utf-8" />
  <meta name='ocr-system' content='tesseract 3.04.00' />
  <meta name='ocr-capabilities' content='ocr_page ocr_carea ocr_par ocr_line ocrx_word'/>
</head>
<body>
  <div class='ocr_page' id='page_1' title='image "./historiagotthoru00grot_0082.png"; bbox 0 0 1888 3428; ppageno 0'>
   <div class='ocr_carea' id='block_1_1' title="bbox 141 186 1888 3126">
    <p class='ocr_par' dir='ltr' id='par_1_1' title="bbox 141 186 1888 3126">
     <span class='ocr_line' id='line_1_1' title="bbox 231 186 1461 267; baseline -0.007 -26"><span class='ocrx_word' id='word_1_1' title='bbox 231 197 313 267; x_wconf 79' lang='lat'>64</span> <span class='ocrx_word' id='word_1_2' title='bbox 604 186 1461 240; x_wconf 68' lang='lat' dir='ltr'>PRoLEcoMENA.</span> 
     </span>
     <span class='ocr_line' id='line_1_2' title="bbox 223 255 1847 344; baseline -0.009 -13"><span class='ocrx_word' id='word_1_3' title='bbox 223 261 507 331; x_wconf 82' lang='lat' dir='ltr'><strong>incursare.</strong></span> <span class='ocrx_word' id='word_1_4' title='bbox 550 267 631 323; x_wconf 90' lang='lat' dir='ltr'>At</span> <span class='ocrx_word' id='word_1_5' title='bbox 650 261 1189 344; x_wconf 83' lang='lat' dir='ltr'>philosophialegem</span> <span class='ocrx_word' id='word_1_6' title='bbox 1225 264 1342 320; x_wconf 89' lang='lat' dir='ltr'>vult</span> <span class='ocrx_word' id='word_1_7' title='bbox 1376 255 1478 316; x_wconf 85' lang='lat' dir='ltr'>effe</span> <span class='ocrx_word' id='word_1_8' title='bbox 1516 255 1847 338; x_wconf 84' lang='lat' dir='ltr'>fimplicem,</span> 
     </span>
     <span class='ocr_line' id='line_1_3' title="bbox 225 338 1851 428; baseline -0.007 -19"><span class='ocrx_word' id='word_1_9' title='bbox 225 352 453 409; x_wconf 88' lang='lat' dir='ltr'><strong>brevem</strong></span> <span class='ocrx_word' id='word_1_10' title='bbox 474 388 493 415; x_wconf 84' lang='lat'>,</span> <span class='ocrx_word' id='word_1_11' title='bbox 532 349 753 420; x_wconf 79' lang='lat' dir='ltr'>claram3</span> <span class='ocrx_word' id='word_1_12' title='bbox 786 348 962 428; x_wconf 87' lang='lat' dir='ltr'>qualia</span> <span class='ocrx_word' id='word_1_13' title='bbox 995 344 1119 403; x_wconf 90' lang='lat' dir='ltr'>sunt</span> <span class='ocrx_word' id='word_1_14' title='bbox 1151 339 1671 424; x_wconf 86' lang='lat' dir='ltr'>patrumfamiliasin</span> <span class='ocrx_word' id='word_1_15' title='bbox 1692 338 1851 399; x_wconf 88' lang='lat' dir='ltr'>fami-</span> 
     </span>
     <span class='ocr_line' id='line_1_4' title="bbox 224 425 1847 511; baseline -0.007 -19"><span class='ocrx_word' id='word_1_16' title='bbox 224 437 353 493; x_wconf 87' lang='lat' dir='ltr'>liam</span> <span class='ocrx_word' id='word_1_17' title='bbox 383 430 529 489; x_wconf 89' lang='lat' dir='ltr'>suam</span> <span class='ocrx_word' id='word_1_18' title='bbox 564 434 809 511; x_wconf 84' lang='lat' dir='ltr'>imperia.</span> <span class='ocrx_word' id='word_1_19' title='bbox 851 431 1006 486; x_wconf 89' lang='lat' dir='ltr'>Tum</span> <span class='ocrx_word' id='word_1_20' title='bbox 1043 448 1173 486; x_wconf 88' lang='lat' dir='ltr'>vero</span> <span class='ocrx_word' id='word_1_21' title='bbox 1207 425 1341 483; x_wconf 85' lang='lat' dir='ltr'><strong>nihil</strong></span> <span class='ocrx_word' id='word_1_22' title='bbox 1376 442 1582 481; x_wconf 88' lang='lat' dir='ltr'>mutata</span> <span class='ocrx_word' id='word_1_23' title='bbox 1628 425 1847 482; x_wconf 75' lang='lat' dir='ltr'>duratio</span> 
     </span>
     <span class='ocr_line' id='line_1_5' title="bbox 226 506 1852 586; baseline -0.007 -12"><span class='ocrx_word' id='word_1_24' title='bbox 226 517 466 575; x_wconf 87' lang='lat' dir='ltr'>multum</span> <span class='ocrx_word' id='word_1_25' title='bbox 485 511 662 572; x_wconf 88' lang='lat' dir='ltr'>secum</span> <span class='ocrx_word' id='word_1_26' title='bbox 690 512 852 569; x_wconf 88' lang='lat' dir='ltr'>habet</span> <span class='ocrx_word' id='word_1_27' title='bbox 873 511 1220 569; x_wconf 64' lang='lat' dir='ltr'>auctoritatis.</span> <span class='ocrx_word' id='word_1_28' title='bbox 1260 510 1394 570; x_wconf 84' lang='lat' dir='ltr'>Haec</span> <span class='ocrx_word' id='word_1_29' title='bbox 1411 528 1517 586; x_wconf 86' lang='lat' dir='ltr'>ego</span> <span class='ocrx_word' id='word_1_30' title='bbox 1535 506 1592 562; x_wconf 90' lang='lat' dir='ltr'>in</span> <span class='ocrx_word' id='word_1_31' title='bbox 1616 509 1852 586; x_wconf 87' lang='lat' dir='ltr'>Septen-</span> 
     </span>
     <span class='ocr_line' id='line_1_6' title="bbox 224 582 1854 673; baseline -0.007 -17"><span class='ocrx_word' id='word_1_32' title='bbox 224 597 540 657; x_wconf 86' lang='lat' dir='ltr'>trionalium</span> <span class='ocrx_word' id='word_1_33' title='bbox 560 594 871 652; x_wconf 84' lang='lat' dir='ltr'>nostrorum</span> <span class='ocrx_word' id='word_1_34' title='bbox 886 592 1096 673; x_wconf 83' lang='lat' dir='ltr'><strong>legibus</strong></span> <span class='ocrx_word' id='word_1_35' title='bbox 1119 582 1360 649; x_wconf 75' lang='lat' dir='ltr'>invenire</span> <span class='ocrx_word' id='word_1_36' title='bbox 1380 611 1468 646; x_wconf 87' lang='lat' dir='ltr'>me</span> <span class='ocrx_word' id='word_1_37' title='bbox 1487 588 1726 669; x_wconf 85' lang='lat' dir='ltr'><strong>gaudeo.</strong></span> <span class='ocrx_word' id='word_1_38' title='bbox 1747 593 1854 645; x_wconf 87' lang='lat' dir='ltr'>At-</span> 
     </span>
     <span class='ocr_line' id='line_1_7' title="bbox 228 672 1855 762; baseline -0.007 -24"><span class='ocrx_word' id='word_1_39' title='bbox 228 702 335 762; x_wconf 89' lang='lat' dir='ltr'>que</span> <span class='ocrx_word' id='word_1_40' title='bbox 355 684 429 737; x_wconf 88' lang='lat' dir='ltr'>ita</span> <span class='ocrx_word' id='word_1_41' title='bbox 450 679 681 736; x_wconf 82' lang='lat' dir='ltr'>arbitror</span> <span class='ocrx_word' id='word_1_42' title='bbox 698 718 714 745; x_wconf 91' lang='lat'>‚</span> <span class='ocrx_word' id='word_1_43' title='bbox 747 679 802 734; x_wconf 90' lang='lat' dir='ltr'>ni</span> <span class='ocrx_word' id='word_1_44' title='bbox 820 679 947 734; x_wconf 86' lang='lat' dir='ltr'>Deo</span> <span class='ocrx_word' id='word_1_45' title='bbox 981 673 1075 754; x_wconf 80' lang='lat' dir='ltr'>ipsi</span> <span class='ocrx_word' id='word_1_46' title='bbox 1094 696 1155 731; x_wconf 88' lang='lat' dir='ltr'>ea</span> <span class='ocrx_word' id='word_1_47' title='bbox 1174 672 1478 752; x_wconf 83' lang='lat' dir='ltr'>simplicitas</span> <span class='ocrx_word' id='word_1_48' title='bbox 1499 691 1604 750; x_wconf 84' lang='lat' dir='ltr'>prae</span> <span class='ocrx_word' id='word_1_49' title='bbox 1625 673 1855 750; x_wconf 80' lang='lat' dir='ltr'>argutiis</span> 
     </span>
     <span class='ocr_line' id='line_1_8' title="bbox 229 752 1857 842; baseline -0.006 -22"><span class='ocrx_word' id='word_1_50' title='bbox 229 758 500 842; x_wconf 78' lang='lat' dir='ltr'>placuiffet</span> <span class='ocrx_word' id='word_1_51' title='bbox 526 804 540 825; x_wconf 93' lang='lat'>‚</span> <span class='ocrx_word' id='word_1_52' title='bbox 580 781 862 838; x_wconf 88' lang='lat' dir='ltr'>nunquam</span> <span class='ocrx_word' id='word_1_53' title='bbox 880 779 1006 815; x_wconf 89' lang='lat' dir='ltr'>eum</span> <span class='ocrx_word' id='word_1_54' title='bbox 1031 761 1138 813; x_wconf 86' lang='lat' dir='ltr'>vim</span> <span class='ocrx_word' id='word_1_55' title='bbox 1159 755 1306 813; x_wconf 89' lang='lat' dir='ltr'>suam</span> <span class='ocrx_word' id='word_1_56' title='bbox 1329 752 1616 812; x_wconf 85' lang='lat' dir='ltr'>mirificam</span> <span class='ocrx_word' id='word_1_57' title='bbox 1643 773 1857 811; x_wconf 89' lang='lat' dir='ltr'>accom-</span> 
     </span>
     <span class='ocr_line' id='line_1_9' title="bbox 229 834 1853 918; baseline -0.007 -14"><span class='ocrx_word' id='word_1_58' title='bbox 229 844 582 904; x_wconf 84' lang='lat' dir='ltr'>modaturum</span> <span class='ocrx_word' id='word_1_59' title='bbox 617 839 768 899; x_wconf 82' lang='lat' dir='ltr'>fuisse</span> <span class='ocrx_word' id='word_1_60' title='bbox 811 843 1194 898; x_wconf 88' lang='lat' dir='ltr'>innocentium</span> <span class='ocrx_word' id='word_1_61' title='bbox 1228 839 1562 918; x_wconf 80' lang='lat' dir='ltr'>populorum</span> <span class='ocrx_word' id='word_1_62' title='bbox 1600 834 1853 917; x_wconf 77' lang='lat' dir='ltr'>legibuS,</span> 
     </span>
     <span class='ocr_line' id='line_1_10' title="bbox 232 921 1858 1008; baseline -0.007 -22"><span class='ocrx_word' id='word_1_63' title='bbox 232 931 330 1008; x_wconf 90' lang='lat' dir='ltr'>qui</span> <span class='ocrx_word' id='word_1_64' title='bbox 365 927 736 984; x_wconf 78' lang='lat' dir='ltr'>innocentiam</span> <span class='ocrx_word' id='word_1_65' title='bbox 770 921 1108 1004; x_wconf 83' lang='lat' dir='ltr'>fingnlorum</span> <span class='ocrx_word' id='word_1_66' title='bbox 1144 924 1292 979; x_wconf 58' lang='lat' dir='ltr'>tactu</span> <span class='ocrx_word' id='word_1_67' title='bbox 1328 924 1634 1000; x_wconf 85' lang='lat' dir='ltr'>ignitorum</span> <span class='ocrx_word' id='word_1_68' title='bbox 1661 938 1858 978; x_wconf 80' lang='lat' dir='ltr'>vome·-</span> 
     </span>
     <span class='ocr_line' id='line_1_11' title="bbox 228 998 1860 1089; baseline -0.006 -21"><span class='ocrx_word' id='word_1_69' title='bbox 228 1015 429 1078; x_wconf 82' lang='lat' dir='ltr'>rum,&amp;</span> <span class='ocrx_word' id='word_1_70' title='bbox 448 1007 670 1089; x_wconf 86' lang='lat' dir='ltr'>quidem</span> <span class='ocrx_word' id='word_1_71' title='bbox 686 1029 759 1065; x_wconf 88' lang='lat' dir='ltr'>no</span> <span class='ocrx_word' id='word_1_72' title='bbox 768 1028 885 1066; x_wconf 88' lang='lat' dir='ltr'>vem</span> <span class='ocrx_word' id='word_1_73' title='bbox 893 1028 977 1076; x_wconf 85' lang='lat' dir='ltr'>,ex</span> <span class='ocrx_word' id='word_1_74' title='bbox 984 1000 1699 1086; x_wconf 82' lang='lat' dir='ltr'>plorabant.Accedit‚quod</span> <span class='ocrx_word' id='word_1_75' title='bbox 1715 998 1860 1082; x_wconf 87' lang='lat' dir='ltr'>apud</span> 
     </span>
     <span class='ocr_line' id='line_1_12' title="bbox 233 1086 1863 1171; baseline -0.006 -20"><span class='ocrx_word' id='word_1_76' title='bbox 233 1092 544 1170; x_wconf 80' lang='lat' dir='ltr'><strong>complures</strong></span> <span class='ocrx_word' id='word_1_77' title='bbox 560 1109 783 1171; x_wconf 83' lang='lat' dir='ltr'>gentes,</span> <span class='ocrx_word' id='word_1_78' title='bbox 818 1086 1086 1149; x_wconf 67' lang='lat' dir='ltr'>faecundas</span> <span class='ocrx_word' id='word_1_79' title='bbox 1113 1086 1582 1164; x_wconf 84' lang='lat' dir='ltr'>Iurisprudentum</span> <span class='ocrx_word' id='word_1_80' title='bbox 1615 1092 1863 1164; x_wconf 85' lang='lat' dir='ltr'><strong>proven-</strong></span> 
     </span>
     <span class='ocr_line' id='line_1_13' title="bbox 141 1166 1862 1253; baseline -0.005 -20"><span class='ocrx_word' id='word_1_81' title='bbox 141 1180 150 1183; x_wconf 78' lang='grc'><strong>’</strong></span> <span class='ocrx_word' id='word_1_82' title='bbox 231 1193 295 1232; x_wconf 85' lang='lat' dir='ltr'>tu</span> <span class='ocrx_word' id='word_1_83' title='bbox 313 1218 327 1240; x_wconf 93' lang='lat'>,</span> <span class='ocrx_word' id='word_1_84' title='bbox 347 1173 469 1232; x_wconf 85' lang='lat' dir='ltr'>istas</span> <span class='ocrx_word' id='word_1_85' title='bbox 485 1176 652 1253; x_wconf 72' lang='lat' dir='ltr'><strong>legeS,</strong></span> <span class='ocrx_word' id='word_1_86' title='bbox 666 1175 935 1232; x_wconf 86' lang='lat' dir='ltr'>Romanis</span> <span class='ocrx_word' id='word_1_87' title='bbox 954 1170 1105 1237; x_wconf 84' lang='lat' dir='ltr'>usus,</span> <span class='ocrx_word' id='word_1_88' title='bbox 1126 1171 1291 1246; x_wconf 83' lang='lat' dir='ltr'><strong>judex</strong></span> <span class='ocrx_word' id='word_1_89' title='bbox 1313 1191 1428 1227; x_wconf 91' lang='lat' dir='ltr'>non</span> <span class='ocrx_word' id='word_1_90' title='bbox 1448 1166 1606 1226; x_wconf 87' lang='lat' dir='ltr'>falsus</span> <span class='ocrx_word' id='word_1_91' title='bbox 1625 1208 1641 1230; x_wconf 84' lang='lat'>‚</span> <span class='ocrx_word' id='word_1_92' title='bbox 1660 1185 1862 1247; x_wconf 56' lang='lat' dir='ltr'>praetuf-</span> 
     </span>
     <span class='ocr_line' id='line_1_14' title="bbox 231 1249 1883 1321; baseline -0.004 -7"><span class='ocrx_word' id='word_1_93' title='bbox 231 1259 310 1315; x_wconf 87' lang='lat' dir='ltr'>lit.</span> <span class='ocrx_word' id='word_1_94' title='bbox 355 1261 416 1313; x_wconf 87' lang='lat' dir='ltr'>In</span> <span class='ocrx_word' id='word_1_95' title='bbox 439 1256 619 1312; x_wconf 83' lang='lat' dir='ltr'>Gallia</span> <span class='ocrx_word' id='word_1_96' title='bbox 638 1254 1101 1311; x_wconf 87' lang='lat' dir='ltr'>Theodericianas</span> <span class='ocrx_word' id='word_1_97' title='bbox 1119 1295 1137 1321; x_wconf 93' lang='lat'><em>‚</em></span> <span class='ocrx_word' id='word_1_98' title='bbox 1169 1275 1285 1310; x_wconf 87' lang='lat' dir='ltr'>non</span> <span class='ocrx_word' id='word_1_99' title='bbox 1310 1249 1883 1317; x_wconf 46' lang='lat' dir='ltr'>Theodofianasstar</span> 
     </span>
     <span class='ocr_line' id='line_1_15' title="bbox 232 1331 1863 1418; baseline -0.005 -22"><span class='ocrx_word' id='word_1_100' title='bbox 232 1336 381 1396; x_wconf 87' lang='lat' dir='ltr'>luisse</span> <span class='ocrx_word' id='word_1_101' title='bbox 397 1343 543 1418; x_wconf 84' lang='lat' dir='ltr'><strong>leges</strong></span> <span class='ocrx_word' id='word_1_102' title='bbox 575 1339 647 1393; x_wconf 86' lang='lat' dir='ltr'>ait</span> <span class='ocrx_word' id='word_1_103' title='bbox 680 1337 955 1393; x_wconf 89' lang='lat' dir='ltr'>Sidonius.</span> <span class='ocrx_word' id='word_1_104' title='bbox 999 1337 1079 1392; x_wconf 82' lang='lat' dir='ltr'>Ex</span> <span class='ocrx_word' id='word_1_105' title='bbox 1118 1333 1613 1414; x_wconf 61' lang='lat' dir='ltr'>XWifigotthorum</span> <span class='ocrx_word' id='word_1_106' title='bbox 1644 1331 1863 1411; x_wconf 76' lang='lat' dir='ltr'><strong>legibus</strong></span> 
     </span>
     <span class='ocr_line' id='line_1_16' title="bbox 231 1416 1864 1501; baseline -0.004 -23"><span class='ocrx_word' id='word_1_107' title='bbox 231 1423 462 1501; x_wconf 79' lang='lat' dir='ltr'>plurima</span> <span class='ocrx_word' id='word_1_108' title='bbox 479 1416 702 1476; x_wconf 78' lang='lat' dir='ltr'>assumta</span> <span class='ocrx_word' id='word_1_109' title='bbox 720 1421 777 1475; x_wconf 90' lang='lat' dir='ltr'>in</span> <span class='ocrx_word' id='word_1_110' title='bbox 805 1418 1123 1497; x_wconf 85' lang='lat' dir='ltr'>Capitulare</span> <span class='ocrx_word' id='word_1_111' title='bbox 1142 1418 1332 1474; x_wconf 85' lang='lat' dir='ltr'>Caroli</span> <span class='ocrx_word' id='word_1_112' title='bbox 1358 1416 1632 1493; x_wconf 85' lang='lat' dir='ltr'>Magni‚&amp;</span> <span class='ocrx_word' id='word_1_113' title='bbox 1654 1416 1864 1472; x_wconf 88' lang='lat' dir='ltr'><strong>Decre-</strong></span> 
     </span>
     <span class='ocr_line' id='line_1_17' title="bbox 233 1496 1865 1580; baseline -0.004 -21"><span class='ocrx_word' id='word_1_114' title='bbox 233 1522 355 1559; x_wconf 81' lang='lat' dir='ltr'>tum</span> <span class='ocrx_word' id='word_1_115' title='bbox 373 1503 580 1559; x_wconf 77' lang='lat' dir='ltr'>lvonis·</span> <span class='ocrx_word' id='word_1_116' title='bbox 624 1500 786 1558; x_wconf 83' lang='lat' dir='ltr'>Adeo</span> <span class='ocrx_word' id='word_1_117' title='bbox 807 1504 965 1558; x_wconf 86' lang='lat' dir='ltr'>etiam</span> <span class='ocrx_word' id='word_1_118' title='bbox 988 1502 1083 1579; x_wconf 87' lang='lat' dir='ltr'>qui</span> <span class='ocrx_word' id='word_1_119' title='bbox 1104 1503 1180 1558; x_wconf 83' lang='lat' dir='ltr'>eis</span> <span class='ocrx_word' id='word_1_120' title='bbox 1209 1498 1423 1580; x_wconf 86' lang='lat' dir='ltr'><strong>legibus</strong></span> <span class='ocrx_word' id='word_1_121' title='bbox 1456 1513 1572 1555; x_wconf 85' lang='lat' dir='ltr'>non</span> <span class='ocrx_word' id='word_1_122' title='bbox 1593 1496 1865 1555; x_wconf 76' lang='lat' dir='ltr'>teneban-</span> 
     </span>
     <span class='ocr_line' id='line_1_18' title="bbox 234 1578 1865 1663; baseline -0.002 -22"><span class='ocrx_word' id='word_1_123' title='bbox 234 1601 344 1652; x_wconf 71' lang='lat' dir='ltr'>tur,</span> <span class='ocrx_word' id='word_1_124' title='bbox 362 1582 694 1663; x_wconf 80' lang='lat' dir='ltr'>dignissimas</span> <span class='ocrx_word' id='word_1_125' title='bbox 710 1585 923 1639; x_wconf 87' lang='lat' dir='ltr'>imitatu</span> <span class='ocrx_word' id='word_1_126' title='bbox 946 1603 1032 1638; x_wconf 88' lang='lat' dir='ltr'>eas</span> <span class='ocrx_word' id='word_1_127' title='bbox 1050 1582 1268 1639; x_wconf 83' lang='lat' dir='ltr'><strong>duxere.</strong></span> <span class='ocrx_word' id='word_1_128' title='bbox 1314 1580 1608 1661; x_wconf 84' lang='lat' dir='ltr'>Postquam</span> <span class='ocrx_word' id='word_1_129' title='bbox 1630 1578 1659 1637; x_wconf 77' lang='grc' dir='ltr'>ὲ</span> <span class='ocrx_word' id='word_1_130' title='bbox 1684 1582 1865 1637; x_wconf 88' lang='lat' dir='ltr'>Sarra-</span> 
     </span>
     <span class='ocr_line' id='line_1_19' title="bbox 237 1662 1865 1742; baseline -0.003 -19"><span class='ocrx_word' id='word_1_131' title='bbox 237 1686 497 1723; x_wconf 85' lang='lat' dir='ltr'>cenorum</span> <span class='ocrx_word' id='word_1_132' title='bbox 519 1686 683 1722; x_wconf 84' lang='lat' dir='ltr'>manu</span> <span class='ocrx_word' id='word_1_133' title='bbox 710 1667 1010 1741; x_wconf 66' lang='lat' dir='ltr'>recuperari</span> <span class='ocrx_word' id='word_1_134' title='bbox 1030 1682 1202 1742; x_wconf 79' lang='lat' dir='ltr'>partes</span> <span class='ocrx_word' id='word_1_135' title='bbox 1221 1662 1332 1720; x_wconf 88' lang='lat' dir='ltr'>His</span> <span class='ocrx_word' id='word_1_136' title='bbox 1326 1666 1493 1742; x_wconf 84' lang='lat' dir='ltr'>paniae</span> <span class='ocrx_word' id='word_1_137' title='bbox 1515 1684 1715 1742; x_wconf 80' lang='lat' dir='ltr'><strong>caepere</strong></span> <span class='ocrx_word' id='word_1_138' title='bbox 1738 1703 1756 1731; x_wconf 82' lang='lat'>‚</span> <span class='ocrx_word' id='word_1_139' title='bbox 1778 1683 1865 1719; x_wconf 86' lang='lat' dir='ltr'><strong>re·-</strong></span> 
     </span>
     <span class='ocr_line' id='line_1_20' title="bbox 237 1741 1864 1812; baseline -0.003 -6"><span class='ocrx_word' id='word_1_140' title='bbox 237 1747 490 1806; x_wconf 82' lang='lat' dir='ltr'>suscitatae</span> <span class='ocrx_word' id='word_1_141' title='bbox 511 1745 538 1804; x_wconf 71' lang='grc' dir='ltr'>ὲ</span> <span class='ocrx_word' id='word_1_142' title='bbox 557 1741 1270 1811; x_wconf 83' lang='lat' dir='ltr'>Veremundo,Aldefunso‚</span> <span class='ocrx_word' id='word_1_143' title='bbox 1289 1745 1654 1812; x_wconf 84' lang='lat' dir='ltr'>Ferdinando‚</span> <span class='ocrx_word' id='word_1_144' title='bbox 1671 1765 1733 1803; x_wconf 91' lang='lat' dir='ltr'>ut</span> <span class='ocrx_word' id='word_1_145' title='bbox 1751 1746 1864 1803; x_wconf 87' lang='lat' dir='ltr'>Ro-</span> 
     </span>
     <span class='ocr_line' id='line_1_21' title="bbox 238 1828 1866 1907; baseline -0.002 -19"><span class='ocrx_word' id='word_1_146' title='bbox 238 1831 445 1888; x_wconf 85' lang='lat' dir='ltr'>dericus</span> <span class='ocrx_word' id='word_1_147' title='bbox 468 1851 568 1886; x_wconf 90' lang='lat' dir='ltr'>nos</span> <span class='ocrx_word' id='word_1_148' title='bbox 585 1829 767 1894; x_wconf 90' lang='lat' dir='ltr'>docet,</span> <span class='ocrx_word' id='word_1_149' title='bbox 790 1828 1069 1886; x_wconf 80' lang='lat' dir='ltr'>Gotthicae</span> <span class='ocrx_word' id='word_1_150' title='bbox 1089 1829 1265 1907; x_wconf 83' lang='lat' dir='ltr'><strong>leges:</strong></span> <span class='ocrx_word' id='word_1_151' title='bbox 1281 1848 1511 1907; x_wconf 84' lang='lat' dir='ltr'>quarum</span> <span class='ocrx_word' id='word_1_152' title='bbox 1532 1848 1730 1906; x_wconf 82' lang='lat' dir='ltr'>corpus</span> <span class='ocrx_word' id='word_1_153' title='bbox 1752 1828 1866 1884; x_wconf 79' lang='lat' dir='ltr'>Fo-</span> 
     </span>
     <span class='ocr_line' id='line_1_22' title="bbox 239 1908 1888 1983; baseline -0.002 -13"><span class='ocrx_word' id='word_1_154' title='bbox 239 1934 362 1970; x_wconf 82' lang='lat' dir='ltr'>rum</span> <span class='ocrx_word' id='word_1_155' title='bbox 383 1912 632 1969; x_wconf 84' lang='lat' dir='ltr'>Indicum</span> <span class='ocrx_word' id='word_1_156' title='bbox 668 1918 721 1967; x_wconf 86' lang='lat'>&amp;</span> <span class='ocrx_word' id='word_1_157' title='bbox 741 1914 874 1968; x_wconf 87' lang='lat' dir='ltr'>olim</span> <span class='ocrx_word' id='word_1_158' title='bbox 908 1918 962 1968; x_wconf 66' lang='grc' dir='ltr'>δε</span> <span class='ocrx_word' id='word_1_159' title='bbox 987 1931 1132 1967; x_wconf 86' lang='lat' dir='ltr'>nunc</span> <span class='ocrx_word' id='word_1_160' title='bbox 1165 1911 1391 1979; x_wconf 83' lang='lat' dir='ltr'>dicitur,</span> <span class='ocrx_word' id='word_1_161' title='bbox 1431 1908 1558 1967; x_wconf 86' lang='lat' dir='ltr'>fons</span> <span class='ocrx_word' id='word_1_162' title='bbox 1579 1919 1736 1969; x_wconf 78' lang='lat' dir='ltr'><strong>verus</strong></span> <span class='ocrx_word' id='word_1_163' title='bbox 1753 1911 1888 1983; x_wconf 45' lang='lat' dir='ltr'>Hi?</span> 
     </span>
     <span class='ocr_line' id='line_1_23' title="bbox 237 1995 1869 2074; baseline -0.002 -22"><span class='ocrx_word' id='word_1_164' title='bbox 237 1996 430 2074; x_wconf 84' lang='lat' dir='ltr'>spanici</span> <span class='ocrx_word' id='word_1_165' title='bbox 461 1998 613 2070; x_wconf 87' lang='lat' dir='ltr'>juris.</span> <span class='ocrx_word' id='word_1_166' title='bbox 657 1998 769 2050; x_wconf 89' lang='lat' dir='ltr'>Iam</span> <span class='ocrx_word' id='word_1_167' title='bbox 793 2014 922 2051; x_wconf 88' lang='lat' dir='ltr'>vero</span> <span class='ocrx_word' id='word_1_168' title='bbox 955 2015 1074 2072; x_wconf 85' lang='lat' dir='ltr'>quae</span> <span class='ocrx_word' id='word_1_169' title='bbox 1106 1998 1163 2049; x_wconf 86' lang='lat' dir='ltr'>in</span> <span class='ocrx_word' id='word_1_170' title='bbox 1199 2014 1370 2073; x_wconf 84' lang='lat' dir='ltr'><strong>regno</strong></span> <span class='ocrx_word' id='word_1_171' title='bbox 1392 1995 1760 2073; x_wconf 85' lang='lat' dir='ltr'>Neapolitano</span> <span class='ocrx_word' id='word_1_172' title='bbox 1784 1995 1869 2049; x_wconf 85' lang='lat' dir='ltr'>Si-</span> 
     </span>
     <span class='ocr_line' id='line_1_24' title="bbox 177 2073 1864 2156; baseline 0 -22"><span class='ocrx_word' id='word_1_173' title='bbox 177 2135 188 2154; x_wconf 44' lang='lat' dir='ltr'>f</span> <span class='ocrx_word' id='word_1_174' title='bbox 239 2079 476 2156; x_wconf 88' lang='lat' dir='ltr'>culoque</span> <span class='ocrx_word' id='word_1_175' title='bbox 494 2076 671 2132; x_wconf 88' lang='lat' dir='ltr'>valent</span> <span class='ocrx_word' id='word_1_176' title='bbox 689 2075 1108 2136; x_wconf 26' lang='lat' dir='ltr'>constitutione-s</span> <span class='ocrx_word' id='word_1_177' title='bbox 1124 2115 1140 2141; x_wconf 89' lang='lat'>‚</span> <span class='ocrx_word' id='word_1_178' title='bbox 1179 2073 1505 2133; x_wconf 72' lang='lat' dir='ltr'>aFrederico</span> <span class='ocrx_word' id='word_1_179' title='bbox 1533 2076 1864 2134; x_wconf 56' lang='lat' dir='ltr'>fisscollegtae</span> 
     </span>
     <span class='ocr_line' id='line_1_25' title="bbox 239 2155 1866 2238; baseline 0 -21"><span class='ocrx_word' id='word_1_180' title='bbox 239 2180 390 2238; x_wconf 87' lang='lat' dir='ltr'><strong>paene</strong></span> <span class='ocrx_word' id='word_1_181' title='bbox 424 2178 620 2215; x_wconf 86' lang='lat' dir='ltr'>omnes</span> <span class='ocrx_word' id='word_1_182' title='bbox 642 2196 660 2222; x_wconf 85' lang='lat'>,</span> <span class='ocrx_word' id='word_1_183' title='bbox 695 2155 876 2214; x_wconf 79' lang='lat' dir='ltr'>fluunt</span> <span class='ocrx_word' id='word_1_184' title='bbox 907 2156 934 2213; x_wconf 74' lang='grc' dir='ltr'>ἐ</span> <span class='ocrx_word' id='word_1_185' title='bbox 969 2157 1187 2236; x_wconf 85' lang='lat' dir='ltr'><strong>legibus</strong></span> <span class='ocrx_word' id='word_1_186' title='bbox 1222 2157 1740 2238; x_wconf 82' lang='lat' dir='ltr'>Langobardorum.</span> <span class='ocrx_word' id='word_1_187' title='bbox 1774 2161 1866 2217; x_wconf 84' lang='lat' dir='ltr'>De</span> 
     </span>
     <span class='ocr_line' id='line_1_26' title="bbox 240 2237 1868 2319; baseline -0.001 -20"><span class='ocrx_word' id='word_1_188' title='bbox 240 2241 438 2300; x_wconf 86' lang='lat' dir='ltr'><strong>Feudis</strong></span> <span class='ocrx_word' id='word_1_189' title='bbox 455 2261 583 2297; x_wconf 85' lang='lat' dir='ltr'>vero</span> <span class='ocrx_word' id='word_1_190' title='bbox 605 2260 721 2319; x_wconf 87' lang='lat' dir='ltr'>quae</span> <span class='ocrx_word' id='word_1_191' title='bbox 742 2239 809 2296; x_wconf 83' lang='lat' dir='ltr'>ab</span> <span class='ocrx_word' id='word_1_192' title='bbox 840 2237 1027 2297; x_wconf 85' lang='lat' dir='ltr'>iisdem</span> <span class='ocrx_word' id='word_1_193' title='bbox 1050 2240 1426 2318; x_wconf 82' lang='lat' dir='ltr'>Langobardis</span> <span class='ocrx_word' id='word_1_194' title='bbox 1451 2247 1564 2317; x_wconf 82' lang='lat' dir='ltr'>jam</span> <span class='ocrx_word' id='word_1_195' title='bbox 1583 2243 1717 2299; x_wconf 90' lang='lat' dir='ltr'>olim</span> <span class='ocrx_word' id='word_1_196' title='bbox 1738 2262 1868 2298; x_wconf 89' lang='lat' dir='ltr'>mo-</span> 
     </span>
     <span class='ocr_line' id='line_1_27' title="bbox 240 2321 1868 2403; baseline 0 -22"><span class='ocrx_word' id='word_1_197' title='bbox 240 2323 388 2382; x_wconf 81' lang='lat' dir='ltr'>tibus</span> <span class='ocrx_word' id='word_1_198' title='bbox 409 2341 557 2380; x_wconf 86' lang='lat' dir='ltr'>erant</span> <span class='ocrx_word' id='word_1_199' title='bbox 577 2340 789 2402; x_wconf 83' lang='lat' dir='ltr'>recepta</span> <span class='ocrx_word' id='word_1_200' title='bbox 808 2363 825 2390; x_wconf 92' lang='lat'><strong><em>,</em></strong></span> <span class='ocrx_word' id='word_1_201' title='bbox 860 2322 1048 2379; x_wconf 87' lang='lat' dir='ltr'>eadem</span> <span class='ocrx_word' id='word_1_202' title='bbox 1065 2322 1203 2401; x_wconf 82' lang='lat' dir='ltr'>apud</span> <span class='ocrx_word' id='word_1_203' title='bbox 1224 2321 1499 2402; x_wconf 84' lang='lat' dir='ltr'><strong>plerasque</strong></span> <span class='ocrx_word' id='word_1_204' title='bbox 1518 2342 1712 2403; x_wconf 86' lang='lat' dir='ltr'><strong>gentes</strong></span> <span class='ocrx_word' id='word_1_205' title='bbox 1742 2323 1868 2381; x_wconf 82' lang='lat' dir='ltr'>alias</span> 
     </span>
     <span class='ocr_line' id='line_1_28' title="bbox 174 2402 1865 2485; baseline -0.001 -21"><span class='ocrx_word' id='word_1_206' title='bbox 174 2404 177 2406; x_wconf 52' lang='grc'><strong>’</strong></span> <span class='ocrx_word' id='word_1_207' title='bbox 238 2406 605 2465; x_wconf 84' lang='lat' dir='ltr'>itainvaluere</span> <span class='ocrx_word' id='word_1_208' title='bbox 624 2450 637 2470; x_wconf 90' lang='lat'>‚</span> <span class='ocrx_word' id='word_1_209' title='bbox 678 2423 739 2460; x_wconf 91' lang='lat' dir='ltr'>ut</span> <span class='ocrx_word' id='word_1_210' title='bbox 773 2423 979 2485; x_wconf 87' lang='lat' dir='ltr'>partem</span> <span class='ocrx_word' id='word_1_211' title='bbox 1000 2403 1141 2484; x_wconf 84' lang='lat' dir='ltr'>apud</span> <span class='ocrx_word' id='word_1_212' title='bbox 1167 2402 1395 2485; x_wconf 74' lang='lat' dir='ltr'>lingulas</span> <span class='ocrx_word' id='word_1_213' title='bbox 1420 2411 1555 2481; x_wconf 81' lang='lat' dir='ltr'>juris</span> <span class='ocrx_word' id='word_1_214' title='bbox 1584 2406 1753 2464; x_wconf 83' lang='lat' dir='ltr'>civilis</span> <span class='ocrx_word' id='word_1_215' title='bbox 1782 2404 1865 2462; x_wconf 83' lang='lat' dir='ltr'>fa-</span> 
     </span>
     <span class='ocr_line' id='line_1_29' title="bbox 239 2487 1866 2567; baseline -0.001 -21"><span class='ocrx_word' id='word_1_216' title='bbox 239 2491 396 2546; x_wconf 86' lang='lat' dir='ltr'>ciant.</span> <span class='ocrx_word' id='word_1_217' title='bbox 443 2490 644 2566; x_wconf 84' lang='lat' dir='ltr'>Anglia</span> <span class='ocrx_word' id='word_1_218' title='bbox 671 2489 1128 2545; x_wconf 85' lang='lat' dir='ltr'>Normannornm</span> <span class='ocrx_word' id='word_1_219' title='bbox 1163 2487 1376 2567; x_wconf 87' lang='lat' dir='ltr'><strong>legibus</strong></span> <span class='ocrx_word' id='word_1_220' title='bbox 1409 2489 1574 2544; x_wconf 82' lang='lat' dir='ltr'>etiam</span> <span class='ocrx_word' id='word_1_221' title='bbox 1597 2509 1744 2546; x_wconf 89' lang='lat' dir='ltr'>nunc</span> <span class='ocrx_word' id='word_1_222' title='bbox 1780 2508 1866 2545; x_wconf 86' lang='lat' dir='ltr'><strong>re·-</strong></span> 
     </span>
     <span class='ocr_line' id='line_1_30' title="bbox 239 2567 1864 2651; baseline 0.001 -23"><span class='ocrx_word' id='word_1_223' title='bbox 239 2575 401 2651; x_wconf 84' lang='lat' dir='ltr'>gitur.</span> <span class='ocrx_word' id='word_1_224' title='bbox 448 2573 590 2639; x_wconf 87' lang='lat' dir='ltr'>Quae</span> <span class='ocrx_word' id='word_1_225' title='bbox 628 2570 693 2627; x_wconf 88' lang='lat' dir='ltr'>de</span> <span class='ocrx_word' id='word_1_226' title='bbox 719 2573 1005 2627; x_wconf 83' lang='lat' dir='ltr'>maritimis</span> <span class='ocrx_word' id='word_1_227' title='bbox 1034 2573 1272 2649; x_wconf 85' lang='lat' dir='ltr'>negotiis</span> <span class='ocrx_word' id='word_1_228' title='bbox 1300 2567 1478 2628; x_wconf 87' lang='lat' dir='ltr'>insulae</span> <span class='ocrx_word' id='word_1_229' title='bbox 1512 2569 1864 2630; x_wconf 71' lang='lat' dir='ltr'>Gothlandiae</span> 
     </span>
     <span class='ocr_line' id='line_1_31' title="bbox 224 2651 1864 2729; baseline 0.004 -24"><span class='ocrx_word' id='word_1_230' title='bbox 224 2653 640 2711; x_wconf 76' lang='lat' dir='ltr'>,habitatoribus</span> <span class='ocrx_word' id='word_1_231' title='bbox 683 2654 995 2729; x_wconf 80' lang='lat' dir='ltr'>placuerunt</span> <span class='ocrx_word' id='word_1_232' title='bbox 1018 2694 1036 2720; x_wconf 87' lang='lat'>‚</span> <span class='ocrx_word' id='word_1_233' title='bbox 1081 2671 1295 2709; x_wconf 86' lang='lat' dir='ltr'>tantum</span> <span class='ocrx_word' id='word_1_234' title='bbox 1333 2655 1389 2708; x_wconf 92' lang='lat' dir='ltr'>in</span> <span class='ocrx_word' id='word_1_235' title='bbox 1423 2651 1473 2710; x_wconf 86' lang='lat' dir='ltr'>se</span> <span class='ocrx_word' id='word_1_236' title='bbox 1506 2651 1709 2710; x_wconf 86' lang='lat' dir='ltr'>habent</span> <span class='ocrx_word' id='word_1_237' title='bbox 1742 2672 1864 2711; x_wconf 90' lang='lat' dir='ltr'>tum</span> 
     </span>
     <span class='ocr_line' id='line_1_32' title="bbox 240 2734 1865 2816; baseline -0.002 -21"><span class='ocrx_word' id='word_1_238' title='bbox 240 2738 507 2816; x_wconf 80' lang='lat' dir='ltr'>aequitatis</span> <span class='ocrx_word' id='word_1_239' title='bbox 545 2753 664 2791; x_wconf 89' lang='lat' dir='ltr'>tum</span> <span class='ocrx_word' id='word_1_240' title='bbox 686 2734 979 2812; x_wconf 76' lang='lat' dir='ltr'>prudentiae</span> <span class='ocrx_word' id='word_1_241' title='bbox 999 2775 1015 2801; x_wconf 93' lang='lat'>,</span> <span class='ocrx_word' id='word_1_242' title='bbox 1053 2753 1112 2791; x_wconf 92' lang='lat' dir='ltr'>ut</span> <span class='ocrx_word' id='word_1_243' title='bbox 1132 2756 1327 2791; x_wconf 87' lang='lat' dir='ltr'>omnes</span> <span class='ocrx_word' id='word_1_244' title='bbox 1357 2734 1567 2792; x_wconf 86' lang='lat' dir='ltr'>Oceani</span> <span class='ocrx_word' id='word_1_245' title='bbox 1587 2738 1775 2794; x_wconf 84' lang='lat' dir='ltr'>accolae</span> <span class='ocrx_word' id='word_1_246' title='bbox 1794 2757 1865 2793; x_wconf 88' lang='lat' dir='ltr'>eo</span> 
     </span>
     <span class='ocr_line' id='line_1_33' title="bbox 240 2815 1888 2897; baseline -0.001 -20"><span class='ocrx_word' id='word_1_247' title='bbox 240 2840 357 2878; x_wconf 88' lang='lat' dir='ltr'>non</span> <span class='ocrx_word' id='word_1_248' title='bbox 377 2816 635 2897; x_wconf 86' lang='lat' dir='ltr'>tanquam</span> <span class='ocrx_word' id='word_1_249' title='bbox 657 2822 915 2896; x_wconf 84' lang='lat' dir='ltr'>proprio,</span> <span class='ocrx_word' id='word_1_250' title='bbox 949 2815 1038 2874; x_wconf 89' lang='lat' dir='ltr'>sed</span> <span class='ocrx_word' id='word_1_251' title='bbox 1059 2817 1204 2874; x_wconf 85' lang='lat' dir='ltr'>velut</span> <span class='ocrx_word' id='word_1_252' title='bbox 1220 2819 1469 2897; x_wconf 84' lang='lat' dir='ltr'>gentium</span> <span class='ocrx_word' id='word_1_253' title='bbox 1480 2823 1601 2893; x_wconf 86' lang='lat' dir='ltr'><strong>jure</strong></span> <span class='ocrx_word' id='word_1_254' title='bbox 1624 2829 1888 2877; x_wconf 73' lang='lat' dir='ltr'>utantur&#39;.v</span> 
     </span>
     <span class='ocr_line' id='line_1_34' title="bbox 243 2896 1864 2980; baseline -0.001 -21"><span class='ocrx_word' id='word_1_255' title='bbox 243 2900 419 2971; x_wconf 82' lang='lat' dir='ltr'>Quod</span> <span class='ocrx_word' id='word_1_256' title='bbox 454 2900 489 2957; x_wconf 86' lang='lat' dir='ltr'>fi</span> <span class='ocrx_word' id='word_1_257' title='bbox 530 2902 615 2957; x_wconf 90' lang='lat' dir='ltr'>cui</span> <span class='ocrx_word' id='word_1_258' title='bbox 633 2920 747 2956; x_wconf 91' lang='lat' dir='ltr'>non</span> <span class='ocrx_word' id='word_1_259' title='bbox 785 2897 976 2957; x_wconf 85' lang='lat' dir='ltr'>sufficit</span> <span class='ocrx_word' id='word_1_260' title='bbox 995 2897 1106 2956; x_wconf 84' lang='lat' dir='ltr'>haec</span> <span class='ocrx_word' id='word_1_261' title='bbox 1126 2917 1213 2957; x_wconf 88' lang='lat' dir='ltr'>tot</span> <span class='ocrx_word' id='word_1_262' title='bbox 1232 2903 1483 2980; x_wconf 85' lang='lat' dir='ltr'>gentium</span> <span class='ocrx_word' id='word_1_263' title='bbox 1514 2896 1864 2958; x_wconf 83' lang='lat' dir='ltr'>saeculorum-</span> 
     </span>
     <span class='ocr_line' id='line_1_35' title="bbox 198 2979 1866 3069; baseline 0.001 -27"><span class='ocrx_word' id='word_1_264' title='bbox 198 3028 203 3030; x_wconf 6' lang='lat' dir='ltr'>a</span> <span class='ocrx_word' id='word_1_265' title='bbox 243 3005 351 3069; x_wconf 84' lang='lat' dir='ltr'>que</span> <span class='ocrx_word' id='word_1_266' title='bbox 389 2984 681 3046; x_wconf 63' lang='lat' dir='ltr'>auctoritas</span> <span class='ocrx_word' id='word_1_267' title='bbox 708 3023 727 3053; x_wconf 90' lang='lat'>‚</span> <span class='ocrx_word' id='word_1_268' title='bbox 757 2979 847 3044; x_wconf 89' lang='lat' dir='ltr'>sed</span> <span class='ocrx_word' id='word_1_269' title='bbox 893 2981 948 3044; x_wconf 88' lang='lat' dir='ltr'>id</span> <span class='ocrx_word' id='word_1_270' title='bbox 981 2984 1216 3064; x_wconf 83' lang='lat' dir='ltr'>exigitur</span> <span class='ocrx_word' id='word_1_271' title='bbox 1250 3000 1309 3042; x_wconf 90' lang='lat' dir='ltr'>ut</span> <span class='ocrx_word' id='word_1_272' title='bbox 1346 2985 1480 3042; x_wconf 80' lang='lat' dir='ltr'>ratio</span> <span class='ocrx_word' id='word_1_273' title='bbox 1505 3004 1630 3043; x_wconf 86' lang='lat' dir='ltr'>cum</span> <span class='ocrx_word' id='word_1_274' title='bbox 1653 2986 1866 3044; x_wconf 84' lang='lat' dir='ltr'>ratione</span> 
     </span>
     <span class='ocr_line' id='line_1_36' title="bbox 1749 3085 1865 3126; baseline 0 0"><span class='ocrx_word' id='word_1_275' title='bbox 1749 3085 1865 3126; x_wconf 77' lang='lat' dir='ltr'>cer-</span> 
     </span>
    </p>
   </div>
  </div>
 </body>
</html>
