1888 3428
234 404 470 486 veusque
492 403 728 464 sollicite
762 424 829 460 ne
861 401 1014 481 parfia
1047 418 1229 459 exuat.
1271 402 1417 458 Nam
1454 419 1652 460 caeterae
1696 405 1881 478 maris-3

232 510 340 548 01·ae
359 510 472 546 non
491 489 631 553 reeta
649 484 931 543 eiobstant
948 525 964 553 ‚
1000 481 1088 542 sed
1121 481 1425 541 transversae
1445 484 1706 561 adjacent.
1751 484 1875 551 Sedf·

233 571 401 629 de'his
418 569 641 650 quisque
659 610 676 637 ‚
712 567 772 625 ut
810 567 979 628 visum
1000 566 1131 633 fibi,
1170 569 1245 623 ita
1270 565 1477 642 judicet
1496 569 1847 646 pronuntiet-
1864 579 1877 591 ²

230 674 355 732 que.
406 657 534 734 Q
551 649 829 709 occasione
851 648 1125 708 Chosroes
1155 651 1401 719 Lazicam
1419 647 1518 708 suae
1535 649 1757 707 ditionis
1775 646 1855 707 fa·
1873 646 1885 711 {-

231 755 349 792 cere
384 732 651 815 aggressus
687 732 784 802 fit,
819 737 875 791 in
907 732 1056 790 libris
1088 750 1213 790 ante
1252 731 1411 789 editis
1445 735 1722 811 explicavi.
1764 729 1886 803 sedj

231 838 350 896 quae
364 817 536 895 ipsum
553 814 829 896 Persasque
841 837 908 873 eo
928 818 1191 896 praecipue
1205 816 1483 892 impulerit
1501 812 1650 872 causa
1672 856 1688 883 ‚
1708 835 1853 872 nunc
1872 836 1888 896 ρ1

227 899 418 957 addam
438 941 456 968 ‚
494 900 738 979 diligenti
756 897 1102 979 inquisitione
1121 899 1314 957 cuanca
1341 897 1570 955 edoctus
1589 940 1609 962 ,
1629 896 1851 975 quando
1875 897 1888 952 i

225 980 335 1061 ipse
358 1003 445 1039 eas
460 986 710 1062 regiones
727 984 1173 1060 peragravi.Saepe
1196 979 1405 1038 barbari
1424 980 1656 1037 ducente
1675 957 1888 1045 Chos-5132

225 1084 322 1121 roe
340 1068 548 1143 magnis
565 1063 873 1143 agminibus
890 1064 1170 1121 Romanas
1187 1065 1243 1119 in
1262 1082 1422 1119 terras
1436 1059 1595 1119 infufi
1615 1104 1631 1131 ,
1650 1060 1852 1141 gravvis-

228 1145 358 1208 fima
375 1145 621 1203 hostibus
640 1149 774 1203 mala
794 1148 1019 1202 intulere
1040 1186 1057 1213 ‚
1095 1166 1213 1225 quae
1233 1143 1360 1200 alibi
1379 1144 1407 1201 ἒι
1425 1143 1584 1201 nobis
1602 1164 1852 1202 comme·
1878 1145 1888 1186 >²-

225 1246 437 1285 morata
454 1226 590 1284 sunt.
637 1246 888 1285 caeterum
922 1225 1043 1306 ipfis
1058 1226 1182 1284 inde
1198 1224 1344 1284 nulla
1362 1229 1563 1283 utilitas
1581 1266 1598 1293 ,
1631 1230 1763 1305 quin
1790 1232 1852 1294 ><⁴36

223 1308 518 1367 hominum
554 1314 1009 1388 pecuniarumque
1057 1329 1260 1388 magno
1309 1308 1515 1366 damno
1552 1328 1633 1366 res
1682 1307 1848 1366 stetit.
1882 1311 1883 1314 ’

222 1393 464 1450 multum
483 1394 684 1472 quippe
704 1391 911 1469 semper
951 1393 1230 1448 imminuti
1260 1386 1539 1458 recessere,
1574 1411 1694 1469 quae
1715 1395 1860 1457 Per->

224 1472 290 1531 fis
310 1518 326 1540 ‚
357 1477 591 1533 domum
628 1492 688 1532 ut
716 1492 1043 1531 reverterant
1065 1514 1080 1534 ‚
1118 1476 1337 1529 materia
1367 1477 1566 1529 arcanis
1590 1470 1848 1530 sermoni-

224 1556 330 1613 bus
348 1557 688 1615 obtretstandi
712 1554 998 1615 Chosroen
1020 1597 1037 1623 ‚
1076 1571 1135 1612 ut
1152 1551 1366 1613 Perficae'
1381 1558 1533 1635 genti
1553 1557 1843 1613 exitialem.

221 1638 507 1697 Postremo
526 1661 589 1696 ex
608 1638 715 1716 ipsa
729 1641 918 1695 Lazica
949 1636 1236 1716 aliquando
1264 1658 1390 1699 cum
1414 1633 1661 1695 rediffent
1680 1679 1696 1704 ‚
1728 1639 1847 1695 irati

221 1741 356 1800 quas
374 1721 447 1778 ibi
466 1724 794 1799 pertulerant
830 1724 1113 1786 aerumni3‚
1143 1721 1579 1793 conjurationem
1599 1723 1738 1776 inter
1755 1717 1804 1776 se
1825 1758 1842 1784 ‚

224 1820 386 1882 atque
406 1802 500 1883 ipfi
521 1824 706 1860 necem
729 1800 984 1881 parabant
1006 1842 1022 1871 ‚
1043 1804 1098 1857 ni
1120 1803 1414 1880 praevidens
1431 1799 1526 1858 fibi
1545 1799 1844 1860 consuluis-
1873 1854 1886 1886 .‘

222 1884 298 1942 set
315 1927 331 1952 ,
374 1889 700 1964 praecipuum
735 1904 1007 1962 quemque
1043 1883 1426 1941 demulcendo.
1469 1884 1550 1941 Ex
1585 1905 1652 1941 eo
1668 1925 1686 1950 ,‚
1727 1906 1843 1964 quo

221 1971 393 2048 magis
423 1967 471 2023 se
504 1969 743 2024 criminis
763 1983 1048 2046 purgaret,
1086 1985 1289 2043 magno
1326 1967 1510 2045 aliquo
1544 1964 1840 2028 benefafflzo

219 2048 482 2112 demereri
497 2049 767 2106 Perficum
786 2050 1073 2126 imperium
1093 2047 1379 2106 nitebatur.
1424 2050 1556 2105 Hoc
1575 2048 1801 2108 consilio
1822 2091 1839 2119 ‚

220 2129 350 2198 curn
368 2134 536 2188 Daras
554 2132 820 2211 oppidum
840 2127 1107 2210 aggreffus
1125 2127 1249 2187 effet
1266 2169 1283 2195 ‚
1318 2128 1345 2187 ὲ
1362 2129 1736 2189 defensoribus
1754 2153 1841 2190 re·-

216 2215 393 2290 jeftus
415 2254 432 2280 ,
470 2213 616 2292 spem
654 2213 906 2292 potiundi
938 2211 1197 2269 amiserat.
1240 2213 1439 2292 Neque
1458 2216 1604 2271 enim
1626 2217 1839 2293 impetu
1872 2233 1874 2238 ’

218 2316 402 2374 capere
421 2294 468 2351 se
490 2293 636 2374 poffe
653 2295 919 2375 oppidum
941 2293 1318 2362 arbitrabatur,
1341 2313 1489 2354 tanta
1507 2296 1835 2355 custoditum

217 2378 495 2458 diligentia
515 2418 532 2445 ‚
562 2398 741 2456 neque
761 2375 1056 2435 obfidionis
1086 2376 1148 2434 ad
1183 2381 1356 2435 exitus
1394 2376 1839 2458 prosperosrper-
1884 2409 1886 2411 >

218 2459 474 2519 ducendae
495 2458 710 2518 videbat
725 2461 975 2517 rationes.
1018 2462 1273 2539 Namque
1293 2479 1411 2517 tum
1432 2463 1528 2518 alia
1557 2459 1836 2518 necessaria

213 2561 478 2621 perpetuo
499 2559 557 2598 ut
575 2542 649 2598 ibi
673 2563 866 2622 magna
881 2544 1033 2621 copia
1047 2539 1376 2600 servarentur
1408 2563 1532 2599 cura
1565 2544 1835 2600 Romanis

217 2621 393 2680 fuerat
408 2665 426 2692 ,
451 2641 509 2680 ut
529 2622 565 2680 fi
584 2646 691 2702 qua
710 2627 984 2702 ingrueret
1004 2623 1278 2682 neceffitas
1293 2623 1384 2699 diu
1405 2626 1622 2682 tolerari
1642 2623 1832 2705 postet,

215 2710 272 2762 &
291 2703 416 2762 fons
434 2704 623 2762 soloin
644 2703 963 2785 confragoso
1000 2727 1168 2785 prope
1204 2706 1469 2786 oppidum
1500 2725 1688 2765 enatus
1715 2729 1833 2764 ma-
1861 2762 1882 2777 κ

213 2809 386 2868 gnum
407 2787 471 2845 de
490 2787 538 2844 se
554 2787 762 2845 flumen
783 2785 962 2845 fundit
980 2831 994 2852 ,
1027 2788 1178 2867 quod
1197 2791 1344 2845 τεᾶο
1377 2793 1566 2846 itinere
1589 2790 1653 2846 ad
1672 2793 1831 2869 oppi-

213 2872 347 2928 dum
384 2867 587 2937 fertur,
615 2885 791 2949 neque
827 2868 1066 2927 hostium
1097 2874 1147 2927 vi
1183 2891 1273 2928 aut
1307 2874 1551 2950 intercipi
1589 2891 1679 2929 aut
1714 2873 1828 2929 ullo

215 2952 388 3019 modo
426 2954 609 3015 violari
645 2952 833 3032 potest*
855 2992 872 3020 ³
900 2950 1162 3016 inaccessa
1192 2954 1444 3014 locorum
1492 2951 1826 3013 difficultate.
1866 2972 1872 2976 ·

1719 3033 1832 3096 Vbi
