1888 3428
214 164 652 223 GOTTHICAE
693 166 1091 224 HISTORIAE
1131 170 1375 228 L113.II.
1483 172 1611 231 ‚281

5 237 218 325 posset.
277 246 609 325 Cyprianum
646 268 778 327 ergo
821 253 874 304 &
916 246 1180 306 Iustinum
1226 271 1350 308 cum
1393 259 1615 334 proprio

24 325 260 407 ipsorum
281 332 444 386 milite
459 368 478 395 ,
519 329 708 388 additis
735 336 790 386 &
815 326 998 386 Isauris
1016 330 1257 389 Fesulam
1276 334 1450 409 versus
1462 337 1618 410 jubet

22 412 132 479 ire,
174 407 432 489 simulque
469 412 674 489 pedites
708 415 1041 490 quingentos
1072 435 1309 492 quorum
1344 415 1621 494 praefeRus

22 492 358 549 Demetrius.
396 494 476 549 Hi
506 491 680 550 castris
713 494 778 550 ad
807 491 1046 551 Fesulam
1070 497 1255 574 positis
1276 497 1508 555 inclusos
1536 518 1622 557 tea

21 591 212 629 nerent
231 577 326 651 qui
355 577 457 632 illic
487 592 634 632 erant
665 575 939 633 barbaros.
981 577 1283 636 Martinum
1305 600 1434 636 vero
1454 587 1507 638 &
1528 586 1622 637 Io-
1654 637 1657 638 γ

21 650 254 711 hannem
275 655 365 714 sua
383 677 507 716 cum
538 678 700 715 manu
719 699 736 727 ‚
771 660 984 737 alioque
1014 664 1229 739 agmine
1251 702 1268 728 ,
1301 665 1386 718 cui
1404 661 1512 720 dux
1530 668 1623 721 Io-

21 734 258 803 hanneS,
292 737 469 818 Phaga
500 758 915 819 cognoment0‚
958 744 1086 799 Padi
1118 743 1180 800 ad
1215 746 1382 822 ripam
1418 747 1621 815 mittit,

21 837 312 899 curamque
334 820 550 878 mandat
565 862 583 888 ‚
615 840 674 878 ut
688 864 706 890 ,
724 820 761 878 fi
775 827 962 882 Vrai'as
980 824 1300 882 Mediolano
1321 828 1547 884 militem
1565 830 1624 885 in

19 898 194 979 ipsum
230 904 478 960 educeret
498 944 513 966 ‚
544 905 677 961 clam
708 902 945 962 hostium
979 909 1160 987 legens
1196 907 1452 988 vestigia,
1488 931 1621 967 mox

21 982 319 1041 eorundem
342 1002 489 1065 terga
515 987 831 1046 adoriretur.
873 990 953 1044 Hi
986 991 1293 1047 Dertonam
1313 993 1458 1047 amni
1487 990 1623 1049 adsi-

21 1082 139 1123 tum
173 1065 279 1123 fine
311 1072 664 1126 munimentis
687 1070 952 1149 oppidum
985 1072 1199 1152 ingressi
1218 1113 1237 1139 ‚
1269 1071 1445 1130 castris
1474 1076 1532 1130 in
1550 1095 1618 1130 eo

21 1146 208 1227 positis
235 1152 647 1229 interquievere.
689 1153 798 1232 Ipse
820 1174 944 1211 cum
978 1155 1209 1212 millibus
1227 1155 1478 1213 undecim
1498 1159 1624 1213 Au·-

22 1232 233 1286 ximum
270 1233 485 1290 accedit.
530 1237 797 1292 Prima‘ea
828 1235 901 1293 est
927 1239 1108 1293 Piceni
1129 1236 1345 1295 urbium
1365 1279 1382 1305 ,
1417 1236 1623 1316 gentis-

23 1332 130 1388 que
150 1352 167 1378 ‚
202 1332 264 1368 ut
283 1335 426 1370 nunc
443 1316 707 1393 Romanis
727 1317 880 1396 loqui
898 1339 1017 1374 mos
1037 1317 1111 1374 est
1130 1359 1146 1386 ,
1168 1323 1517 1398 metropoliS,
1552 1320 1620 1376 ab

14 1387 204 1451 'Adriae
222 1398 404 1452 littore
434 1399 719 1477 o&oginta
747 1417 980 1478 quatuor
997 1420 1208 1458 remota
1225 1400 1396 1459 stadiis
1413 1399 1492 1466 ,²22
1509 1403 1624 1460 Ra-

23 1496 198 1532 venna
212 1480 374 1534 trium
393 1477 600 1536 dierum
619 1482 808 1538 itinere
827 1522 844 1549 ,
864 1499 1113 1561 praeterea
1130 1482 1302 1541 stadiis
1318 1485 1623 1564 offitoginta.

21 1556 243 1615 Excelso
278 1563 333 1616 in
365 1561 499 1618 colle
533 1561 708 1630 sedet,
743 1565 894 1620 nullo
931 1586 1022 1642 per
1041 1566 1259 1644 planum
1280 1567 1407 1622 illuc
1432 1570 1622 1623 itinere

27 1660 204 1718 eoque
225 1639 468 1698 hostibus
487 1662 685 1724 negato
719 1645 879 1701 aditu.
922 1648 1048 1702 Flos
1080 1646 1427 1704 Gotthorum
1448 1647 1622 1726 praefi-

23 1721 115 1778 dio
132 1722 158 1777 a
173 1724 346 1802 Vitigi
364 1723 515 1781 datus
532 1767 548 1792 ,
582 1728 919 1800 conje&ante
941 1768 956 1794 ‚
999 1727 1093 1785 nifi
1113 1729 1215 1786 hoc
1234 1749 1391 1809 capto
1413 1729 1621 1809 oppido

23 1823 139 1859 non
169 1803 387 1862 ausuros
422 1805 488 1863 ad
519 1808 835 1867 Ravennam
866 1810 1153 1869 admovere
1184 1812 1492 1869 Romanos.
1546 1816 1624 1871 Vt

22 1887 264 1943 Auximo
285 1891 711 1966 propinquatum
743 1889 816 1947 est
835 1936 849 1957 ‚
886 1892 1046 1967 jubet
1063 1893 1335 1951 Belisarius
1364 1895 1428 1952 ad
1447 1897 1623 1952 imum

24 1969 217 2024 collem
240 1972 296 2025 in
317 1970 521 2033 ambitu
542 1976 675 2051 poni
694 1973 871 2031 castra.
887 1978 1079 2033 milites
1097 1980 1466 2055 manipulatim
1485 1974 1623 2055 spar-

23 2048 198 2107 fialibi
215 2053 296 2108 alii
319 2053 555 2110 tendere.
600 2055 802 2112 Gotthi
821 2056 973 2114 fimul
992 2058 1169 2115 videre
1192 2060 1515 2135 majoribus,
1557 2078 1620 2117 ut

22 2135 77 2187 in
99 2153 298 2211 magno
317 2154 508 2213 campo
528 2178 546 2204 ,
589 2136 765 2215 spatiis
783 2136 1069 2206 discretos,
1102 2162 1265 2219 quam
1286 2159 1346 2198 ut
1372 2159 1620 2199 mutuam

22 2213 86 2273 ad
105 2235 268 2294 opem
289 2213 438 2273 facile
463 2220 849 2298 jungerentur,
885 2239 1102 2300 repente
1125 2266 1138 2287 ‚
1169 2221 1312 2280 flexo
1341 2224 1406 2281 ad
1436 2221 1624 2302 vespe-

23 2316 133 2354 ram
169 2297 287 2364 die,
334 2298 596 2357 invadunt
625 2306 680 2358 in
713 2302 989 2360 obversam
1025 2308 1243 2363 Orienti
1277 2324 1480 2384 partem
1503 2347 1521 2375 ,
1562 2309 1620 2364 in

22 2399 128 2456 qua
162 2379 266 2458 ipse
304 2379 580 2439 Belisarius
625 2405 747 2440 cum
778 2382 1088 2443 satellitibus
1132 2409 1190 2443 ac
1220 2387 1620 2465 prote&0ribus

23 2459 182 2517 castra
215 2462 385 2520 adhuc
419 2465 728 2522 muniendis
756 2468 1092 2527 illaborabat-
1134 2471 1409 2539 Romani,
1457 2473 1622 2548 raptis

23 2562 138 2619 quae
173 2545 388 2604 aderant
413 2551 598 2611 armis,
635 2548 835 2606 adortis
866 2550 1130 2609 obsistunt
1157 2555 1390 2630 primum
1420 2575 1435 2609 t
1495 2553 1621 2612 inde

23 2645 217 2704 magna
251 2631 445 2686 virtute
469 2630 746 2688 trudentes
785 2635 841 2689 in
870 2631 1055 2711 fugam
1083 2654 1269 2712 agunt.
1314 2633 1492 2715 pulsos
1526 2657 1621 2693 ex-

21 2702 182 2764 secuti
216 2711 456 2768 medium
496 2708 665 2769 ferme
711 2717 766 2770 in
801 2717 951 2772 collis
989 2715 1207 2774 dorsum
1256 2716 1621 2786 devenerant,

24 2808 149 2844 cum
198 2789 248 2847 se
284 2811 670 2853 converterunt
715 2795 920 2854 barbari
960 2838 978 2865 ,
1029 2799 1264 2878 locoque
1298 2796 1376 2856 fifi
1427 2820 1620 2857 manus

23 2869 259 2929 adversas
290 2877 587 2933 intulerunt
624 2919 640 2944 ‚
685 2879 990 2958 multosque
1022 2882 1139 2937 telis
1168 2922 1185 2947 ,
1234 2884 1435 2960 quippe
1468 2879 1620 2958 supra

22 2954 194 3035 rapita
219 2954 374 3035 politi
404 2998 424 3029 ‚
466 2957 805 3032 interfecere,
844 2961 1019 3021 donec
1053 2962 1283 3023 caedibus
1315 2961 1482 3024 finem
1506 2982 1619 3019 nox

664 3056 666 3058 ’
839 3046 870 3102 8
919 3063 945 3121 5
1472 3057 1621 3101 attu-
