1888 3428
260 180 374 231 166
600 176 990 230 Pnocopu
1034 168 1568 230 CAESAREENs'ts
1649 222 1653 226 .

252 254 477 313 evadere
507 274 698 311 manus
731 253 936 312 nostras
964 271 1213 333 nequeat.
1272 253 1396 332 Ego
1428 274 1561 311 vero
1582 250 1860 332 oppidum

254 340 542 415 antiquum
560 378 575 403 ,
611 336 929 394 Christianis
961 342 1016 393 &
1051 338 1319 394 Romanis
1338 339 1635 414 antiquitus
1652 333 1864 393 habita-

256 435 374 476 tum
393 461 410 486 ‚
445 441 512 476 eo
535 420 899 477 calamitatum
918 418 1160 476 decidere
1180 459 1195 484 ‚
1240 439 1328 474 me
1347 417 1631 497 praesertim
1651 417 1866 474 Roma-

256 522 391 558 num
423 502 677 559 <inflante
712 505 1002 574 exercitum
1024 541 1040 561 ,
1075 503 1263 560 nolim.
1308 500 1533 557 Accedit
1549 499 1614 558 ad
1644 511 1866 566 caet‘era,

258 583 410 662 quod
427 588 483 640 in
505 584 609 641 hoc
627 585 867 640 exercitu
885 581 1175 641 multisunt
1194 581 1435 649 barbari,
1465 584 1558 661 qui
1573 580 1761 639 fratres
1774 598 1869 639 aut

257 668 601 745 propinquos
621 667 686 723 ad
714 665 823 723 haec
854 667 1063 730 moenia
1083 663 1354 723 admisere.
1398 663 1597 721 horum
1618 685 1725 745 ego
1743 661 1866 722 frae-

258 769 384 804 nare
414 753 546 806 iram
569 794 583 812 ,
629 747 667 805 fi
701 751 753 804 vi
785 752 1109 825 irrumpatur
1137 748 1402 827 oppidum
1421 788 1437 809 2
1471 767 1564 825 par
1594 768 1711 803 non
1731 746 1868 803 sum.

257 832 425 887 Nunc
447 870 461 891 ,
479 832 610 888 dum
629 829 788 889 vobis
805 853 924 909 quae
944 832 1090 887 saluti
1105 828 1224 887 sunt
1247 837 1302 887 δε
1321 833 1516 910 eligere
1539 835 1593 885 δε
1611 827 1784 886 facere
1800 829 1868 886 li·-

257 930 377 979 cet,
407 911 599 969 sumite
631 914 853 970 meliora
872 955 888 981 ,
919 910 1091 993 fugite
1119 931 1398 970 tantorum
1432 913 1704 969 malorum
1730 931 1870 967 con-

257 1000 460 1074 geriem
481 1037 498 1063 ,
526 1017 645 1072 quae
677 994 714 1051 fi
737 1016 836 1052 vos
866 995 1061 1052 obruat
1083 1035 1100 1058 ‚
1134 995 1409 1075 quodjam
1445 997 1730 1058 imminet,
1766 994 1870 1049 erit

257 1097 352 1133 cur
385 1099 500 1134 non
531 1076 806 1133 fortunam
831 1118 846 1142 ‚
889 1076 976 1134 sed
1010 1075 1243 1143 vestrum
1273 1076 1557 1134 consilium
1595 1072 1886 1133 accusetis.'

254 1159 413 1215 'Cum
447 1158 528 1216 his
560 1160 736 1216 verbis
770 1158 1100 1236 Stephanum
1140 1158 1338 1216 dimisit
1369 1157 1667 1216 BelisariuS.
1721 1163 1771 1213 Is
1800 1156 1871 1214 ad

257 1242 682 1319 Neapolitanum
703 1243 971 1319 populum
1003 1244 1098 1296 ivit
1117 1282 1132 1306 ‚
1175 1244 1300 1297 cum
1322 1243 1567 1318 lacrymis
1595 1258 1755 1318 atque
1788 1239 1872 1295 la-

257 1326 806 1380 mentis'nuntiatum
829 1344 947 1401 quae
979 1343 1041 1378 ex
1076 1321 1324 1379 Belisario
1359 1324 1647 1380 audiverat.
1692 1325 1772 1377 At
1790 1321 1868 1378 illi

261 1409 483 1483 (neque
513 1407 657 1462 enim
694 1402 863 1461 visum
891 1407 1018 1461 Deo
1042 1423 1102 1461 ut
1135 1404 1245 1462 fine
1275 1426 1418 1463 noxa
1435 1403 1782 1483 Neapolitani
1800 1401 1869 1460 ad

254 1491 602 1564 Imperatoris
637 1486 961 1565 obsequium
998 1489 1270 1560 redirent)
1315 1486 1464 1567 quasi
1508 1485 1870 1551 metuendum

260 1566 387 1625 effet
405 1568 533 1625 nihil
551 1610 566 1635 ‚
601 1591 726 1626 cum
759 1567 1012 1626 Belisario
1034 1573 1327 1627 convenire
1345 1572 1654 1627 noluerunt.
1700 1571 1883 1625 Tunc‘

257 1650 480 1707 demum
500 1649 776 1707 Belisarius
811 1673 930 1729 quae
965 1651 1028 1706 ad
1065 1652 1373 1708 intrandum
1395 1644 1662 1729 oppidum
1693 1667 1869 1717 erant,

257 1732 403 1790 hunc
421 1736 476 1788 in
496 1731 725 1789 modum
744 1730 1019 1811 disposuit.
1047 1735 1216 1789 lectos
1235 1734 1661 1812 quadringentos
1678 1733 1866 1811 primis

258 1814 518 1882 tenebri3‚
539 1813 858 1872 ductoribus
882 1814 1096 1893 Magno
1128 1819 1378 1894 equitum
1400 1814 1653 1896 magistro
1670 1821 1726 1872 &
1753 1817 1870 1871 En..

258 1918 328 1955 na
344 1895 645 1954 Isaurorum
668 1894 919 1975 praefeem
937 1897 1124 1953 loricas
1144 1897 1294 1955 indui
1315 1939 1332 1965 ‚
1366 1895 1659 1978 gladiisque
1679 1904 1732 1956 &
1747 1898 1867 1954 scua-

259 1982 330 2035 tis
347 1996 581 2035 armatos
598 1976 860 2056 quiescere
878 1979 1062 2054 jubet,
1087 1977 1251 2058 usque
1271 1979 1403 2037 dum
1421 1978 1527 2059 ipse
1545 1979 1757 2060 fignum
1775 1979 1868 2037 daz-

256 2077 350 2117 ret.
393 2059 576 2117 Besam
598 2059 863 2117 advocans
881 2060 1057 2117 secum
1091 2061 1486 2137 manerejuffit.
1515 2064 1645 2120 velle
1663 2061 1713 2119 se
1736 2083 1863 2119 cum

258 2163 328 2199 eo
362 2140 644 2199 consilium
681 2164 862 2221 capere
897 2143 962 2200 de
994 2147 1250 2201 exercitu.
1300 2144 1592 2224 Postquam
1627 2147 1864 2202 multum

256 2245 370 2284 nox
392 2221 702 2302 processerat
724 2266 740 2291 ,
775 2225 988 2304 Magno
1022 2232 1076 2282 &
1097 2227 1263 2283 Ennae
1296 2231 1532 2304 primum
1562 2227 1724 2283 edicit
1745 2245 1864 2305 quae

258 2307 326 2363 ad
345 2304 484 2385 ipsos
505 2306 845 2385 pertinebant
861 2311 1076 2375 ‚locum
1098 2310 1529 2366 commonstrans
1545 2308 1638 2366 ubi
1655 2306 1760 2388 ipse
1781 2330 1866 2366 ca-

260 2390 561 2466 nalemjam
593 2409 712 2448 ante
742 2407 973 2468 ruperat.
1011 2392 1418 2472 quadringentis
1451 2395 1729 2471 praecepit,
1768 2412 1865 2449 eos

255 2475 440 2549 praeire
459 2475 514 2527 in
533 2471 799 2550 oppidum
821 2493 943 2529 cum
967 2471 1201 2531 facibus:
1237 2474 1547 2552 addiditque
1565 2473 1704 2530 duos
1723 2478 1865 2551 peri-

262 2573 352 2610 tos
370 2550 500 2610 tuba
519 2574 703 2610 canere
720 2594 736 2619 ‚
780 2557 871 2632 qui
895 2555 1011 2631 post
1032 2558 1288 2612 intratum
1307 2557 1571 2634 oppidum
1589 2599 1604 2619 ,
1626 2562 1679 2612 &
1694 2555 1866 2614 hosti-.-

261 2635 363 2692 bus
380 2636 796 2713 trepidationem
831 2639 1108 2712 injicerent
1123 2678 1140 2704 ‚
1179 2644 1232 2695 &
1252 2637 1346 2694 fibi
1370 2638 1503 2694 boni
1523 2634 1776 2695 succeffus
1797 2637 1866 2695 fl*-

259 2739 433 2797 gnum
452 2735 612 2774 cantu
633 2718 839 2774 darent.
884 2716 993 2795 Ipse
1023 2718 1173 2777 scalas
1182 2725 1292 2794 jam
1315 2738 1435 2777 ante
1455 2718 1620 2776 faCtas
1637 2721 1880 2798 in‘para-.

259 2820 321 2864 to
342 2798 593 2857 habebat.
621 2800 695 2856 illi
714 2802 876 2878 igitur
898 2821 987 2877 per
1016 2804 1251 2859 canalem
1270 2807 1326 2859 in
1356 2803 1622 2881 oppidum
1651 2802 1865 2882 gradie-¹

253 2882 477 2944 bantur.
517 2880 627 2961 Ipse
650 2903 773 2937 cum
792 2880 919 2937 Besa
949 2890 1002 2939 &
1038 2882 1236 2941 Photio
1257 2886 1381 2941 loco
1401 2883 1450 2942 se
1469 2884 1687 2943 tenebat
1709 2925 1724 2946 ,
1758 2883 1861 2941 iuss

261 2963 601 3048 adjutoribus
637 2984 718 3022 res
751 2964 1169 3048 gubernatum&
1221 2966 1384 3027 miffis
1416 2967 1480 3026 ad
1516 2965 1677 3027 castra
1717 2967 1861 3031 aliis,

1743 3066 1888 3136 PCK:¹

1887 3150 1888 3184 l
