1888 3428
175 138 580 196 H1s-roR1AE
623 139 1092 196 VANDALICAE
1132 135 1268 191 LIB.
1291 138 1374 190 II.
1503 154 1608 212 133

23 236 270 299 praeterea
285 235 549 297 quantum
581 221 667 279 vix
701 219 856 274 aliam
889 215 1036 272 aditu
1058 218 1393 293 percepimus
1410 255 1428 282 ,
1465 220 1620 294 equi-

21 320 195 359 tatum
213 296 470 381 infignem
489 340 507 367 ,
544 322 686 358 arma
705 317 997 375 caeteraque
1019 298 1205 352 omnia
1223 336 1239 360 ‚
1281 314 1340 352 ut
1358 316 1625 375 compen-

21 383 115 441 dio
135 383 326 450 dicam,
348 402 446 461 pro
465 382 932 462 ImperiiRomani
952 377 1238 453 majestate.
1255 379 1345 434 tali
1368 397 1621 456 apparatu

19 466 204 524 multis
221 484 344 521 cum
367 467 612 543 periculis
648 460 889 520 Africam
910 463 1178 518 Romanis
1210 459 1473 517 reddidit:
1517 463 1625 516 ite-

20 566 248 624 rumque
267 545 335 602 s1c
358 544 530 603 amisit
549 565 607 603 ut
638 566 702 602 ex
722 551 879 622 aequo
898 545 1165 600 Romanis
1185 538 1310 599 esset
1329 562 1444 597 non
1475 562 1626 620 quae-

17 625 183 688 fiviffe
204 649 218 683 z
262 627 356 684 nifi
374 629 524 707 quod
542 628 606 684 de
629 628 852 684 vietoria
865 626 1093 683 Belisarii
1112 622 1309 681 restant
1327 625 1426 680 illis
1441 622 1628 680 homi-

19 730 151 767 num
182 730 470 788 rerumque
502 710 693 767 damna
712 748 729 774 ,
766 715 821 765 δε
843 707 1239 764 documentum
1263 747 1281 774 ,
1320 724 1467 784 parta
1487 707 1627 763 tueri

19 811 114 848 eos
145 789 294 848 fuisse
325 795 575 872 impares.
617 793 750 850 Haec
769 793 955 847 omnia
975 810 1118 847 nunc
1146 788 1421 846 restituere
1444 794 1627 867 Impe-

18 877 176 938 ratori
196 913 211 935 ,
230 876 285 930 in
305 891 404 931 tuo
424 874 498 931 est
517 875 701 931 animo
725 873 941 929 arbitrio
964 893 1021 928 ac
1042 892 1226 929 manu·
1258 874 1441 951 cogita
1459 888 1512 928 te
1531 892 1625 929 ve—
1707 869 1713 874 ’

18 958 117 1012 teri
135 954 291 1034 stirpe
318 952 609 1015 Arsaciden
629 978 644 1012 ε
685 954 714 1012 a
732 973 880 1012 tanta
897 954 1181 1012 nobilitate
1199 953 1362 1012 fortia
1382 950 1624 1011 facinora

18 1036 221 1116 semper
254 1044 306 1094 &
327 1037 532 1119 ubique
551 1036 858 1117 exspe&ari.
894 1038 1082 1094 Multa?
1103 1034 1324 1093 antehac
1342 1057 1440 1114 pro
1459 1035 1625 1092 liber-

14 1136 119 1177 tate
138 1117 396 1199 stupenda
414 1120 584 1201 egisti.
602 1118 933 1179 Adolescens
949 1122 1211 1177 Acacium
1227 1123 1625 1177 Armeniorum

16 1204 310 1281 principem
331 1208 385 1259 ὃς
406 1206 791 1262 Romanorum
810 1202 1003 1260 ducem
1023 1205 1215 1260 Sittam
1238 1199 1509 1259 occidisti:
1540 1201 1630 1256 in-

17 1282 84 1340 de
130 1281 365 1341 Chosroi
411 1289 523 1364 regi
579 1288 834 1365 cognitus
867 1324 886 1351 ,
928 1282 1173 1361 adjuvisti
1206 1282 1367 1362 ipfius
1413 1288 1468 1339 in
1503 1283 1626 1339 Ro-

17 1386 217 1422 manos.
248 1386 411 1423 arma.
452 1369 616 1424 Nunc
645 1383 827 1424 tantus
860 1388 985 1424 cum
1014 1364 1078 1423 fis
1100 1406 1115 1427 ‚
1149 1382 1210 1422 ut
1244 1385 1401 1421 tuum
1425 1364 1484 1421 sit
1504 1385 1622 1421 non

14 1451 223 1528 perpeti
238 1448 558 1505 Romanum
578 1452 863 1528 imperium
900 1451 1069 1528 premi
1089 1446 1117 1504 εὶ
1145 1448 1451 1504 temulento
1474 1468 1624 1513 cane,

16 1551 116 1609 age
150 1528 370 1587 ostende
403 1553 522 1610 quae
557 1531 774 1588 antehac
807 1530 1012 1588 edidisti
1047 1527 1185 1586 facta
1209 1529 1273 1585 ab
1295 1548 1421 1586 ortu
1442 1531 1622 1610 regali,

15 1614 240 1691 parique
254 1616 436 1669 animo
455 1611 716 1691 profeEssa.
758 1614 881 1691 Ego
903 1618 953 1668 &
974 1611 1060 1667 hic
1084 1609 1348 1677 ArtafiriS,
1368 1615 1624 1667 omnium

15 1713 136 1772 quae
154 1692 357 1769 jufferis
375 1715 472 1773 pro
493 1693 693 1750 viribus
713 1693 934 1749 ministri
960 1696 1182 1748 erimus.
1216 1694 1349 1749 Haec
1364 1693 1627 1771 Gregorii

17 1776 159 1833 diota
187 1774 498 1856 flagrantem
526 1782 638 1853 jam
672 1794 796 1832 ante
828 1779 1069 1832 animum
1091 1816 1108 1842 ‚
1147 1775 1327 1831 multo
1363 1778 1535 1831 acrius
1566 1776 1625 1830 in

19 1857 348 1915 Gontharim
368 1859 742 1915 accenderunt.
764 1856 1070 1915 Areobindi
1089 1860 1308 1914 interim
1326 1858 1626 1936 conjugem

20 1938 330 1998 &sororem
361 1939 662 1997 Gontharis
680 1940 893 1997 castello
925 1938 1142 2009 eductas
1161 1942 1217 2012 in
1249 1939 1489 1996 conclavi
1509 1959 1626 1995 ma-

18 2042 143 2080 nere
163 2023 426 2100 compulit
448 2064 465 2090 ‚
505 2043 620 2079 non
642 2023 811 2080 verbo
833 2063 848 2084 ‚
878 2042 991 2079 non
1011 2043 1064 2079 re
1082 2023 1257 2101 gravis
1279 2062 1295 2083 ‚
1331 2022 1528 2078 nullius
1557 2020 1623 2078 ad

19 2102 140 2162 usus
158 2102 440 2163 neceffariae
461 2108 535 2161 rei
552 2103 759 2185 indigas
778 2146 794 2172 ,
818 2126 915 2161 nec
937 2107 1227 2183 quicquam
1248 2122 1437 2161 contra
1453 2105 1623 2161 animi

17 2182 330 2246 sententiam
349 2188 558 2244 coactas
580 2206 670 2243 aut
690 2187 863 2244 dicere
883 2204 974 2242 aut
989 2182 1182 2254 facere,
1200 2185 1293 2243 nisi
1317 2186 1467 2265 quod
1484 2191 1624 2245 Prae-

14 2269 162 2344 jectar
180 2272 500 2349 imperatum
521 2269 584 2326 ad
601 2269 928 2327 avunculum
951 2287 1009 2324 ut
1029 2266 1276 2326 scriberet
1294 2309 1311 2337 ,
1354 2268 1622 2326 honorate

18 2347 69 2406 se
86 2349 113 2408 ὲ
132 2350 471 2409 Gontharide
500 2350 711 2409 haberi:
746 2372 940 2430 purum
960 2372 1087 2408 eum
1108 2349 1136 2406 a
1157 2351 1295 2410 caede
1329 2354 1504 2409 mariti
1522 2349 1625 2408 sui.⁴

17 2431 221 2493 Vlithei
237 2434 292 2492 id
309 2431 407 2491 effe
425 2430 653 2501 facinuS,
674 2453 787 2489 non
811 2432 1073 2512 probante
1097 2432 1463 2491 Gontharide.
1483 2434 1622 2489 Haec

21 2533 147 2576 eum
166 2520 223 2575 in
240 2516 470 2574 modurn
489 2515 682 2596 agebat
710 2513 1012 2572 Gontharis
1040 2514 1282 2594 Pafiphili
1302 2514 1448 2572 suasu
1466 2558 1483 2581 ,
1520 2517 1624 2574 viri

19 2595 78 2652 in
111 2593 364 2659 seditione
380 2596 656 2677 Byzacena
672 2599 884 2662 eximii,
914 2603 968 2655 &
1004 2619 1118 2677 quo
1153 2599 1238 2655 ille
1258 2600 1494 2654 maxime
1524 2619 1626 2656 au·-

20 2678 174 2734 &ore
204 2679 567 2756 invadendum
586 2680 650 2737 ad
677 2679 1019 2737 dominatum
1052 2676 1312 2759 impulsus
1337 2678 1529 2739 fuerat.
1574 2685 1626 2736 Is

22 2780 255 2839 namque
273 2760 564 2840 Pafiphilus
582 2759 747 2819 affirm
756 2773 864 2818 arat
878 2760 1210 2822 Gontharidi
1227 2805 1243 2830 ,
1262 2762 1299 2819 si
1317 2766 1389 2819 ita
1407 2783 1519 2819 rem
1536 2766 1626 2822 in·-

21 2836 259 2918 stitueret
291 2885 307 2911 ‚
340 2844 567 2902 libenter
606 2850 997 2922 Imperatoremv
1024 2846 1094 2902 illi
1122 2846 1353 2923 puellam
1387 2864 1625 2924 nuptum

20 2921 271 3008 daturum
291 2946 412 2987 cum
434 2947 625 3008 magna
640 2925 770 2985 dote
790 2966 807 2994 ‚
850 2926 925 2986 ob
956 2923 1224 3007 sanguinis
1247 2929 1627 3007 propinquita—

881 3012 904 3064 Ι
953 3028 977 3083 3
1494 3024 1631 3064 tem.
