1888 3428
1872 0 1888 53 ἦ,

251 153 376 235 5494
578 154 980 214 Pnocopn
1040 152 1589 223 CAEsAREENSIS
1662 187 1711 192 >ff
1883 171 1888 247 ᾗ

246 243 303 297 in
319 229 476 296 saltus
493 235 693 317 quibus
708 240 1051 315 Imperatoris
1069 257 1312 297 armenta
1332 240 1714 321 pascebantur,
1761 246 1888 327 magi

247 334 417 401 gnam
437 322 561 379 inde
578 323 687 377 Vim
708 322 849 377 naffi
864 341 1172 399 equorum,
1205 324 1509 401 procedunt
1526 331 1681 386 ultra.
1716 329 1888 401 dehis}

248 409 548 484 Imperator
567 403 879 460 admonitus
899 422 994 481 per
1009 401 1301 462 Thraciam
1335 407 1716 491 Illyricumque
1751 419 1888 472 mit-3

249 489 318 544 tit
351 488 698 543 nuntiaturos
719 483 946 542 ducibus
981 506 1039 542 ac
1073 487 1374 558 militibuS,
1419 510 1481 549 ut
1512 490 1888 574 fugitivorum}

246 560 496 636 manum,
517 571 569 626 vi
589 585 788 648 quanta
807 564 1019 646 possent
1039 573 1273 640 maxima
1290 612 1306 637 ,
1328 577 1720 652 opprimerent.
1766 583 1888 651 Pri<

244 655 325 710 mi
355 654 607 708 omnium
634 691 651 717 ,
687 649 1030 708 Hunnorum
1068 651 1498 734 Cutrigurorum
1532 680 1648 716 non
1682 663 1877 730 multi,

248 738 345 815 qui
371 737 551 813 patriis
583 730 771 810 egressi
786 732 999 791 sedibus
1018 756 1216 814 agros,
1256 756 1316 793 ut
1335 755 1458 796 ante
1476 739 1587 798 dixi
1610 783 1629 810 ,
1664 742 1730 800 ab
1761 737 1888 806 Im-ss

244 836 494 896 peratore
515 821 570 873 in
589 813 821 872 Thracia
839 836 1182 896 acceperant,
1223 841 1349 876 cum
1383 820 1747 883 desertoribus
1767 841 1888 885 ma-'

245 922 351 959 nus
370 897 715 965 conseruere,
750 901 1041 979 praelioque
1073 901 1359 973 inferiores
1395 908 1589 982 partim
1609 910 1876 980 cecidere,

241 988 441 1061 partim
460 980 560 1037 fusi
580 983 898 1039 continuere
917 981 965 1039 se
986 1025 1002 1051 ,
1034 1003 1316 1064 nunquam
1350 987 1534 1065 postea
1567 990 1673 1048 anfi
1695 994 1874 1050 νὶἂο-

243 1065 394 1122 ribus
414 1061 660 1120 insistere.
710 1064 797 1119 Sic
830 1067 1054 1144 impune
1083 1066 1332 1148 Indigisal
1360 1076 1414 1127 &
1449 1072 1605 1149 Goar
1624 1094 1749 1143 cum
1769 1074 1876 1134 suis

242 1146 601 1204 1”e<[³catoribus
637 1145 938 1203 Thraciam
979 1170 1205 1206 omnem
1244 1152 1657 1229 percurrebant,
1700 1156 1869 1217 obvio

241 1231 482 1299 nemine.
526 1228 629 1285 Sed
646 1228 822 1285 eidem
842 1231 895 1284 in
914 1231 1147 1308 Illyri-um
1173 1248 1231 1287 ut
1250 1253 1541 1304 venerunt,
1573 1242 1884 1307 exercitum

238 1311 317 1368 ibi
337 1312 612 1390 reperiunt
628 1312 949 1369 Romanum
965 1333 1160 1392 magn-a
1172 1313 1450 1394 diligentia
1467 1319 1714 1379 adversus
1729 1319 1872 1400 ipsos

238 1395 554 1451 collectum.
598 1394 785 1450 Duces
801 1398 916 1469 ejus
934 1400 1197 1467 exercitus
1227 1403 1667 1472 erant‚Aratiusss,
1703 1406 1880 1465 Κεκί-Δ

238 1476 476 1557 thangus
497 1517 514 1544 ,
532 1478 848 1536 Leonianus
866 1518 882 1539 ‚
901 1478 1159 1536 Arimuth
1177 1521 1194 1548 ,
1228 1482 1350 1554 alii,
1382 1483 1477 1563 qui
1505 1503 1690 1544 totum
1722 1487 1888 1548 diem:

237 1563 395 1639 equis
415 1561 589 1630 vecti„
609 1561 673 1615 in
704 1560 888 1626 locum
910 1560 1263 1620 nemorosum
1282 1566 1535 1625 tenebris»
1551 1575 1883 1650 appetenti-s

239 1641 344 1699 bus
377 1640 502 1699 cum
537 1637 827 1710 venissent,
876 1643 953 1700 ibi
986 1644 1082 1702 sub
1118 1645 1210 1703 dio
1246 1650 1598 1726 pernoctandi
1639 1652 1888 1712 confilio-

240 1723 542 1781 confistunt
562 1745 575 1779 ε
603 1724 867 1781 militibus
885 1728 1024 1783 inter
1041 1730 1136 1785 alia
1152 1734 1467 1809 praecipiunt
1483 1734 1666 1803 duceS,
1679 1731 1878 1817 equos!

240 1825 300 1865 ut
318 1827 540 1870 curent,
576 1803 758 1885 ,eisque
787 1812 959 1863 amnis
996 1813 1414 1889 praeterlabentis
1450 1833 1665 1894 captato
1684 1816 1865 1900 frigo-

235 1911 294 1947 re
318 1931 334 1957 ,
380 1887 759 1969 fatigationem
789 1892 966 1947 itineri
1007 1890 1309 1952 sublevent.
1349 1895 1448 1976 Ipsi
1483 1901 1863 1961 interimxcum

237 1971 414 2043 tribus
449 1991 540 2028 aut
577 1989 816 2049 quatuor
845 1970 1155 2041 satellitibus
1192 1975 1383 2058 singuli
1408 1981 1633 2040 latentes
1659 2006 1861 2065 aquam

236 2052 482 2112 fluminis
516 2050 814 2122 bibebant,
849 2053 929 2112 fici
961 2078 1075 2114 non
1109 2059 1322 2118 modica
1343 2104 1356 2125 ,
1396 2081 1457 2119 ut
1491 2064 1607 2141 post
1641 2084 1859 2133 tantum

235 2137 718 2216 laboriS,urgente.
761 2138 895 2194 Non
918 2139 1082 2219 longe
1101 2139 1321 2200 aberant
1351 2143 1507 2203 Goar
1523 2153 1576 2205 δε
1594 2148 1860 2230 Indigisab

233 2240 440 2300 perque
462 2215 678 2276 emiffos
708 2217 1061 2296 speculatores
1085 2223 1277 2281 edocti
1309 2229 1441 2306 quid
1466 2226 1648 2297 fieret,
1676 2235 1860 2313 inopi÷

233 2307 344 2365 nati
362 2306 415 2359 in
436 2299 686 2367 bibentes
704 2301 877 2360 adhuc
902 2300 1113 2362 irruunt
1133 2346 1151 2373 ,
1182 2307 1477 2389 omnesque
1510 2312 1858 2380 obtruncant,

235 2386 320 2443 Ex
342 2407 410 2441 eo
444 2403 628 2442 caetera
662 2381 782 2461 ipsis
818 2386 1022 2443 itineris
1060 2385 1166 2445 fine
1203 2411 1350 2448 metu
1380 2411 1543 2473 atque¹
1580 2417 1680 2474 pro
1720 2417 1854 2456 voto

235 2464 617 2548 processerunt,
661 2469 806 2524 Nam
828 2468 1069 2527 Romani
1107 2475 1339 2542 milites,
1377 2475 1605 2534 ducibus
1642 2479 1855 2546 orbati,
1887 2491 1888 2494 ’

238 2549 443 2608 confilii
465 2554 658 2627 inopes
685 2548 924 2630 nihilque
954 2554 1298 2632 expedientes
1319 2596 1334 2622 ‚
1371 2559 1855 2624 tandemvretroiffi
1886 2542 1888 2599 l

238 2654 313 2691 re.
357 2638 429 2689 ita
448 2631 634 2689 servati
669 2633 825 2690 Goar
855 2639 909 2689 &
940 2635 1184 2715 Indigisal
1219 2638 1284 2696 ad.
1317 2636 1559 2720 Gepidas
1593 2664 1856 2722 pervener-

232 2731 385 2772 runt.
427 2719 506 2771 At
525 2714 742 2793 Gepida
760 2756 776 2781 ,
797 2714 1174 2797 Ostrigotthus
1194 2726 1438 2791 nomine,
1457 2728 1520 2784 ad
1536 2726 1855 2808 Langobar-

235 2797 338 2856 dos
356 2794 701 2878 profugerat,
737 2818 842 2875 qua
874 2798 938 2855 de
968 2799 1119 2858 causa
1156 2804 1345 2861 dicam.
1386 2806 1598 2865 Morbo
1633 2814 1855 2871 nonita

238 2879 448 2939 dudum
485 2877 696 2937 finierat
730 2883 894 2938 vitam
924 2883 1256 2946 Elemundus
1290 2890 1631 2968 Gepidarum
1665 2914 1852 2971 quon-

238 2963 365 3026 dam
414 2983 540 3034 rex,
573 2980 687 3025 uno
737 2963 930 3023 relicto
970 2963 1086 3027 filio
1123 2990 1191 3027 eo
1224 2992 1388 3052 quern
1417 2977 1531 3051 jam
1567 2978 1867 3035 nominavi

1668 3056 1854 3144 Qstfifi
