1888 3428
225 134 673 192 GoTTHmAE
715 131 1021 189 Hrs‘ron
1042 146 1065 184 1
1088 148 1139 186 ιε
1179 131 1316 188 LIB.
1339 133 1452 189 IV.
1534 140 1651 204 417

23 212 536 297 tiososgenuiffent.
576 216 706 273 Inde
726 232 819 294 per
851 210 1046 269 orbem
1077 212 1398 270 Romanum
1420 252 1437 279 ,
1473 212 1650 266 maxi-

23 314 225 377 meque
260 301 317 355 in
350 303 749 376 Imperatorum
785 295 901 351 aula
935 313 1050 371 pars
1080 293 1397 372 Spadontiin
1415 294 1648 349 maxima

23 376 279 459 Abasgi.·⁴
303 379 391 437 sed
440 378 748 436 Iustiniano
772 377 1011 455 principe
1050 378 1236 432 mitior
1270 372 1498 453 Abasgis
1533 376 1642 430 vita

23 463 258 541 contigit
277 501 294 527 ,
326 461 583 520 traduffis
602 456 903 518 Christiana
922 458 987 514 ad
1007 458 1207 536 placita.
1238 458 1374 535 quin
1393 462 1444 512 δε
1462 456 1526 511 de
1542 452 1637 511 suo

0 617 1 620 Ἴ
19 542 223 622 palatio
243 541 552 621 Spadonem
570 582 585 605 ‚
621 545 707 599 cui
728 560 933 597 nomen
951 538 1293 619 Euphrantes
1313 578 1330 605 ,
1353 535 1637 615 Abasgum

0 623 80 682 ’ὅτ
99 623 271 705 ipsum
288 664 306 692 ,
326 623 465 683 misit
484 646 551 683 eo
565 621 883 681 Iustinianus
903 661 919 684 ‚
955 620 1175 701 regibus
1194 619 1371 678 severe
1388 619 1601 677 edicens
1617 654 1634 684 ‚

15 724 90 764 ne
110 703 327 785 posthac
347 710 457 765 vim
476 723 674 765 naturae
694 701 958 762 inferrent
992 704 1300 762 'virilitatem
1319 699 1635 780 cujusquam

16 786 329 847 exsecando.
371 790 503 848 Laeti
523 787 577 846 id
593 785 834 845 edifflmm
857 806 1102 866 accepere
1125 784 1325 865 Abasgi
1346 829 1360 848 ‚
1400 781 1637 860 fretique

16 872 365 951 Imperatoris
381 870 699 927 a.u8coritate
715 913 728 933 ‚
750 872 906 927 omni
928 871 977 926 vi
997 867 1398 947 prohibuerunt
1415 888 1479 923 ne
1501 855 1634 944 quid

15 954 78 1011 in
99 951 372 1034 posterum
388 953 488 1009 tale
506 948 680 1010 fieret.
724 953 869 1009 Nam
895 968 1018 1009 ante
1036 950 1090 1009 id
1120 969 1335 1029 ternpus
1365 948 1496 1006 nihil
1517 968 1634 1005 maa

16 1039 103 1116 gis
133 1036 328 1114 cuique
347 1036 403 1091 in
422 1051 608 1103 metu,
643 1056 807 1113 quam
827 1054 894 1090 ne
926 1031 1151 1091 formosi
1173 1031 1269 1090 filii
1290 1052 1438 1112 pater
1458 1028 1631 1087 fieret,

14 1114 236 1195 Insuper
266 1114 589 1174 Iustinianus
618 1116 787 1174 aedem
820 1118 1067 1196 Deiparae
1089 1118 1145 1173 in
1184 1112 1410 1195 Abasgis
1428 1111 1630 1172 statuio

15 1197 308 1277 creatisque
327 1195 688 1262 sacerdotibus
706 1240 723 1266 ‚
760 1202 965 1256 curavit
988 1216 1048 1257 ut
1076 1198 1271 1256 cuncta
1291 1194 1632 1255 Christiano-

14 1301 141 1339 rum
175 1279 415 1339 instituta
448 1278 649 1359 Abafigi
680 1280 1022 1339 docerentur.
1068 1279 1259 1339 Visum
1279 1278 1398 1359 ipsis
1416 1276 1625 1335 subiato

13 1382 194 1443 regno
232 1370 470 1441 utroque
503 1365 561 1420 in
592 1361 840 1421 libertate
874 1365 1073 1421 vivere.
1114 1365 1249 1421 Haec
1278 1361 1399 1419 sunt
1420 1378 1538 1441 quae
1570 1363 1628 1415 in

12 1442 249 1527 Abasgis
280 1466 525 1505 evenere.
569 1450 722 1503 Pone
753 1443 1106 1525 Abasgorum
1126 1443 1262 1502 fines
1293 1443 1358 1501 ad
1377 1461 1627 1500 montem

14 1527 322 1587 ¹Caucasum
350 1525 546 1585 Bruchi
562 1524 838 1595 habitant,
881 1525 1112 1608 Abasgis
1129 1525 1422 1606 Alanisque
1443 1525 1627 1582 medii.-³

14 1611 86 1669 ad
104 1631 256 1668 oram
276 1630 406 1668 vero
428 1611 751 1667 maritimam
769 1612 932 1668 Ponti
949 1610 1180 1676 Euxini,
1213 1606 1358 1665 sedes
1375 1606 1495 1665 sunt
1520 1612 1627 1664 Ze-

14 1693 263 1751 thorurn.
307 1693 442 1749 olim
460 1690 542 1747 his
558 1711 784 1770 quoque
801 1711 988 1772 regem
1005 1691 1248 1748 Romani
1275 1695 1629 1768 Imperatores

10 1773 234 1833 dabant.
261 1771 425 1830 hodie
443 1771 577 1847 nihil
593 1774 861 1831 Romanis
880 1771 1274 1853 obsequuntur.
1303 1776 1505 1852 Saginae
1523 1769 1627 1828 hos

12 1859 290 1936 excipiunt
308 1896 327 1925 ,
359 1875 596 1935 quorum
613 1876 730 1934 quae
750 1858 883 1913 mari
903 1853 1066 1914 adfita
1078 1856 1319 1913 Romani
1343 1854 1624 1933 quondam

12 1955 268 2005 tenuere,
300 1935 681 2016 exstructisque
707 1940 761 1995 in
792 1940 974 1996 littore
1005 1937 1220 1996 castellis
1238 1937 1456 1995 duobus
1477 1978 1495 2005 ,
1529 1938 1625 1993 Se-⁸

12 2020 284 2101 bastopoli
317 2026 371 2078 &
393 2024 681 2099 Pityunte,
716 2019 868 2077 bidui
902 2023 1094 2078 itinere
1127 2023 1268 2078 inter
1297 2020 1347 2077 se
1381 2018 1625 2076 distanti⁴

13 2103 155 2171 buS‚
192 2104 437 2161 militaria
470 2100 704 2180 praefidia
734 2101 936 2161 ibidem
975 2100 1235 2182 posuere,
1271 2123 1395 2178 cum
1427 2121 1550 2159 ante
1570 2100 1624 2158 id

11 2183 223 2262 sparfim
244 2186 440 2242 milites
460 2205 552 2262 per
572 2198 798 2241 omnem
816 2186 1101 2242 tenderent
1118 2206 1271 2243 oram
1293 2187 1452 2242 maris
1470 2226 1487 2253 ‚
1517 2204 1624 2263 qua

11 2268 375 2348 Trapezuntis
408 2265 436 2323 ὲ
461 2264 668 2323 finibus
701 2267 765 2324 ad
797 2269 1113 2348 Saginarum
1149 2270 1338 2325 ultima
1370 2270 1623 2332 excurrit,

12 2369 80 2408 ut
107 2357 161 2407 &
181 2369 303 2407 ante
331 2366 827 2406 commemoratum
863 2349 950 2406 est.
994 2355 1107 2407 Iam
1129 2371 1255 2407 vero
1277 2351 1390 2408 duo
1409 2368 1623 2407 tantum

12 2453 134 2513 quae
151 2433 261 2491 dixi
281 2429 588 2510 supererant
600 2431 817 2495 castella,
833 2434 887 2488 in
905 2432 1107 2510 quibus
1127 2430 1356 2511 praefidia
1374 2437 1427 2488 in
1445 2451 1622 2488 meam

13 2513 182 2594 usque
204 2516 526 2571 memoriam
543 2509 869 2571 manserunt.
911 2517 1122 2571 Verum
1145 2514 1323 2594 postea
1344 2514 1622 2571 Persarum

13 2615 106 2654 rex
129 2594 402 2653 Chosroes
419 2617 543 2652 cum
573 2593 601 2652 εὶ
626 2599 777 2651 Lazis
795 2601 850 2651 in
872 2601 1035 2655 Petrae
1058 2594 1431 2675 poffesfionem
1465 2596 1624 2654 indu-

11 2679 133 2736 &us
151 2676 271 2736 effet
289 2718 306 2745 ,
336 2676 608 2748 Persarum
629 2682 923 2734 exercitum
946 2680 1222 2737 constituit
1242 2683 1459 2737 mittere
1478 2720 1493 2739 ‚
1528 2683 1621 2757 qui

15 2758 128 2819 duo
166 2761 250 2816 illa
284 2759 488 2817 castella
517 2759 1199 2842 invaderetlinfideretque.
1249 2765 1537 2841 cognitum
1570 2761 1625 2817 id

14 2861 415 2900 anteverterunt
448 2846 641 2900 milites
662 2844 937 2911 Romani,
987 2851 1040 2900 &
1060 2843 1349 2923 postquam
1372 2843 1627 2900 incende-

14 2940 132 2983 rant
153 2924 349 2985 domos
370 2965 389 2998 ‚
420 2929 866 3006 munimentaque
885 2923 1198 3000 disjecerant
1219 2968 1234 2995 ,
1257 2924 1350 3005 ipfi
1371 2922 1630 3059 conscep*

962 3009 1018 3063 D
1041 3007 1073 3065 d
1585 3023 1630 3058 1³2
