1931 3428
451 199 1153 257 CHRON'IQON.
1503 212 1617 272 725

17 299 69 341 te
88 277 274 339 favore
296 280 645 338 vi&oriarum
667 282 835 337 multa
857 277 1101 357 praeclara
1115 277 1329 335 sortitus
1345 272 1441 334 est.
1472 277 1633 333 Can-

20 364 206 422 tabros
229 385 465 443 namque
484 365 577 420 iste
597 363 855 420 obtinuit.
899 363 1160 437 Aregiam
1182 359 1275 415 iste
1295 362 1459 435 coepit
1476 398 1492 425 ,
1531 361 1627 414 Sa-

20 446 168 503 baria
187 448 369 502 omnis
400 447 466 502 ab
489 467 556 501 eo
587 445 793 502 devicta
826 442 918 499 est.
965 437 1250 497 Cesserunt
1285 444 1445 496 etiam
1469 442 1627 495 armis

17 529 161 585 illius
177 531 417 606 plurimae
436 527 658 584 rebelles
678 529 881 604 Spaniae
902 524 1081 584 urbes,
1116 522 1277 579 Fudit
1299 543 1522 600 quoque
1547 519 1630 577 di..

17 608 172 669 verso
192 611 374 688 praelio
412 610 640 687 [Iustini
658 610 852 665 milites
871 628 1013 684 quos
1032 605 1426 681 Athanagiitlus
1449 603 1509 658 ad
1530 622 1629 659 au-

17 693 208 750 xilium
245 692 613 768 evocaverat.]
652 693 894 755 militem,
913 695 965 745 ὃ(
984 687 1226 765 quaedam
1249 684 1429 747 castra,
1463 684 1528 741 ab
1553 688 1629 740 eis

19 793 282 853 occupata
306 815 319 836 ‚
357 773 663 833 dimicando
699 774 916 850 recepit.
973 770 1398 848 Erminigildum
1432 766 1628 823 deinde

19 855 193 914 filium
224 860 434 936 imperii
457 857 534 912 sui
555 857 982 933 tyrannizantem
998 893 1015 919 ‚
1037 851 1326 917 obsessum,
1346 848 1629 927 exsupera-

18 942 119 997 vit.
163 943 503 996 Postremum
523 936 724 994 bellum
746 940 932 993 Suevis
960 937 1509 1014 intulit2regnt1mqt1e
1531 952 1629 987 eo-

20 1042 143 1078 rum
175 1025 228 1078 in
253 1027 373 1096 jura
391 1022 570 1100 gentis
588 1018 687 1078 suae
709 1024 840 1075 mira
858 1021 1122 1077 celeritate
1142 1015 1442 1075 transmisit.
1499 1020 1632 1091 Spa-

19 1108 107 1161 nia
143 1124 340 1182 magna
375 1124 441 1160 ex
463 1122 610 1181 parte
632 1105 856 1180 potitus.
909 1123 1033 1158 nam
1058 1111 1216 1159 ‘antea
1235 1121 1369 1179 gens
1395 1096 1632 1155 Gotho-

16 1205 138 1243 rum
156 1187 392 1264 angustis
416 1184 618 1243 finibus
636 1182 923 1242 artabatur.
974 1184 1076 1242 Sed
1094 1182 1374 1241 offuscavit
1392 1185 1447 1238 in
1467 1201 1534 1237 eo
1553 1200 1635 1236 er-

18 1289 112 1325 ror
139 1271 428 1346 impietatis
457 1269 687 1347 gloriam
721 1285 880 1324 tantae
915 1270 1142 1322 virtutis
1186 1269 1444 1343 Denique
1466 1260 1633 1342 perfi-

21 1351 118 1408 diae
137 1347 321 1407 furor-e
353 1354 589 1430 repletus
621 1353 675 1406 in
711 1349 1030 1406 Catholicos
1067 1345 1436 1426 persecutione
1472 1365 1632 1401 com-

20 1451 173 1489 mota
195 1433 458 1512 plurimos
479 1430 856 1511 episcoporum
877 1432 1037 1487 exilio
1062 1432 1317 1509 relegavit
1334 1471 1348 1494 ‚
1391 1425 1635 1484 ecclesia-

20 1536 143 1573 rum
165 1516 366 1572 reditus
391 1522 444 1572 δε
464 1517 741 1595 privilegia
759 1513 977 1572 sustulit.
1029 1513 1244 1569 Multos
1278 1530 1502 1591 quoque
1522 1527 1634 1565 ter-

20 1597 238 1656 roribus
269 1602 322 1654 in
342 1601 622 1655 Ari-ianam
657 1597 1008 1676 pestilentiam
1042 1596 1260 1671 impulit
1286 1635 1302 1657 ,
1350 1589 1636 1671 plerosque

23 1680 131 1738 fine
147 1677 519 1759 persecutione
554 1682 783 1737 inle&os
802 1699 932 1735 auro
960 1675 1223 1754 rebusque
1244 1675 1467 1754 decepit.
1509 1678 1636 1729 Au-

19 1761 108 1820 sus
136 1785 362 1843 quoque
384 1767 525 1820 inter
544 1781 730 1821 caetera
750 1761 952 1818 haeresis
971 1761 1071 1816 suae
1091 1762 1342 1839 ‘contagia
1363 1760 1524 1813 etiam
1547 1775 1637 1810 re-

22 1846 292 1926 baptizare
311 1846 631 1902 Catholicos
647 1886 664 1912 ‚
703 1852 753 1902 &
775 1865 888 1901 non
909 1842 1083 1901 solum
1104 1864 1167 1899 ex
1189 1841 1345 1920 plebe
1363 1838 1450 1896 sed
1472 1841 1636 1895 etiam

24 1951 88 1987 ex
127 1929 462 1986 sacer-dotalis
495 1929 703 1985 ordinis
740 1928 1018 2007 dignitatis
1051 1968 1065 1990 ‚
1116 1923 1248 1981 ficut
1276 1923 1638 1981 Vincentium

23 2009 563 2092 Caesaraugustanum
592 2011 656 2068 de
687 2011 957 2088 Episcopo
995 2006 1316 2087 Apostatam
1354 2001 1561 2061 staffilum
1582 2008 1639 2059 &

21 2111 285 2174 tanquam
324 2095 351 2150 a
380 2096 521 2150 coelo
554 2097 610 2149 in
643 2091 918 2150 infernum
942 2092 1269 2170 projeofflm.
1320 2087 1520 2143 Extitit
1540 2105 1640 2142 au·-

1 2188 135 2235 ”tem
170 2183 223 2234 &
243 2171 802 2256 quibusdamsuorum
823 2171 1167 2254 perniciosus.
1209 2193 1333 2228 nam
1359 2167 1639 2248 quoscun-

24 2281 132 2340 que
167 2255 528 2316 nobiliffimos
562 2278 621 2314 ac
653 2255 1054 2337 potentiffimos
1085 2255 1222 2313 vidit
1257 2294 1273 2315 ,
1337 2271 1430 2309 aut
1463 2253 1639 2330 capite

22 2344 416 2409 truncavit,aut
441 2339 766 2419 proscriptos
783 2344 838 2396 in
864 2343 1082 2396 exilium
1103 2340 1232 2418 egit.
1266 2335 1476 2392 Fiscum
1492 2353 1643 2411 quo-

23 2446 131 2504 que
148 2427 355 2504 primus
374 2421 469 2480 iste
488 2424 839 2502 locupletavit
853 2463 869 2490 ,
885 2418 1194 2500 primusque
1213 2421 1454 2479 aerarium
1472 2418 1538 2472 de
1562 2435 1643 2470 ra-

20 2510 162 2587 pinis
181 2505 530 2584 hostiumque
547 2505 820 2563 manubiis
835 2507 997 2562 auxit.
1038 2501 1305 2560 Condidit
1321 2504 1483 2557 etiam
1505 2498 1643 2554 civi-

15 2606 193 2647 tatem
224 2591 281 2645 in
302 2588 597 2646 Celtiberia
613 2630 628 2655 ‚
645 2609 810 2667 quam
827 2610 888 2644 ex
905 2589 1131 2644 nomine
1151 2584 1248 2642 filii
1280 2580 1354 2640 sui
1379 2583 1643 2656 Recopo-

21 2673 118 2730 lim
141 2673 466 2729 nominavit.
485 2676 545 2726 In
563 2672 774 2750 legibus
791 2691 1023 2751 quoque·
1043 2690 1103 2726 ea
1121 2689 1239 2747 quae
1260 2664 1326 2722 ab
1343 2665 1546 2720 Eurico
1563 2665 1643 2718 in-

25 2753 244 2812 condite
261 2751 551 2810 constituta
571 2753 914 2820 videbantur,
936 2754 1169 2810 correxit
1184 2791 1200 2818 ‚
1221 2749 1477 2826 plurimas
1495 2746 1644 2822 leges

26 2833 390 2913 praetermiffas
423 2834 709 2908 adjiciens,
750 2833 1022 2915 plerasque
1051 2830 1342 2912 superfluas
1374 2824 1642 2885 auferens.

23 2918 299 2996 Regnavit
320 2934 499 2973 autem
530 2923 683 2975 annis
707 2918 896 2978 decem
924 2925 978 2975 ὃ(
998 2918 1127 2974 otto
1149 2938 1163 2984 3
1199 2910 1487 2973 defunf’tus
1507 2926 1640 2984 pro-

25 3002 144 3079 pria
160 3017 338 3058 morte
357 2999 596 3063 cole&
627 2999 671 3040 ἦ

1670 2994 1837 3048 *T01et0

831 3086 919 3146 Zz
970 3104 993 3159 3
1490 3068 1643 3130 ΕΒΑ
1700 3106 1703 3110 -
