1931 3428
299 151 415 205 802
641 145 744 202 DE
802 141 1091 205 Gesns
1146 147 1646 216 LANcomnfi:
1716 208 1724 215 .

296 225 522 306 quidem
556 246 763 286 cuneus
778 249 873 308 per
890 229 1134 300 Nicaeam
1151 228 1349 290 urbem
1367 275 1385 303 ,
1414 237 1544 305 alter
1572 260 1703 300 vero
1730 263 1826 324 per
1840 243 1919 304 E·-

229 372 232 373 r
302 309 610 367 bredunum
629 308 887 390 ingreffus
904 309 1010 378 est,
1040 312 1125 369 illa
1139 324 1422 392 ‘revertens
1442 322 1526 379 vi'a
1543 359 1561 387 ,
1584 344 1749 401 quam
1770 348 1920 388 anno.

301 390 576 469 superiore
616 410 858 452 tenuerat
876 435 887 447 .
952 395 1033 451 Hi
1067 397 1200 474 -quia
1234 414 1453 478 tempus
1489 403 1738 465 meffium
1770 427 1883 467 erat
1903 447 1929 481 ,-

302 474 617 554 colligentes
633 496 691 533 ac
711 478 1020 534 triturantes
1034 474 1307 538 frumenta
1324 485 1686 548 comedebant
1701 532 1719 560 ‚
1739 512 1798 550 ac
1817 452 1931 577 suisi

304 556 671 615 animantibus
699 558 762 617 ad
782 559 930 617 esum
961 559 1296 639 praebebant.
1337 566 1803 646 Depraedabantur
1825 579 1931 661 Ρε-ξ

306 658 466 706 cora,
499 638 587 711 sed
618 661 718 697 nec
751 641 815 698 ab
847 642 1500 708 incendiisabstinebant.
1546 656 1665 733 Q}
1692 677 1818 715 cum
1855 656 1931 744 ad}

303 719 640 779 Rhodanum
662 745 878 782 amnem
898 723 1280 802 perveniffent‚
1316 748 1376 787 ut
1396 732 1720 796 transmeato
1741 761 1809 796 eo
1833 746 1931 807 re-}

303 824 419 883 gno
438 801 488 860 se
509 805 810 885 Sigisberto
829 804 1144 866 conferrent
1165 851 1181 876 ,
1218 818 1454 872 occurrit
1474 820 1549 874 eis
1567 815 1931 900 Mummulus}

308 906 436 942 cum
471 887 642 944 valida
677 889 1037 947 multitudine.
1100 893 1265 950 Tunc
1297 896 1384 952 ille
1417 896 1527 956 viso
1555 922 1621 963 eo
1661 904 1811 962 valde
1848 907 1931 985 ti-J

309 985 545 1035 mentes,
566 968 704 1034 datis
721 990 820 1046 pro
840 971 1213 1051 redemptione
1235 973 1323 1034 sua
1341 982 1524 1039 multis
1545 989 1716 1043 aureis
1737 990 1931 1044 numi-l

305 1046 566 1111 smatibus
584 1049 953 1118 ,Rhodanum
973 1054 1186 1113 tranfire
1204 1058 1440 1136 permiffi
1467 1062 1607 1122 sunt.
1656 1071 1773 1138 Qui
1788 1069 1924 1128 dum

308 1131 375 1190 ad
392 1131 753 1211 Sigisbertum
775 1154 958 1213 regem
979 1155 1214 1215 pergunt
1232 1179 1249 1206 ,
1267 1143 1492 1201 *mult-os
1521 1148 1576 1204 in
1598 1151 1790 1209 itinere
1823 1173 1922 1209 ne-

310 1215 619 1292 gotiatione
639 1210 730 1270 sua
760 1214 1113 1295 deceperunt,
1156 1223 1529 1285 venundantes
1559 1236 1764 1311 regulas
1784 1238 1922 1303 aeris,

309 1316 430 1372 quae
453 1296 527 1350 ita
556 1293 734 1352 nescio
754 1299 1043 1376 quomodo
1065 1320 1214 1358 erant
1235 1305 1521 1375 coloratae,
1561 1330 1620 1368 ut
1648 1318 1764 1372 auri
1788 1338 1922 1395 pro-

310 1375 423 1433 bati
452 1394 612 1456 atque
649 1382 936 1439 examinati
965 1379 1194 1461 speciem
1215 1384 1543 1457 simularent.
1585 1397 1745 1454 Vnde
1775 1419 1922 1476 non-

308 1459 444 1516 nulli
465 1457 571 1516 hoc
591 1459 726 1518 dolo
745 1461 967 1532 seduffl,
987 1464 1172 1525 dantes
1190 1479 1463 1541 aurum‚&
1483 1495 1552 1539 aes
1572 1482 1915 1558 accipienteS‚

311 1561 574 1619 pauperes
611 1541 732 1600 sunt
755 1543 949 1604 effeffl.
995 1553 1374 1633 Pervenientes
1401 1559 1620 1618 tandem
1641 1563 1924 1644 ad'regem

314 1623 674 1702 Sigisbertum
696 1667 710 1687 ,
730 1628 794 1685 ad
812 1629 996 1688 locum
1020 1632 1161 1692 unde
1179 1639 1326 1715 prius
1347 1638 1532 1720 egreffi
1546 1640 1777 1714 fuerant,
1795 1647 1918 1707 red·

315 1706 392 1763 ire
410 1706 645 1786 permissi
668 1708 805 1767 sunt.

808 1851 867 1917 C
971 1878 1018 1920 A
1119 1881 1174 1923 P.
1341 1861 1516 1930 VII.

409 1990 661 2060 ‚Quomodo
679 2002 889 2048 Saxones
910 1994 966 2048 de
977 1999 1149 2070 patria
1155 1999 1250 2072 fica
1266 2013 1450 2060 suavos
1467 2004 1530 2065 ὠ·
1545 2008 1667 2063 alias
1677 2027 1804 2085 gen-

666 2088 740 2154 tjes
759 2113 777 2141 ‚
804 2096 898 2150 quae
914 2076 981 2132 ibi
999 2077 1263 2151 reficiebant
1279 2124 1296 2151 ‚
1319 2088 1559 2161 expulere.
1600 2124 1605 2130 -

472 2209 544 2264 Vi
573 2208 709 2267 dum
744 2213 808 2271 ad
839 2212 981 2272 suam
1004 2219 1538 2294 patriamveniffent,
1572 2227 1916 2294 invenerunt,

473 2311 589 2347 eam
627 2290 655 2348 a
674 2296 857 2353 Suavis
877 2303 929 2354 ὃς
969 2301 1080 2355 aliis
1099 2302 1384 2380 gentibus»,
1428 2305 1559 2366 ficut
1589 2307 1740 2390 supra
1761 2331 1914 2371 com-

315 2377 760 2444 memoravimus,
789 2382 1023 2437 retineri.
1045 2382 1257 2441 Contra
1274 2407 1415 2466 quos
1430 2388 1798 2470 insurgenteS,
1818 2417 1916 2454 co-

315 2455 427 2507 nati
446 2450 566 2512 sunt
600 2478 694 2514 eos
713 2459 973 2518 destruere
991 2484 1047 2519 ac
1062 2463 1254 2524 delere.
1296 2473 1375 2525 At
1395 2471 1467 2527 illi
1503 2472 1823 2535 obtulerunt
1839 2482 1915 2536 eis

316 2538 531 2592 tertiam
551 2559 754 2616 partem
777 2547 1033 2623 regioniS,
1053 2545 1288 2607 dicentes
1311 2574 1323 2607 :
1345 2554 1513 2610 Simul
1536 2555 1811 2634 possumus
1834 2564 1931 2641 vi-j

312 2634 454 2682 vere,
484 2625 536 2675 Sc
559 2618 663 2682 fine
683 2625 1339 2690 collisione-communiter
1355 2632 1609 2694 habitare.
1656 2641 1931 2722 Cumque

311 2697 387 2751 illi
418 2701 568 2755 nullo
599 2706 771 2762 modo
804 2707 1228 2786 acquiescerent,
1259 2715 1456 2774 dehinc
1487 2719 1805 2781 obtulerunt
1836 2728 1914 2806 eis

310 2778 676 2852 medietatem3
690 2786 809 2866 post
830 2789 939 2846 haec
958 2791 1087 2849 duas
1106 2813 1281 2872 partes
1296 2842 1308 2862 ‚
1350 2796 1446 2857 fibi
1463 2819 1676 2860 tantum
1696 2808 1913 2864 tertiam

308 2857 649 2941 reservantes.
709 2870 1043 2930 Nolentibus
1061 2896 1242 2935 autem
1263 2881 1364 2936 illis
1383 2923 1401 2949 ,
1441 2884 1757 2945 obtulerunt
1783 2909 1931 2964 cum¹

309 2958 450 3000 terra
470 2948 628 3014 etiam
648 2955 835 3010 omnia-
858 2974 1082 3033 pecora,
1115 2977 1327 3021 tantum
1350 2983 1408 3022 ut
1425 2963 1618 3027 &bello
1639 2967 1931 3040 ceffa‘rentvg

1796 3049 1903 3134 §sd
1930 3047 1931 3132 ἶ
