1888 3428
196 156 636 234 Go'rTHICAE
676 153 1070 212 H1s⁷ro1z1ffi
1112 155 1257 210 LIB.
1281 160 1387 213 111.
1519 159 1624 233 383

27 240 98 298 tis
116 277 133 302 ‚
167 258 228 297 ut
251 246 304 297 &
322 235 485 295 frater
500 235 686 296 Iustini
705 234 1023 294 Iustinianus
1041 273 1058 300 ,
1094 233 1388 294 sinerentur
1405 239 1544 295 iners
1561 258 1636 294 ae-

29 343 159 380 vum
186 323 377 402 privati
410 340 601 377 terere.
636 316 725 376 sed
753 336 850 376 nec
871 320 1046 394 patrui
1064 337 1175 372 rem
1206 315 1300 396 ipsi
1318 318 1520 376 Iustino
1540 317 1639 376 ha·-

27 404 558 483 bendampermitti,
577 421 741 481 quarn
761 402 994 456 omnino
1010 397 1290 456 habiturus
1310 402 1435 457 effet
1453 400 1487 457 fi
1506 401 1639 480 quid

27 487 228 545 valeret
257 486 498 545 Boraidae
520 486 706 542 ultima
736 481 1022 539 voluntas:
1068 502 1212 539 nunc
1248 490 1430 540 autem
1466 488 1638 538 maxi-

26 591 118 626 ma
131 586 279 647 parte
297 608 312 630 ‚
341 588 435 647 per
453 571 562 625 vim
580 583 880 624 exueretur.
923 561 1355 642 Exspeaefitandum
1377 583 1437 622 ut
1459 566 1637 621 multo

28 644 204 730 magis
238 650 710 731 proculcarentur,
752 646 955 703 domus
989 647 1186 713 invisa,
1219 646 1312 704 ubi
1343 650 1398 703 in
1431 648 1640 703 Italiam

27 729 252 790 veniffet
283 729 579 789 Belisarius.
622 731 829 788 Namis
863 733 971 803 jam
990 733 1046 786 in
1073 731 1283 808 Illyrico
1303 727 1401 787 effe
1421 732 1642 786 nuntia-

27 813 204 872 batur.
262 812 490 871 Talibus
523 813 677 870 dietis
710 810 930 869 Arsaces
963 812 1263 870 conabatur
1289 817 1548 888 juvenem
1583 815 1642 867 in

28 900 374 977 Imperatoris
404 915 590 952 necem
622 888 955 952 inflammare
974 939 988 960 ,
1027 916 1146 974 quae
1181 895 1275 951 fibi
1301 894 1642 951 Artabani&

27 978 394 1055 Chanarangae
421 977 575 1056 super
606 999 672 1034 eo
711 982 937 1058 negotio
978 978 1346 1035 convenerant
1376 980 1645 1056 aperiens·

25 1058 116 1118 sed
147 1065 429 1118 exterritus
462 1060 655 1117 auditis
688 1060 922 1117 Iustinus
956 1059 1237 1138 obstupuit
1274 1100 1292 1126 ‚
1338 1058 1642 1139 diserteque:

24 1142 194 1199 edixit
214 1140 395 1200 Arsaci
416 1183 433 1209 ,
466 1164 642 1221 neque
661 1139 710 1199 se
728 1163 905 1222 neque
926 1164 1131 1222 patrem
1156 1164 1395 1221 unquam
1416 1142 1546 1221 quid
1565 1161 1643 1198 ta·

24 1225 74 1281 le
90 1221 330 1294 facturos
352 1224 502 1304 quod
521 1244 800 1292 evenerat,
839 1225 1104 1281 Artabani
1124 1224 1345 1282 Arsaces
1360 1265 1377 1291 ,
1408 1228 1643 1302 patri'Iu-

26 1305 196 1364 stinus
230 1311 518 1364 renuntiat.
562 1308 874 1365 Germanus
908 1307 1146 1364 Marcelli
1175 1312 1198 1379 (
1216 1310 1260 1363 is
1278 1307 1527 1364 Palatinis
1545 1327 1644 1363 ex-

26 1387 198 1448 cubiis
232 1395 486 1469 praeerat)
523 1388 806 1446 consilium
837 1410 893 1447 re
927 1388 1167 1467 exposita.
1195 1391 1431 1467 exquirit
1450 1430 1468 1457 ‚
1496 1395 1550 1446 &
1571 1409 1668 1460 an*

28 1491 144 1529 rem
179 1474 500 1553 Imperatori
534 1469 828 1551 significare
862 1494 926 1528 ex
949 1470 1043 1529 usu
1075 1468 1236 1529 foret.
1277 1472 1466 1529 Eratis
1485 1471 1642 1528 Mar-

26 1554 190 1611 cellus
204 1595 221 1622 ,
242 1558 322 1612 vir
342 1558 518 1634 gravis
537 1594 555 1620 ‚
579 1557 841 1633 multique
861 1553 1050 1612 silentii
1070 1595 1087 1622 ‚
1106 1553 1237 1612 nihil
1259 1558 1494 1632 pecuniae
1513 1575 1643 1611 cau-

26 1633 78 1692 sa
92 1633 468 1709 facerelsolitus
485 1678 503 1702 ‚
527 1657 705 1714 neque
725 1635 1041 1704 verborum,
1061 1657 1238 1714 neque
1258 1657 1437 1693 rerum
1460 1677 1478 1704 ,
1495 1635 1642 1693 unde

25 1715 156 1776 risus
178 1736 543 1797 quaereretur,
583 1721 825 1796 panem,
858 1718 992 1775 nihil
1026 1717 1223 1775 remiffi
1260 1739 1443 1776 amans
1470 1759 1487 1786 ,
1518 1721 1642 1775 vitae

27 1796 234 1880 semper
264 1800 453 1858 securae
493 1808 550 1859 δι’
571 1799 599 1856 a
633 1802 912 1878 voluptate
941 1803 1108 1880 longe
1138 1801 1435 1858 recedentis
1454 1842 1471 1868 ‚
1508 1799 1641 1878 justi

29 1881 207 1941 custos
223 1885 473 1950 exacstuS,
506 1885 614 1940 veri
634 1903 820 1940 amore
847 1881 1303 1961 flagrantissimus.
1337 1888 1380 1940 is
1412 1901 1544 1940 tunc
1575 1882 1643 1940 ad

27 1967 415 2043 Imperatorem
435 1987 548 2023 rem
570 1964 1083 2043 referri-prohibuit:
1127 1985 1180 2022 te
1203 2008 1219 2034 ‚
1258 1969 1401 2023 aiens
1424 2007 1440 2032 ‚
1476 1964 1641 2038 hujus
1682 2011 1685 2014 .

29 2049 105 2104 rei
123 2049 355 2108 indicem
373 2047 488 2106 fieri
508 2052 822 2129 neutiquam
842 2049 1075 2128 expedit.
1116 2051 1261 2106 Nam
1282 2047 1317 2104 si
1338 2050 1473 2106 clam
1503 2069 1641 2104 con-
1720 2046 1729 2052 ²

31 2132 211 2189 venire
231 2138 618 2210 Imperatorem
637 2134 784 2188 voles
808 2172 823 2196 ,
847 2129 1022 2188 statim
1040 2129 1345 2211 Artabanes
1364 2139 1418 2188 δε
1441 2137 1642 2207 conju-

31 2215 130 2269 rati
157 2213 373 2293 patuisse
402 2216 690 2294 negotium
711 2212 1111 2271 existimabunt.
1151 2213 1368 2277 Tum‘fi
1400 2211 1640 2293 effugere

31 2300 234 2373 poterit
267 2295 489 2354 Arsaces
518 2338 536 2365 ‚
575 2318 687 2353 non
707 2300 805 2353 erit
823 2318 936 2375 quo
967 2297 1231 2374 probetur
1252 2299 1470 2353 crimen.
1511 2297 1638 2376 Ego

32 2396 162 2435 vero
177 2400 291 2437 non
312 2379 452 2437 bene
470 2379 793 2459 exquifitum
813 2378 942 2457 quid
960 2400 1136 2459 neque
1153 2379 1364 2436 credere
1383 2377 1518 2457 ipse,
1540 2400 1641 2436 ne·-

33 2479 138 2537 que
163 2461 228 2520 ad
245 2467 629 2542 Imperatorem
647 2458 852 2519 deferre
885 2459 1049 2519 soleo·
1086 2465 1210 2519 volo
1237 2465 1404 2542 igitur
1423 2479 1515 2517 aut
1532 2458 1641 2539 ipse

31 2541 364 2623 verbaipfius
385 2544 569 2602 auditu
590 2550 858 2623 percipere
873 2588 887 2609 ,
922 2564 1010 2601 aut
1028 2546 1259 2623 aliquem
1280 2542 1374 2623 ipfi
1395 2562 1592 2600 notum
1610 2541 1640 2600 ὲ

36 2621 194 2684 nobis
210 2625 450 2685 submitti
470 2668 487 2694 ‚
508 2630 600 2706 qui
622 2630 752 2684 clare
773 2630 1006 2704 cogitata
1023 2627 1110 2683 sua
1129 2630 1526 2705 exprimentem
1540 2619 1644 2686 *aue

33 2705 160 2764 diat.
205 2714 358 2789 queis
391 2708 1001 2767 Germanusintelletffis
1017 2710 1222 2766 Iustino
1243 2708 1358 2767 filio
1387 2713 1642 2787 praecipit,

35 2786 294 2850 Marcello
312 2809 372 2849 ut
391 2790 494 2850 visa
525 2790 861 2871 exsequatur.
897 2791 1118 2848 Arsaces
1150 2813 1218 2849 ex
1236 2814 1304 2849 eo
1325 2792 1458 2849 nihil
1482 2790 1642 2849 Iusti·

11 2891 113 2928 xno
128 2913 147 2941 ,
176 2878 272 2954 qui
293 2894 405 2932 tam
426 2873 614 2944 abscise
633 2873 865 2954 negasset
881 2914 898 2940 ‚
931 2874 996 2930 de
1018 2895 1076 2930 ea
1095 2896 1149 2930 re
1166 2877 1337 2954 loqui.
1370 2873 1457 2931 sed
1490 2873 1641 2930 Cha-

34 2972 326 3040 narangem
343 2956 574 3016 Iustinus
597 2976 755 3039 rogat
771 2997 792 3029 ‚
833 2957 1190 3016 Artabanisne
1210 2979 1272 3016 ex
1292 2955 1547 3094 senteiitsia
1574 2952 1639 3011 ad

1503 3058 1529 3095 e
1551 3057 1638 3095 ve-
