1888 3428
212 104 336 186 '450
413 117 417 119 ’
525 149 527 154 ι
567 110 610 165 Ρ
635 106 960 167 Roc'opu
1002 103 1539 167 CAESAREENssss

218 206 430 268 partem
449 209 568 269 quae
588 194 643 248 in
659 191 850 254 declivi
869 209 980 249 erat
998 191 1239 249 dabatur.
1286 190 1390 248 Sed
1409 211 1534 257 cum
1561 186 1703 254 fama
1722 207 1846 272 perz

220 269 435 350 cepisset
467 294 528 331 ea
557 294 677 353 quae
711 272 892 331 Saberi
923 275 1193 332 Romanis
1225 274 1519 330 militantes
1564 275 1623 332 in
1674 278 1844 335 Petrae

221 357 639 436 oppugnatione
659 354 929 424 fecerant,
963 355 1272 433 exemplum
1290 353 1536 423 secutu8‚
1567 376 1752 436 parem
1775 379 1845 414 u-

221 437 493 495 tilitatem'
519 437 607 518 spe
656 457 1008 519 praeceperat.
1032 460 1038 462 ’
1061 440 1140 495 Illi
1174 435 1327 509 juffis
1361 435 1604 495 obsecuti
1640 440 1848 497 multos

219 517 523 577 istiusmodi
541 525 730 578 arietes
762 519 1040 585 fecerunt,
1076 521 1260 600 quales
1293 521 1684 577 Romanorum
1702 523 1760 578 in
1781 544 1848 578 u-

220 599 342 659 sum
363 601 391 660 a
411 602 620 662 Saberis
639 605 753 661 aliis
784 601 956 661 factos
978 604 1300 661 memoravi.
1341 604 1496 666 Tum
1516 604 1849 660 Dolomitas

222 687 278 741 in
303 704 508 763 partem
528 688 744 744 alteram
762 685 893 744 saxis
913 684 1276 743 cohaerentem
1299 687 1467 742 mittit
1489 723 1506 748 ,
1523 701 1585 742 ut
1604 685 1678 742 ibi
1692 708 1848 765 (1υο-

223 788 333 845 que
355 765 601 825 hostibus
621 787 889 848 quantum
918 767 1084 847 posset
1113 769 1325 848 negotii
1360 766 1534 850 fieret.
1558 769 1869 843 ,Dolomiffi

224 848 766 908 taeistiBarbarisunt
802 895 817 916 ,
863 855 1100 931 quicum
1134 847 1412 908 Persarum
1433 852 1666 929 imperio
1686 851 1849 908 undi-

223 952 334 1007 que
353 932 659 990 ambiantur
677 973 693 999 ,
717 932 991 990 Persarum
1016 952 1198 990 tamen
1215 936 1328 1012 regi
1349 954 1464 989 non
1485 952 1691 1011 parent.
1734 935 1852 989 De-

221 1010 357 1070 fenfi
374 1017 625 1071 locorum
644 1014 885 1094 abruptis
907 1018 1197 1094 inviisque,
1215 1014 1519 1071 libertatem
1541 1033 1627 1071 tot
1647 1037 1742 1094 per
1759 1013 1853 1075 sae-.

227 1098 345 1152 cula
380 1115 643 1154 tutantur.
682 1097 927 1154 mercede
950 1116 1131 1154 tamen
1164 1096 1420 1154 conducti
1452 1096 1617 1154 Persis
1652 1102 1708 1156 in
1742 1096 1848 1154 ho·-

224 1177 361 1234 :stem
381 1182 630 1255 quemvis
661 1182 892 1236 militant
914 1219 932 1245 ,
971 1179 1177 1257 pedites
1197 1180 1376 1234 cuncli
1399 1222 1413 1242 ,
1458 1180 1639 1259 gladio
1660 1184 1850 1236 armati

223 1257 489 1337 scutoque
520 1267 573 1318 &
603 1262 778 1336 jacula
810 1282 975 1317 manu
1008 1261 1279 1341 gestantes
1298 1279 1483 1317 terna:
1530 1282 1737 1319 currere
1757 1282 1849 1340 per

226 1337 551 1420 confragOsa
598 1364 801 1423 perque
847 1348 1125 1400 montium
1186 1342 1458 1401 vertebras
1504 1365 1623 1407 non
1666 1347 1854 1401 minus*

225 1444 392 1502 quam
415 1429 580 1504 aequis
595 1427 728 1483 locis
739 1445 962 1484 norunt.
990 1426 1120 1483 Ideo
1136 1427 1477 1483 Mermeroes
1496 1448 1591 1483 eos
1605 1427 1668 1484 acl
1683 1447 1850 1506 quam

226 1507 337 1563 dixi
357 1526 564 1582 partem
585 1512 991 1589 oppugnationi
1011 1509 1254 1566 admovit
1289 1549 1306 1576 ‚
1352 1506 1458 1591 ipse
1477 1508 1541 1567 ad
1565 1528 1744 1589 portas
1761 1506 1863 1566 in-‘
1880 1567 1887 1570 ,,

223 1585 307 1644 fra
337 1587 456 1645 fitas
474 1595 767 1647 exercitum
787 1634 803 1659 ‚
834 1591 1103 1648 machinas
1125 1636 1138 1655 ,
1173 1590 1488 1669 elephantos
1506 1613 1568 1671 ab

226 1670 391 1727 Persae
413 1692 537 1728 cum
557 1673 764 1729 Saberis
783 1676 1016 1730 telorum
1047 1676 1190 1746 jaffltu
1221 1678 1278 1730 in
1309 1677 1501 1731 maenia
1531 1693 1640 1730 tam
1661 1673 1850 1742 dens0,

226 1771 291 1809 ut
309 1754 419 1831 caeli
438 1752 791 1834 conspectum
811 1755 1110 1812 adimerent
1124 1797 1141 1823 ‚
1177 1776 1326 1835 paene
1345 1757 1633 1813 Romanos
1653 1756 1850 1835 adege-

229 1854 351 1900 rant
373 1842 792 1916 propugnaculis
827 1837 1096 1895 decedere.
1142 1839 1318 1895 multo
1351 1841 1523 1916 magis
1541 1840 1856 1896 Dolomitae.

228 1936 437 1995 partem
455 1919 519 1976 ad
541 1921 759 1977 alteram
781 1964 794 1983 ,
815 1921 919 1976 tela
939 1938 1260 1976 exacuentes
1278 1961 1295 1987 ,
1325 1923 1564 1977 cautium
1582 1921 1688 1981 illic
1709 1925 1851 1977 emi-

226 2003 482 2057 nentium
499 2000 719 2070 attritu,>
759 2000 967 2058 hostem
985 2000 1306 2081 fatigabant.
1348 2001 1606 2081 Vndique
1635 2005 1850 2060 Roma-

227 2085 315 2138 nis
348 2101 430 2138 res
464 2085 648 2149 malae,
689 2085 927 2163 undique
961 2086 1280 2163 periculum.
1326 2084 1580 2142 Tandem
1611 2084 1849 2141 Odona-·

230 2163 364 2221 chus
384 2170 437 2222 ἃ
457 2165 602 2222 Baba
623 2207 639 2232 ,
669 2163 757 2223 seu
794 2171 1001 2222 virtutis
1019 2165 1271 2223 instinctu
1290 2207 1305 2232 ‚
1346 2165 1433 2223 seu
1455 2168 1720 2224 tentando
1743 2171 1849 2224 mi-

228 2247 306 2303 liti
327 2288 344 2314 ‚
395 2245 486 2303 seu
535 2251 674 2304 morti
706 2249 963 2306 divinitus
987 2290 1001 2315 ‚
1054 2270 1253 2327 paucos
1300 2251 1538 2306 militum
1582 2251 1848 2328 reliquere

231 2330 292 2384 in
311 2328 604 2398 maenibu8‚
641 2335 733 2409 qui
754 2330 970 2387 ass'ultus
1003 2329 1220 2388 hostiles
1245 2332 1606 2410 depellerent:
1642 2351 1847 2410 partem

228 2415 521 2469 maximam
542 2410 754 2468 seorfim
789 2414 1104 2471 advocatam
1127 2412 1193 2469 fic
1211 2413 1415 2487 hortari
1434 2415 1847 2494 aggrediuntur.

237 2497 381 2571 Quae
399 2515 502 2550 nos
521 2491 817 2551 discrimina
841 2537 856 2563 ‚
890 2515 1007 2574 quae
1028 2494 1332 2553 circumstet
1352 2495 1628 2554 necessitas
1649 2534 1669 2558 ,.
1695 2495 1846 2556 vide-

229 2579 337 2643 tis,
377 2577 724 2633 commilites.
767 2580 900 2635 Non
920 2596 1102 2635 tamen
1133 2577 1435 2636 cedendum
1458 2581 1629 2639 malis·
1673 2579 1845 2648 Quo-

229 2677 355 2714 rum
373 2659 509 2715 salus
529 2680 626 2737 pro
647 2660 919 2739 deplorata
940 2659 1014 2717 est
1032 2703 1049 2729 ,
1074 2663 1143 2717 iis
1162 2681 1267 2717 una
1294 2657 1428 2719 salus
1445 2702 1461 2727 ‚
1495 2660 1671 2720 salutis
1688 2663 1847 2741 cupi-

229 2740 359 2797 dine
378 2762 492 2797 non
511 2745 701 2798 teneri.
741 2744 885 2800 Nam
910 2747 1025 2801 vitae
1053 2745 1328 2822 praeparcis
1345 2746 1585 2803 vicinum
1611 2740 1709 2802 effe
1730 2763 1846 2801 exr-
1887 2771 1888 2790 π

228 2825 368 2880 tium
389 2822 540 2879 solet.
585 2823 645 2881 Id
665 2843 913 2903 praeterea
934 2829 1150 2905 proprie
1181 2824 1340 2901 vobis
1372 2829 1428 2884 in
1460 2827 1565 2883 hoc
1598 2827 1844 2904 periculo

226 2906 583 2987 cogitandum
618 2907 697 2993 est>
726 2948 744 2977 ‚
791 2907 922 2967 dum
953 2909 1359 2990 propugnacula
1389 2909 1483 2969 ista
1516 2909 1843 2973 defenditiS‚

1537 1613 1686 1648 oens,
1740 1593 1852 1657 Hic
1884 1645 1887 1653 ,,

1704 2988 1838 3049 nihii
1883 2973 1888 3126 j

1882 3128 1888 3264 l

1881 3263 1888 3309 f⁴
