1888 3428
222 140 650 198 GoTTHICAE
688 132 1085 192 HISTORIAE
1124 135 1273 191 LIB.
1304 136 1348 192 Ι.
1514 158 1620 219 175

13 222 225 303 busque
256 223 383 281 belli
417 222 625 292 injuriis
657 235 862 274 vexare.
898 234 993 293 per
1021 234 1141 294 quae
1161 215 1289 273 nihil
1308 218 1554 280 concuffa
1571 226 1630 283 in

9 308 300 364 Romanos
322 301 429 361 fide
447 297 759 366 Arborichi,
781 299 927 354 viros
943 294 993 353 se
1007 318 1075 354 eo
1092 299 1147 354 in
1163 297 1309 354 bello
1328 299 1631 375 praestitere.

12 387 140 447 cum
162 391 240 445 vis
259 407 372 444 non
394 383 709 464 procederet
729 419 745 444 ,
768 379 1034 436 Germani
1054 400 1149 436 eos
1167 376 1442 438 federibus
1459 382 1556 442 fibi
1574 393 1632 446 δε

12 469 303 529 connubiis
337 470 540 546 illigare
560 462 971 543 aggrediuntur.
1013 461 1346 521 Volentibus
1365 464 1420 522 id
1437 466 1632 524 Arbo-

10 548 171 612 richis
190 550 313 609 fuit.
357 547 650 604 Christiani
681 547 827 602 enim
849 586 866 613 ,
898 542 1026 601 &hi
1045 585 1062 610 ,
1094 550 1146 603 δε
1176 544 1248 601 illi
1274 564 1441 605 erant.
1485 551 1557 606 ita
1574 552 1634 608 in

9 656 176 692 unam
194 649 413 712 gentem
433 631 612 687 coaliti
644 649 842 706 magna
859 630 1194 684 incrementa
1214 628 1411 685 virium
1431 628 1635 689 sumsev

7 738 87 775 re.
130 721 184 773 A
207 716 489 772 Romanis
522 714 713 769 milites
743 712 828 768 alii
860 710 923 767 ad
957 713 1202 788 proxima
1220 712 1520 770 Galliarum
1542 732 1635 772 tu-

8 796 166 856 tanda
186 796 324 853 miffi
343 794 464 853 sunt
482 836 499 863 ‚
532 798 626 873 qui
648 792 774 851 cum
809 813 924 849 non
945 793 1192 851 viderent
1211 797 1349 852 viam
1368 795 1632 855 redeundi

8 882 250 940 Romam
285 919 303 946 ‚
339 900 516 957 neque
547 876 793 934 hostibus
826 878 1035 932 Ariano
1067 876 1327 957 dogmate
1366 881 1635 938 contacffis

8 964 210 1020 velle-nt
243 963 488 1018 accedere
508 1001 524 1026 ,
558 958 614 1017 se.
629 982 752 1017 cum
773 958 933 1037 signis
952 999 968 1024 ‚
1001 966 1055 1016 &
1076 980 1239 1037 quam
1261 961 1520 1018 tenebant
1545 984 1632 1020 re-

6 1043 532 1124 gione‚Arborichis
550 1050 603 1100 &
621 1043 913 1099 Germanis
927 1044 998 1098 ita
1016 1042 1210 1098 dedere
1227 1083 1242 1103 ‚
1281 1061 1339 1100 ut
1358 1041 1447 1100 sua
1463 1042 1635 1102 serva-

7 1144 157 1195 rent,
190 1124 472 1204 moresque
491 1130 663 1183 avitos
683 1127 977 1181 retinerent
999 1165 1016 1190 ,
1046 1145 1422 1202 permanentes
1439 1128 1502 1184 'ad
1523 1150 1631 1184 no-
1673 1128 1675 1130 ’

7 1206 111 1266 stra
141 1208 308 1287 usque
342 1227 607 1286 tempora.
651 1210 798 1266 Nam
838 1214 892 1263 &
930 1206 1094 1263 hodie
1126 1207 1533 1288 cognoscuntur
1549 1213 1632 1268 le-

6 1294 243 1370 gionum
264 1331 281 1357 ,
306 1293 362 1347 in
395 1311 527 1369 quas
562 1287 833 1347 distributi
854 1286 1026 1349 fuere,
1043 1290 1364 1361 nominibus
1383 1332 1399 1359 ‚
1420 1289 1631 1372 suisque

6 1372 107 1432 sub
127 1372 287 1454 fignis
302 1377 493 1430 ineunt
509 1375 681 1451 praelia
697 1413 714 1439 ‚
734 1377 789 1427 &
809 1370 1022 1453 legibus
1043 1373 1238 1429 vivunt
1258 1373 1457 1451 quibus
1476 1375 1634 1444 olim,

7 1454 368 1535 habitumque
385 1457 705 1512 Romanum
724 1452 953 1520 servant,
972 1458 1134 1511 etiam
1150 1455 1352 1534 pedum
1370 1460 1633 1537 tegmine.

11 1539 301 1606 Quamdiu
321 1536 512 1594 manfit
531 1541 624 1616 qui
644 1535 821 1593 fuerat
838 1539 1103 1595 Romanae
1126 1537 1272 1593 urbis
1289 1535 1454 1594 status
1471 1579 1490 1605 ,
1516 1545 1632 1596 Im-

9 1639 288 1701 peratores
323 1621 554 1686 Galliam
589 1619 847 1675 Rhenum
882 1616 1048 1695 usque
1079 1615 1404 1675 habuerunt.
1448 1639 1508 1677 ut
1526 1642 1633 1700 op-

9 1700 175 1782 preffa
207 1703 273 1759 ab
310 1702 572 1758 Odoacro
599 1702 784 1757 Roma
818 1698 928 1765 est,
963 1696 1214 1756 conceffu
1247 1704 1364 1773 ejus
1394 1702 1633 1761 Galliam

9 1806 238 1842 omnem
255 1825 272 1851 ‚
302 1785 476 1862 Alpes
496 1780 660 1861 usque
678 1780 765 1838 eas
782 1801 902 1860 quae
915 1783 1193 1860 Liguriam
1229 1780 1257 1838 ὲ
1291 1782 1471 1841 Gallia
1490 1785 1633 1844 divi-

12 1864 477 1947 dunt,Vifigotthi
494 1864 750 1921 habuere.
793 1863 1085 1943 Postquam
1117 1863 1344 1927 cecidit,
1376 1865 1634 1926 Odoacer

10 1948 285 2030 Thuringi
311 1943 717 2030 Vifigotthique
751 1947 1164 2004 Germanorum
1203 1950 1314 2005 vim
1336 1948 1632 2030 augescen-

11 2035 448 2106 temj’metuentes
469 2036 496 2106 (
499 2051 624 2087 nam
642 2035 694 2087 &
713 2029 1010 2087 multitudo
1029 2031 1223 2109 ingens
1238 2028 1633 2108 sobolecresce-

12 2113 104 2172 bat
120 2155 137 2182 ,
170 2121 224 2172 &
242 2113 391 2171 obvii
410 2116 614 2192 quique
631 2116 682 2169 vi
700 2114 916 2169 illorum
938 2111 1310 2170 sternebantur
1328 2119 1352 2187 )
1377 2115 1631 2174 Gottho-

13 2189 137 2254 rum
159 2195 330 2254 fibi&
352 2192 720 2252 Theuderichi
742 2197 1033 2251 amicitiam
1055 2216 1232 2273 parare
1254 2201 1438 2279 magni
1457 2196 1631 2257 duxe-

12 2298 81 2337 re.
104 2281 222 2338 Nec
240 2282 323 2337 ille
344 2277 649 2356 aspernatus
666 2274 1208 2344 societatem‚addidit
1227 2277 1442 2359 insuper
1457 2277 1632 2340 socie-

11 2364 134 2419 tatis
154 2361 448 2419 vinculum.
495 2359 752 2416 Alaricho
767 2362 912 2417 enim
933 2361 1131 2417 minori
1153 2400 1169 2428 ‚
1189 2360 1630 2442 Vifigotthorum
1676 2381 1678 2383 ’

12 2464 74 2502 ea
109 2443 423 2524 tempestate
441 2445 684 2521 principi,
705 2439 867 2500 filiam
885 2441 1032 2500 suam
1053 2445 1320 2523 virginem
1342 2444 1633 2526 despondit

12 2525 450 2585 Theudichusam
499 2548 512 2582 ε
572 2523 1000 2594 Nerinenofrido
1036 2546 1165 2584 vero
1202 2525 1629 2609 Thuringorum

11 2611 240 2688 principi
275 2608 704 2688 Amalobergam
737 2605 928 2665 sororis
955 2606 1055 2665 suae
1076 2607 1421 2670 Amalafridae
1439 2608 1628 2669 filiam.

11 2691 93 2748 Ex
115 2713 182 2749 eo
193 2694 376 2749 Franci
397 2691 488 2749 avi
508 2695 562 2749 in
583 2712 679 2748 eos
695 2692 751 2746 T
756 2689 1063 2748 henderichi
1085 2711 1236 2750 metu
1255 2692 1536 2752 destitere:
1567 2697 1627 2752 in

11 2775 430 2854 Burgundiones
452 2795 580 2834 vero
600 2787 873 2831 verterunt
893 2795 1056 2832 arma.
1099 2773 1294 2833 Postea
1322 2778 1536 2835 Francis
1570 2783 1629 2833 δε

12 2855 248 2914 Gotthis
266 2855 483 2916 societas
502 2860 632 2913 inita
650 2856 776 2912 belli
798 2859 852 2913 in
870 2859 1288 2938 Burgundiones
1311 2901 1328 2927 ,
1349 2878 1407 2917 ut
1427 2900 1442 2921 ‚
1462 2855 1630 2915 excisa

11 2955 177 3019 gente
197 2979 216 3010 ,
247 2956 412 3000 terras
441 2960 630 3000 eorum
653 2936 998 3019 possiderent.
1043 2961 1409 3013 convenerat,
1441 2959 1500 2997 ut
1520 2942 1626 2994 utri

1467 3039 1626 3078 com·-
