1888 3428
359 242 363 245 ,
441 178 491 237 E
570 200 605 238 L
686 198 724 236 ο
803 198 842 235 o
885 143 887 147 Ι
919 198 944 236 1
1021 201 1081 237 A.
1402 204 1513 264 137

101 263 367 322 Karolum
400 285 464 320 ex
495 259 656 344 *ipsa
677 301 694 331 ‚
732 266 825 342 qui
855 263 910 317 &
929 259 1050 341 post
1068 259 1275 341 ipsum
1261 284 1317 322 m
1340 269 1518 326 Suetia
1545 273 1567 297 ⁴*
1586 265 1747 307 Vlvffld‘*

26 346 304 429 regnabat,
317 342 556 425 suscepit

101 486 373 554 Henricus
387 486 716 549 Sueticarum
738 483 973 561 partium
990 482 1264 551 Pontifex.

558 618 681 687 Lib.
758 643 943 696 XIV.

104 750 209 804 Per.
225 744 410 802 eadem
430 760 675 828 tempora
708 745 970 808 Nicolaus
990 744 1137 803 urbis
1163 748 1362 805 Rotnae
1384 749 1542 825 Car-¹⁸

25 828 214 895 dinalis
234 824 601 883 Britannicum
620 823 930 903 permensus
950 828 1232 887 Oceanum
1255 870 1269 892 ‚
1302 832 1523 889 Norva-

24 915 169 991 giam
187 906 557 967 Lundenfium
575 907 746 967 adhuc
765 909 957 965 ditioni
978 929 1290 988 parentem,
1314 917 1522 971 immu-

22 994 193 1052 nitate
211 988 448 1049 concessa
466 1030 483 1058 ,
504 995 726 1065 maximi
745 989 1092 1072 pontificatus
1112 997 1279 1056 titulis
1294 994 1521 1076 insigni-

25 1076 121 1132 vit.
140 1074 324 1155 quod
309 1095 366 1131 in
387 1077 565 1131 Suetia
582 1094 805 1153 quoque
824 1074 1110 1152 legationis
1127 1075 1385 1154 potestate
1405 1099 1522 1157 per-

22 1178 183 1238 agere
201 1161 454 1236 cupien8‚
487 1156 833 1217 Sueonibu32
863 1162 917 1213 δε
950 1156 1181 1215 Gotthis
1199 1159 1263 1217 de
1297 1160 1430 1217 urbe
1463 1165 1521 1218 &

25 1237 251 1318 persona
263 1256 417 1296 tanto
438 1242 646 1297 muneri
667 1239 862 1301 idonea
877 1240 1208 1305 concordare
1230 1263 1520 1322 nequeun-
1568 1272 1578 1278 ε

27 1319 210 1392 tibuS,
229 1325 505 1380 certamini
523 1321 682 1381 decus
702 1325 939 1400 negavit

105 1461 147 1505 *
169 1458 472 1531 Eskillum
460 1463 626 1545 igitur
645 1460 908 1518 mandatis
926 1459 1237 1542 aggreffu3‚
1279 1463 1400 1541 plus
1418 1484 1520 1521 no
1551 1489 1778 1540 *κωμάσῃ

29 1542 392 1623 vaedignitatis
406 1565 569 1622 quam
589 1544 778 1602 veteris
794 1532 1020 1601 amiserit
1031 1564 1373 1623 recepturum
1389 1566 1521 1625 pro-
1538 1541 1753 1601 smpontfi.

28 1627 240 1683 mittit
228 1623 586 1697 definiensse
608 1641 796 1700 ereptae
820 1626 1107 1704 Norvagiae
1126 1626 1321 1682 damna
1341 1630 1524 1684 Sueti-
1547 1612 1634 1639 “m

26 1708 75 1770 ci
93 1709 350 1784 primatus
368 1727 591 1775 munere
611 1703 966 1799 pensaturutn.
1014 1710 1187 1783 rapuit
1206 1705 1525 1787 promissum

27 1787 258 1857 Eskillus
295 1788 597 1867 cupideque
630 1788 793 1865 legati
811 1790 1035 1865 copiam
1045 1786 1275 1867 flagitat.
1313 1794 1405 1869 qui
1427 1813 1523 1849 ve-

29 1873 183 1931 niens
214 1871 357 1952 apud
385 1870 557 1948 ipsum
576 1866 826 1935 futurum
848 1872 1049 1938 Suetici
1080 1868 1365 1940 sacerdotis
1396 1871 1523 1929 insi-—

32 1974 139 2033 gne
169 1951 447 2032 deposuit,
492 1952 733 2016 dandum
756 1954 803 2007 ei
822 1955 878 2008 in
900 1973 1064 2030 quem
1084 1971 1314 2011 concors
1348 1958 1528 2019 Sueo-

30 2056 165 2109 num
184 2035 639 2115 Gotthorumque
660 2030 971 2114 suffragium
990 2053 1132 2095 conv
1120 2034 1338 2094 eniffet.
1383 2084 1387 2088 .

17 2194 20 2197 ·
106 2174 312 2250 Eadem
331 2171 441 2233 fere
463 2160 774 2252 tempestate
809 2177 1138 2232 Suerconem
1159 2196 1380 2255 regem,
1416 2175 1522 2237 ser-

9 2292 12 2295 ·
34 2278 132 2317 vus
149 2261 242 2336 qui
261 2256 516 2318 cubiculo
532 2262 647 2333 ejus
669 2275 918 2336 praeerat,
953 2259 1126 2313 noctu
1158 2258 1525 2323 dormientem

8 2346 11 2349 ’
35 2330 326 2398 occiderat
353 2337 504 2418 quod
518 2337 682 2396 scelus
699 2339 946 2398 divinitas
963 2338 1106 2397 haud
1124 2337 1339 2421 segnius
1358 2364 1526 2421 quam

28 2420 221 2499 justius
239 2423 349 2478 ulta
368 2421 459 2478 est.
506 2443 629 2478 narn
649 2443 816 2500 parvo
847 2420 967 2500 post
993 2439 1242 2502 tempore
1263 2423 1525 2505 Magum,

35 2507 131 2583 qui
151 2503 364 2562 occulta
379 2504 638 2584 regnandi
658 2504 946 2587 cupiditate
964 2501 1116 2562 servo
1138 2506 1425 2584 peragendi
1437 2504 1529 2575 fi-

38 2589 234 2643 cinoris
252 2588 438 2661 aufior
455 2585 724 2651 exstiterat
737 2627 754 2652 ,
783 2589 839 2643 in
856 2608 924 2644 eo
944 2586 1203 2645 conflictu
1223 2609 1336 2667 quo
1354 2586 1530 2646 filium

42 2669 324 2726 Suerconis
338 2658 627 2743 Carolum,
646 2685 810 2749 quem·
830 2686 974 2747 patre
992 2669 1341 2749 spoliaverat,
1356 2692 1528 2753 regno

43 2749 202 2805 etiam
221 2771 413 2808 exuere
431 2750 710 2831 gestiebat,
723 2750 979 2810 sceleratae
996 2751 1426 2858 machinationis
1426 2774 1529 2834 pae-

41 2849 137 2900 nas
153 2850 327 2890 morte
345 2831 611 2914 persolvit.

126 2969 297 3042 Quod
314 2970 566 3058 religiosae
586 2976 923 3046 executionis
941 2973 1179 3038 officium
1197 3017 1216 3046 ,
1249 2979 1532 3034 Sueonum

814 3060 831 3113 i
877 3073 900 3134 5
1382 3055 1539 3114 ducis
