<?xml version="1.0" encoding="UTF-8"?>
<!DOCTYPE html PUBLIC "-//W3C//DTD XHTML 1.0 Transitional//EN"
    "http://www.w3.org/TR/xhtml1/DTD/xhtml1-transitional.dtd">
<html xmlns="http://www.w3.org/1999/xhtml" xml:lang="en" lang="en">
 <head>
  <title>
</title>
<meta http-equiv="Content-Type" content="text/html;charset=utf-8" />
  <meta name='ocr-system' content='tesseract 3.04.00' />
  <meta name='ocr-capabilities' content='ocr_page ocr_carea ocr_par ocr_line ocrx_word'/>
</head>
<body>
  <div class='ocr_page' id='page_1' title='image "./historiagotthoru00grot_0271.png"; bbox 0 0 1888 3428; ppageno 0'>
   <div class='ocr_carea' id='block_1_1' title="bbox 14 167 1664 3140">
    <p class='ocr_par' dir='ltr' id='par_1_1' title="bbox 14 167 1663 3051">
     <span class='ocr_line' id='line_1_1' title="bbox 191 167 1657 259; baseline 0.006 -28"><span class='ocrx_word' id='word_1_1' title='bbox 191 172 540 232; x_wconf 70' lang='lat' dir='ltr'><strong>HIS-font</strong></span> <span class='ocrx_word' id='word_1_2' title='bbox 562 187 613 227; x_wconf 61' lang='grc' dir='ltr'><em>Ε</em></span> <span class='ocrx_word' id='word_1_3' title='bbox 649 167 1125 228; x_wconf 56' lang='grc' dir='ltr'><strong>νΑὶέῑοΑιιοΕ</strong></span> <span class='ocrx_word' id='word_1_4' title='bbox 1165 171 1417 235; x_wconf 66' lang='lat' dir='ltr'>L11z.11.</span> <span class='ocrx_word' id='word_1_5' title='bbox 1534 175 1657 259; x_wconf 49' lang='lat' dir='ltr'><strong>105*x</strong></span> 
     </span>
     <span class='ocr_line' id='line_1_2' title="bbox 43 248 1655 334; baseline 0.004 -19"><span class='ocrx_word' id='word_1_6' title='bbox 43 277 266 315; x_wconf 86' lang='lat' dir='ltr'><strong>manum</strong></span> <span class='ocrx_word' id='word_1_7' title='bbox 299 256 594 333; x_wconf 85' lang='lat' dir='ltr'>Imperium</span> <span class='ocrx_word' id='word_1_8' title='bbox 625 248 931 311; x_wconf 69' lang='lat' dir='ltr'><strong>servassent.</strong></span> <span class='ocrx_word' id='word_1_9' title='bbox 993 252 1100 307; x_wconf 90' lang='lat' dir='ltr'><strong>His</strong></span> <span class='ocrx_word' id='word_1_10' title='bbox 1133 256 1336 312; x_wconf 87' lang='lat' dir='ltr'><strong>ultores</strong></span> <span class='ocrx_word' id='word_1_11' title='bbox 1370 261 1620 321; x_wconf 89' lang='lat' dir='ltr'><strong>venimus</strong></span> <span class='ocrx_word' id='word_1_12' title='bbox 1633 305 1655 334; x_wconf 90' lang='lat'>,</span> 
     </span>
     <span class='ocr_line' id='line_1_3' title="bbox 42 332 1658 418; baseline -0.001 -21"><span class='ocrx_word' id='word_1_13' title='bbox 42 341 145 397; x_wconf 88' lang='lat' dir='ltr'><strong>illis</strong></span> <span class='ocrx_word' id='word_1_14' title='bbox 178 336 304 396; x_wconf 66' lang='lat' dir='ltr'><strong>fatffi</strong></span> <span class='ocrx_word' id='word_1_15' title='bbox 338 339 495 395; x_wconf 88' lang='lat' dir='ltr'><strong>alieni</strong></span> <span class='ocrx_word' id='word_1_16' title='bbox 525 378 543 405; x_wconf 89' lang='lat'>‚</span> <span class='ocrx_word' id='word_1_17' title='bbox 593 338 774 392; x_wconf 85' lang='lat' dir='ltr'><strong>amicis</strong></span> <span class='ocrx_word' id='word_1_18' title='bbox 807 332 1122 412; x_wconf 86' lang='lat' dir='ltr'><strong>quondam.</strong></span> <span class='ocrx_word' id='word_1_19' title='bbox 1149 360 1152 363; x_wconf 60' lang='grc'><strong>’</strong></span> <span class='ocrx_word' id='word_1_20' title='bbox 1199 339 1420 418; x_wconf 83' lang='lat' dir='ltr'><strong>Qippe</strong></span> <span class='ocrx_word' id='word_1_21' title='bbox 1467 361 1658 404; x_wconf 72' lang='lat' dir='ltr'><strong>natura</strong></span> 
     </span>
     <span class='ocr_line' id='line_1_4' title="bbox 44 410 1651 497; baseline 0.005 -20"><span class='ocrx_word' id='word_1_22' title='bbox 44 410 642 478; x_wconf 42' lang='lat' dir='ltr'><strong>homines&#39;hominibus</strong></span> <span class='ocrx_word' id='word_1_23' title='bbox 674 437 849 495; x_wconf 90' lang='lat' dir='ltr'><strong>neque</strong></span> <span class='ocrx_word' id='word_1_24' title='bbox 877 415 1075 473; x_wconf 62' lang='lat' dir='ltr'><strong>addicti</strong></span> <span class='ocrx_word' id='word_1_25' title='bbox 1111 438 1290 497; x_wconf 89' lang='lat' dir='ltr'><strong>neque</strong></span> <span class='ocrx_word' id='word_1_26' title='bbox 1316 419 1493 481; x_wconf 85' lang='lat' dir='ltr'><strong>infesti</strong></span> <span class='ocrx_word' id='word_1_27' title='bbox 1511 426 1651 485; x_wconf 86' lang='lat' dir='ltr'><strong>sunt.</strong></span> 
     </span>
     <span class='ocr_line' id='line_1_5' title="bbox 44 496 1657 579; baseline -0.002 -20"><span class='ocrx_word' id='word_1_28' title='bbox 44 504 200 560; x_wconf 71' lang='lat' dir='ltr'><strong>133th</strong></span> <span class='ocrx_word' id='word_1_29' title='bbox 235 501 489 579; x_wconf 85' lang='lat' dir='ltr'><strong>cujusque</strong></span> <span class='ocrx_word' id='word_1_30' title='bbox 519 518 611 557; x_wconf 84' lang='lat' dir='ltr'><strong>aut</strong></span> <span class='ocrx_word' id='word_1_31' title='bbox 654 519 909 557; x_wconf 82' lang='lat' dir='ltr'><strong>connexu</strong></span> <span class='ocrx_word' id='word_1_32' title='bbox 946 496 1257 558; x_wconf 88' lang='lat' dir='ltr'><strong>societatem</strong></span> <span class='ocrx_word' id='word_1_33' title='bbox 1294 545 1311 570; x_wconf 87' lang='lat'>‚</span> <span class='ocrx_word' id='word_1_34' title='bbox 1347 523 1440 562; x_wconf 89' lang='lat' dir='ltr'><strong>aut</strong></span> <span class='ocrx_word' id='word_1_35' title='bbox 1476 507 1657 567; x_wconf 73' lang='lat' dir='ltr'><strong>diver-</strong></span> 
     </span>
     <span class='ocr_line' id='line_1_6' title="bbox 43 564 1659 660; baseline 0.004 -18"><span class='ocrx_word' id='word_1_36' title='bbox 43 564 192 642; x_wconf 62' lang='lat' dir='ltr'><strong>fiiate</strong></span> <span class='ocrx_word' id='word_1_37' title='bbox 211 576 562 641; x_wconf 48' lang='lat' dir='ltr'><strong>¹*inimicitiam</strong></span> <span class='ocrx_word' id='word_1_38' title='bbox 595 583 950 660; x_wconf 82' lang='lat' dir='ltr'>provocantia</span> <span class='ocrx_word' id='word_1_39' title='bbox 971 622 987 648; x_wconf 91' lang='lat'>,</span> <span class='ocrx_word' id='word_1_40' title='bbox 1017 584 1146 639; x_wconf 87' lang='lat' dir='ltr'><strong>alios</strong></span> <span class='ocrx_word' id='word_1_41' title='bbox 1181 585 1344 642; x_wconf 92' lang='lat' dir='ltr'><strong>nobis</strong></span> <span class='ocrx_word' id='word_1_42' title='bbox 1375 607 1526 646; x_wconf 89' lang='lat' dir='ltr'><strong>caros</strong></span> <span class='ocrx_word' id='word_1_43' title='bbox 1553 632 1570 660; x_wconf 86' lang='lat'>‚</span> <span class='ocrx_word' id='word_1_44' title='bbox 1601 612 1659 648; x_wconf 90' lang='lat' dir='ltr'><strong>a-</strong></span> 
     </span>
     <span class='ocr_line' id='line_1_7' title="bbox 41 664 1658 752; baseline 0.006 -29"><span class='ocrx_word' id='word_1_45' title='bbox 41 667 143 725; x_wconf 89' lang='lat' dir='ltr'><strong>lios</strong></span> <span class='ocrx_word' id='word_1_46' title='bbox 165 665 370 725; x_wconf 62' lang='lat' dir='ltr'><strong>⁴exosos</strong></span> <span class='ocrx_word' id='word_1_47' title='bbox 406 664 631 722; x_wconf 89' lang='lat' dir='ltr'><strong>faciunt.</strong></span> <span class='ocrx_word' id='word_1_48' title='bbox 684 669 764 720; x_wconf 91' lang='lat' dir='ltr'><strong>Ire</strong></span> <span class='ocrx_word' id='word_1_49' title='bbox 796 665 964 742; x_wconf 85' lang='lat' dir='ltr'><strong>igitur</strong></span> <span class='ocrx_word' id='word_1_50' title='bbox 999 685 1101 721; x_wconf 88' lang='lat' dir='ltr'><strong>nos</strong></span> <span class='ocrx_word' id='word_1_51' title='bbox 1148 665 1425 727; x_wconf 88' lang='lat' dir='ltr'><strong>adversum</strong></span> <span class='ocrx_word' id='word_1_52' title='bbox 1457 673 1658 752; x_wconf 84' lang='lat' dir='ltr'><strong>impios</strong></span> 
     </span>
     <span class='ocr_line' id='line_1_8' title="bbox 42 744 1660 831; baseline 0.007 -26"><span class='ocrx_word' id='word_1_53' title='bbox 42 770 100 805; x_wconf 88' lang='lat' dir='ltr'><strong>ac</strong></span> <span class='ocrx_word' id='word_1_54' title='bbox 147 749 441 826; x_wconf 86' lang='lat' dir='ltr'><strong>perduelles</strong></span> <span class='ocrx_word' id='word_1_55' title='bbox 487 745 604 805; x_wconf 89' lang='lat' dir='ltr'><strong>satis</strong></span> <span class='ocrx_word' id='word_1_56' title='bbox 634 744 1065 823; x_wconf 84' lang='lat' dir='ltr'><strong>demonstratum</strong></span> <span class='ocrx_word' id='word_1_57' title='bbox 1099 746 1212 804; x_wconf 91' lang='lat' dir='ltr'><strong>esto</strong></span> <span class='ocrx_word' id='word_1_58' title='bbox 1258 771 1271 806; x_wconf 91' lang='lat'>:</span> <span class='ocrx_word' id='word_1_59' title='bbox 1320 749 1554 831; x_wconf 86' lang='lat' dir='ltr'><strong>superest</strong></span> <span class='ocrx_word' id='word_1_60' title='bbox 1597 775 1660 817; x_wconf 88' lang='lat' dir='ltr'><strong>ut</strong></span> 
     </span>
     <span class='ocr_line' id='line_1_9' title="bbox 42 827 1661 918; baseline 0.006 -29"><span class='ocrx_word' id='word_1_61' title='bbox 42 836 97 889; x_wconf 77' lang='grc' dir='ltr'><strong>δε</strong></span> <span class='ocrx_word' id='word_1_62' title='bbox 130 829 566 887; x_wconf 87' lang='lat' dir='ltr'><strong>contemnendos</strong></span> <span class='ocrx_word' id='word_1_63' title='bbox 600 827 900 903; x_wconf 89' lang='lat' dir='ltr'><strong>ostendam.</strong></span> <span class='ocrx_word' id='word_1_64' title='bbox 945 829 1012 886; x_wconf 92' lang='lat' dir='ltr'><strong>ab</strong></span> <span class='ocrx_word' id='word_1_65' title='bbox 1048 828 1340 889; x_wconf 88' lang='lat' dir='ltr'><strong>hominum</strong></span> <span class='ocrx_word' id='word_1_66' title='bbox 1374 835 1531 894; x_wconf 85' lang='lat' dir='ltr'><strong>turba</strong></span> <span class='ocrx_word' id='word_1_67' title='bbox 1561 843 1661 918; x_wconf 86' lang='lat' dir='ltr'><strong>qui</strong></span> 
     </span>
     <span class='ocr_line' id='line_1_10' title="bbox 43 909 1662 994; baseline 0.006 -23"><span class='ocrx_word' id='word_1_68' title='bbox 43 914 294 994; x_wconf 83' lang='lat' dir='ltr'><strong>nonlege</strong></span> <span class='ocrx_word' id='word_1_69' title='bbox 316 933 374 970; x_wconf 92' lang='lat' dir='ltr'><strong>ac</strong></span> <span class='ocrx_word' id='word_1_70' title='bbox 394 910 665 981; x_wconf 82' lang='lat' dir='ltr'><strong>moribuS‚</strong></span> <span class='ocrx_word' id='word_1_71' title='bbox 684 909 774 969; x_wconf 91' lang='lat' dir='ltr'><strong>sed</strong></span> <span class='ocrx_word' id='word_1_72' title='bbox 792 912 857 969; x_wconf 92' lang='lat' dir='ltr'><strong>ad</strong></span> <span class='ocrx_word' id='word_1_73' title='bbox 875 915 1092 989; x_wconf 86' lang='lat' dir='ltr'><strong>injurias</strong></span> <span class='ocrx_word' id='word_1_74' title='bbox 1110 917 1285 972; x_wconf 86' lang='lat' dir='ltr'><strong>coiere</strong></span> <span class='ocrx_word' id='word_1_75' title='bbox 1299 957 1314 983; x_wconf 92' lang='lat'><strong><em>,</em></strong></span> <span class='ocrx_word' id='word_1_76' title='bbox 1335 913 1498 976; x_wconf 90' lang='lat' dir='ltr'><strong>fortia</strong></span> <span class='ocrx_word' id='word_1_77' title='bbox 1522 918 1662 981; x_wconf 65' lang='lat' dir='ltr'><strong>facta</strong></span> 
     </span>
     <span class='ocr_line' id='line_1_11' title="bbox 41 988 1658 1075; baseline 0.007 -23"><span class='ocrx_word' id='word_1_78' title='bbox 41 998 161 1075; x_wconf 90' lang='lat' dir='ltr'><strong>quis</strong></span> <span class='ocrx_word' id='word_1_79' title='bbox 191 988 452 1074; x_wconf 60' lang='lat' dir='ltr'><strong>exspectet</strong></span> <span class='ocrx_word' id='word_1_80' title='bbox 483 1002 506 1053; x_wconf 88' lang='lat'>?</span> <span class='ocrx_word' id='word_1_81' title='bbox 548 993 749 1073; x_wconf 87' lang='lat' dir='ltr'><strong>Neque</strong></span> <span class='ocrx_word' id='word_1_82' title='bbox 786 998 932 1053; x_wconf 89' lang='lat' dir='ltr'><strong>enim</strong></span> <span class='ocrx_word' id='word_1_83' title='bbox 971 999 1076 1073; x_wconf 88' lang='lat' dir='ltr'><strong>pati</strong></span> <span class='ocrx_word' id='word_1_84' title='bbox 1114 997 1290 1075; x_wconf 87' lang='lat' dir='ltr'><strong>potest</strong></span> <span class='ocrx_word' id='word_1_85' title='bbox 1326 1003 1497 1059; x_wconf 85' lang='lat' dir='ltr'><strong>virtus</strong></span> <span class='ocrx_word' id='word_1_86' title='bbox 1532 1026 1658 1063; x_wconf 86' lang='lat' dir='ltr'><strong>cum</strong></span> 
     </span>
     <span class='ocr_line' id='line_1_12' title="bbox 41 1075 1662 1160; baseline 0.007 -25"><span class='ocrx_word' id='word_1_87' title='bbox 41 1076 320 1136; x_wconf 83' lang='lat' dir='ltr'><strong>sceleribus</strong></span> <span class='ocrx_word' id='word_1_88' title='bbox 352 1077 586 1136; x_wconf 89' lang='lat' dir='ltr'><strong>habitare</strong></span> <span class='ocrx_word' id='word_1_89' title='bbox 619 1099 633 1133; x_wconf 88' lang='lat'>:</span> <span class='ocrx_word' id='word_1_90' title='bbox 672 1078 837 1159; x_wconf 82' lang='lat' dir='ltr'><strong>longe</strong></span> <span class='ocrx_word' id='word_1_91' title='bbox 869 1075 898 1134; x_wconf 72' lang='grc' dir='ltr'>ὲ</span> <span class='ocrx_word' id='word_1_92' title='bbox 922 1075 1278 1157; x_wconf 87' lang='lat' dir='ltr'><strong>seimprobos</strong></span> <span class='ocrx_word' id='word_1_93' title='bbox 1294 1080 1511 1160; x_wconf 87' lang='lat' dir='ltr'><strong>spernit.</strong></span> <span class='ocrx_word' id='word_1_94' title='bbox 1555 1087 1662 1146; x_wconf 89' lang='lat' dir='ltr'><strong>Sed</strong></span> 
     </span>
     <span class='ocr_line' id='line_1_13' title="bbox 39 1158 1659 1247; baseline 0.005 -29"><span class='ocrx_word' id='word_1_95' title='bbox 39 1181 216 1240; x_wconf 90' lang='lat' dir='ltr'><strong>neque</strong></span> <span class='ocrx_word' id='word_1_96' title='bbox 235 1159 564 1238; x_wconf 87' lang='lat' dir='ltr'><strong>disciplinam</strong></span> <span class='ocrx_word' id='word_1_97' title='bbox 582 1160 636 1216; x_wconf 90' lang='lat' dir='ltr'><strong>hi</strong></span> <span class='ocrx_word' id='word_1_98' title='bbox 656 1158 960 1228; x_wconf 82' lang='lat' dir='ltr'><strong>servabunt,</strong></span> <span class='ocrx_word' id='word_1_99' title='bbox 980 1182 1156 1240; x_wconf 85' lang='lat' dir='ltr'><strong>neque</strong></span> <span class='ocrx_word' id='word_1_100' title='bbox 1178 1167 1371 1223; x_wconf 87' lang='lat' dir='ltr'><strong>Stotzae</strong></span> <span class='ocrx_word' id='word_1_101' title='bbox 1388 1168 1544 1225; x_wconf 69' lang='lat' dir='ltr'><strong>dietis</strong></span> <span class='ocrx_word' id='word_1_102' title='bbox 1561 1191 1659 1247; x_wconf 81' lang='lat' dir='ltr'><strong>pa—</strong></span> 
     </span>
     <span class='ocr_line' id='line_1_14' title="bbox 38 1243 1663 1317; baseline 0.007 -18"><span class='ocrx_word' id='word_1_103' title='bbox 38 1261 216 1300; x_wconf 89' lang='lat' dir='ltr'><strong>rentes</strong></span> <span class='ocrx_word' id='word_1_104' title='bbox 247 1260 424 1299; x_wconf 87' lang='lat' dir='ltr'><strong>erunt.</strong></span> <span class='ocrx_word' id='word_1_105' title='bbox 464 1245 688 1301; x_wconf 88' lang='lat' dir='ltr'><strong>Novam</strong></span> <span class='ocrx_word' id='word_1_106' title='bbox 721 1246 868 1299; x_wconf 90' lang='lat' dir='ltr'><strong>enim</strong></span> <span class='ocrx_word' id='word_1_107' title='bbox 901 1243 1336 1303; x_wconf 78' lang='lat' dir='ltr'><strong>dominationem</strong></span> <span class='ocrx_word' id='word_1_108' title='bbox 1358 1290 1377 1317; x_wconf 89' lang='lat'>,</span> <span class='ocrx_word' id='word_1_109' title='bbox 1409 1251 1663 1310; x_wconf 86' lang='lat' dir='ltr'><strong>nondum</strong></span> 
     </span>
     <span class='ocr_line' id='line_1_15' title="bbox 42 1322 1660 1403; baseline 0.007 -22"><span class='ocrx_word' id='word_1_110' title='bbox 42 1325 273 1383; x_wconf 86' lang='lat' dir='ltr'><strong>audendi</strong></span> <span class='ocrx_word' id='word_1_111' title='bbox 288 1331 376 1401; x_wconf 86' lang='lat' dir='ltr'><strong>jus</strong></span> <span class='ocrx_word' id='word_1_112' title='bbox 396 1322 734 1381; x_wconf 85' lang='lat' dir='ltr'><strong>consecutam</strong></span> <span class='ocrx_word' id='word_1_113' title='bbox 755 1366 772 1392; x_wconf 88' lang='lat'>,</span> <span class='ocrx_word' id='word_1_114' title='bbox 800 1325 840 1398; x_wconf 65' lang='lat' dir='ltr'><strong>a⁸</strong></span> <span class='ocrx_word' id='word_1_115' title='bbox 857 1328 1022 1403; x_wconf 87' lang='lat' dir='ltr'><strong>vulgo</strong></span> <span class='ocrx_word' id='word_1_116' title='bbox 1044 1333 1323 1385; x_wconf 87' lang='lat' dir='ltr'><strong>contemni</strong></span> <span class='ocrx_word' id='word_1_117' title='bbox 1342 1332 1543 1390; x_wconf 83' lang='lat' dir='ltr'><strong>neceffe</strong></span> <span class='ocrx_word' id='word_1_118' title='bbox 1563 1334 1660 1395; x_wconf 83' lang='lat' dir='ltr'><strong>est.</strong></span> 
     </span>
     <span class='ocr_line' id='line_1_16' title="bbox 14 1406 1659 1495; baseline 0.007 -32"><span class='ocrx_word' id='word_1_119' title='bbox 14 1408 241 1485; x_wconf 89' lang='lat' dir='ltr'><strong>·Neque</strong></span> <span class='ocrx_word' id='word_1_120' title='bbox 270 1408 417 1463; x_wconf 84' lang='lat' dir='ltr'><strong>enim</strong></span> <span class='ocrx_word' id='word_1_121' title='bbox 454 1424 545 1465; x_wconf 87' lang='lat' dir='ltr'><strong>aut</strong></span> <span class='ocrx_word' id='word_1_122' title='bbox 582 1408 795 1463; x_wconf 83' lang='lat' dir='ltr'><strong>caritate</strong></span> <span class='ocrx_word' id='word_1_123' title='bbox 824 1406 1095 1464; x_wconf 87' lang='lat' dir='ltr'><strong>honorem</strong></span> <span class='ocrx_word' id='word_1_124' title='bbox 1128 1408 1445 1490; x_wconf 73' lang='lat' dir='ltr'><strong>assequitur,</strong></span> <span class='ocrx_word' id='word_1_125' title='bbox 1481 1437 1577 1495; x_wconf 88' lang='lat' dir='ltr'><strong>per</strong></span> <span class='ocrx_word' id='word_1_126' title='bbox 1606 1410 1659 1475; x_wconf 86' lang='lat' dir='ltr'><strong>se</strong></span> 
     </span>
     <span class='ocr_line' id='line_1_17' title="bbox 43 1488 1663 1578; baseline 0.006 -31"><span class='ocrx_word' id='word_1_127' title='bbox 43 1489 230 1548; x_wconf 89' lang='lat' dir='ltr'><strong>odiosa</strong></span> <span class='ocrx_word' id='word_1_128' title='bbox 265 1511 279 1544; x_wconf 73' lang='grc' dir='ltr'><strong>ε</strong></span> <span class='ocrx_word' id='word_1_129' title='bbox 312 1510 487 1568; x_wconf 91' lang='lat' dir='ltr'><strong>neque</strong></span> <span class='ocrx_word' id='word_1_130' title='bbox 522 1506 672 1545; x_wconf 90' lang='lat' dir='ltr'><strong>metu</strong></span> <span class='ocrx_word' id='word_1_131' title='bbox 701 1496 854 1546; x_wconf 88' lang='lat' dir='ltr'><strong>tenet</strong></span> <span class='ocrx_word' id='word_1_132' title='bbox 883 1488 1171 1559; x_wconf 71' lang='lat' dir='ltr'><strong>subdit03,&#39;</strong></span> <span class='ocrx_word' id='word_1_133' title='bbox 1197 1495 1311 1556; x_wconf 72' lang='lat' dir='ltr'><strong>non</strong></span> <span class='ocrx_word' id='word_1_134' title='bbox 1332 1495 1534 1555; x_wconf 77' lang='lat' dir='ltr'><strong>habens</strong></span> <span class='ocrx_word' id='word_1_135' title='bbox 1552 1498 1663 1578; x_wconf 86' lang='lat' dir='ltr'><strong>ipsa</strong></span> 
     </span>
     <span class='ocr_line' id='line_1_18' title="bbox 41 1568 1662 1653; baseline 0.007 -24"><span class='ocrx_word' id='word_1_136' title='bbox 41 1594 148 1653; x_wconf 88' lang='lat' dir='ltr'><strong>prae</strong></span> <span class='ocrx_word' id='word_1_137' title='bbox 166 1570 458 1630; x_wconf 83' lang='lat' dir='ltr'><strong>formidine</strong></span> <span class='ocrx_word' id='word_1_138' title='bbox 484 1571 782 1650; x_wconf 87' lang='lat' dir='ltr'><strong>imperandi</strong></span> <span class='ocrx_word' id='word_1_139' title='bbox 807 1568 1083 1629; x_wconf 88' lang='lat' dir='ltr'><strong>fiduciam.</strong></span> <span class='ocrx_word' id='word_1_140' title='bbox 1125 1573 1323 1633; x_wconf 85' lang='lat' dir='ltr'><strong>Faciles</strong></span> <span class='ocrx_word' id='word_1_141' title='bbox 1340 1598 1520 1636; x_wconf 89' lang='lat' dir='ltr'><strong>autem</strong></span> <span class='ocrx_word' id='word_1_142' title='bbox 1535 1586 1662 1639; x_wconf 93' lang='lat' dir='ltr'><strong>vin-</strong></span> 
     </span>
     <span class='ocr_line' id='line_1_19' title="bbox 42 1647 1660 1741; baseline 0.006 -29"><span class='ocrx_word' id='word_1_143' title='bbox 42 1659 111 1723; x_wconf 90' lang='lat' dir='ltr'><strong>ci,</strong></span> <span class='ocrx_word' id='word_1_144' title='bbox 131 1647 330 1733; x_wconf 89' lang='lat' dir='ltr'><strong>quibus</strong></span> <span class='ocrx_word' id='word_1_145' title='bbox 347 1655 635 1732; x_wconf 88' lang='lat' dir='ltr'><strong>imperium</strong></span> <span class='ocrx_word' id='word_1_146' title='bbox 655 1657 713 1707; x_wconf 47' lang='lat'><strong>⁴&amp;</strong></span> <span class='ocrx_word' id='word_1_147' title='bbox 735 1655 907 1709; x_wconf 81' lang='lat' dir='ltr'><strong>virtus</strong></span> <span class='ocrx_word' id='word_1_148' title='bbox 924 1652 1084 1709; x_wconf 88' lang='lat' dir='ltr'><strong>abest.</strong></span> <span class='ocrx_word' id='word_1_149' title='bbox 1131 1677 1296 1734; x_wconf 87' lang='lat' dir='ltr'><strong>quare</strong></span> <span class='ocrx_word' id='word_1_150' title='bbox 1316 1680 1520 1741; x_wconf 86' lang='lat' dir='ltr'><strong>magno</strong></span> <span class='ocrx_word' id='word_1_151' title='bbox 1540 1668 1660 1722; x_wconf 89' lang='lat' dir='ltr'><strong>ani-</strong></span> 
     </span>
     <span class='ocr_line' id='line_1_20' title="bbox 43 1728 1658 1826; baseline 0.005 -32"><span class='ocrx_word' id='word_1_152' title='bbox 43 1758 140 1794; x_wconf 87' lang='lat' dir='ltr'><strong>mo</strong></span> <span class='ocrx_word' id='word_1_153' title='bbox 157 1779 173 1806; x_wconf 91' lang='lat'>‚</span> <span class='ocrx_word' id='word_1_154' title='bbox 200 1748 265 1792; x_wconf 67' lang='lat' dir='ltr'><strong>‘ut</strong></span> <span class='ocrx_word' id='word_1_155' title='bbox 280 1742 334 1794; x_wconf 89' lang='lat' dir='ltr'><strong>in</strong></span> <span class='ocrx_word' id='word_1_156' title='bbox 356 1728 505 1792; x_wconf 88' lang='lat' dir='ltr'><strong>nihili</strong></span> <span class='ocrx_word' id='word_1_157' title='bbox 523 1733 776 1791; x_wconf 89' lang='lat' dir='ltr'><strong>homines</strong></span> <span class='ocrx_word' id='word_1_158' title='bbox 796 1775 812 1800; x_wconf 90' lang='lat'>,</span> <span class='ocrx_word' id='word_1_159' title='bbox 845 1735 1088 1792; x_wconf 90' lang='lat' dir='ltr'><strong>eundum</strong></span> <span class='ocrx_word' id='word_1_160' title='bbox 1110 1739 1200 1794; x_wconf 83' lang='lat' dir='ltr'><strong>est.</strong></span> <span class='ocrx_word' id='word_1_161' title='bbox 1228 1740 1361 1797; x_wconf 66' lang='lat' dir='ltr'><strong>*non</strong></span> <span class='ocrx_word' id='word_1_162' title='bbox 1383 1747 1528 1801; x_wconf 89' lang='lat' dir='ltr'><strong>enim</strong></span> <span class='ocrx_word' id='word_1_163' title='bbox 1550 1768 1658 1826; x_wconf 78' lang='lat' dir='ltr'><strong>pu·-</strong></span> 
     </span>
     <span class='ocr_line' id='line_1_21' title="bbox 18 1814 1660 1900; baseline 0.009 -26"><span class='ocrx_word' id='word_1_164' title='bbox 18 1827 21 1831; x_wconf 75' lang='grc'><em>’</em></span> <span class='ocrx_word' id='word_1_165' title='bbox 44 1820 329 1900; x_wconf 80' lang='lat' dir='ltr'><strong>gnantium</strong></span> <span class='ocrx_word' id='word_1_166' title='bbox 364 1837 595 1874; x_wconf 88' lang='lat' dir='ltr'><strong>numero</strong></span> <span class='ocrx_word' id='word_1_167' title='bbox 615 1858 632 1885; x_wconf 84' lang='lat'>,</span> <span class='ocrx_word' id='word_1_168' title='bbox 668 1814 755 1874; x_wconf 89' lang='lat' dir='ltr'><strong>sed</strong></span> <span class='ocrx_word' id='word_1_169' title='bbox 773 1814 1043 1894; x_wconf 82' lang='lat' dir='ltr'><strong>disciplina</strong></span> <span class='ocrx_word' id='word_1_170' title='bbox 1061 1839 1118 1875; x_wconf 91' lang='lat' dir='ltr'><strong>ac</strong></span> <span class='ocrx_word' id='word_1_171' title='bbox 1131 1818 1453 1883; x_wconf 86' lang='lat' dir='ltr'><strong>fortitudine</strong></span> <span class='ocrx_word' id='word_1_172' title='bbox 1473 1824 1660 1890; x_wconf 82' lang='lat' dir='ltr'><strong>bellica</strong></span> 
     </span>
     <span class='ocr_line' id='line_1_22' title="bbox 45 1899 1659 1970; baseline 0.007 -12"><span class='ocrx_word' id='word_1_173' title='bbox 45 1905 124 1958; x_wconf 80' lang='lat' dir='ltr'><strong>vis</strong></span> <span class='ocrx_word' id='word_1_174' title='bbox 142 1899 427 1964; x_wconf 78' lang='lat' dir='ltr'><strong>metienda.</strong></span> <span class='ocrx_word' id='word_1_175' title='bbox 470 1901 607 1956; x_wconf 80' lang='lat' dir='ltr'><strong>Haec</strong></span> <span class='ocrx_word' id='word_1_176' title='bbox 637 1917 788 1955; x_wconf 87' lang='lat' dir='ltr'><strong>erant</strong></span> <span class='ocrx_word' id='word_1_177' title='bbox 810 1899 1039 1957; x_wconf 81' lang='lat' dir='ltr'><strong>Belisarii</strong></span> <span class='ocrx_word' id='word_1_178' title='bbox 1057 1901 1416 1965; x_wconf 88' lang='lat' dir='ltr'><strong>hortamenta.</strong></span> <span class='ocrx_word' id='word_1_179' title='bbox 1457 1909 1542 1967; x_wconf 90' lang='lat' dir='ltr'><strong>Ex</strong></span> <span class='ocrx_word' id='word_1_180' title='bbox 1562 1913 1659 1970; x_wconf 55' lang='lat' dir='ltr'><strong>ad÷</strong></span> 
     </span>
     <span class='ocr_line' id='line_1_23' title="bbox 43 1979 1658 2063; baseline 0.006 -21"><span class='ocrx_word' id='word_1_181' title='bbox 43 1981 192 2042; x_wconf 85' lang='lat' dir='ltr'><strong>verso</strong></span> <span class='ocrx_word' id='word_1_182' title='bbox 214 1986 411 2042; x_wconf 85' lang='lat' dir='ltr'><strong>Stotzae</strong></span> <span class='ocrx_word' id='word_1_183' title='bbox 430 1983 494 2039; x_wconf 91' lang='lat' dir='ltr'><strong>ad</strong></span> <span class='ocrx_word' id='word_1_184' title='bbox 511 1979 636 2039; x_wconf 87' lang='lat' dir='ltr'><strong>suos</strong></span> <span class='ocrx_word' id='word_1_185' title='bbox 662 1982 819 2039; x_wconf 85' lang='lat' dir='ltr'><strong>talia:</strong></span> <span class='ocrx_word' id='word_1_186' title='bbox 847 1986 966 2039; x_wconf 87' lang='lat' dir='ltr'><strong>Vos</strong></span> <span class='ocrx_word' id='word_1_187' title='bbox 995 1989 1089 2063; x_wconf 90' lang='lat' dir='ltr'><strong>qui</strong></span> <span class='ocrx_word' id='word_1_188' title='bbox 1110 2007 1326 2045; x_wconf 89' lang='lat' dir='ltr'><strong>mecum</strong></span> <span class='ocrx_word' id='word_1_189' title='bbox 1346 1992 1658 2053; x_wconf 84' lang='lat' dir='ltr'><strong>Romanam</strong></span> 
     </span>
     <span class='ocr_line' id='line_1_24' title="bbox 34 2064 1659 2155; baseline 0.006 -31"><span class='ocrx_word' id='word_1_190' title='bbox 34 2064 348 2126; x_wconf 80' lang='lat' dir='ltr'><strong>servitutem</strong></span> <span class='ocrx_word' id='word_1_191' title='bbox 381 2065 629 2132; x_wconf 81' lang='lat' dir='ltr'><strong>exuistiS,</strong></span> <span class='ocrx_word' id='word_1_192' title='bbox 664 2086 731 2121; x_wconf 90' lang='lat' dir='ltr'><strong>ne</strong></span> <span class='ocrx_word' id='word_1_193' title='bbox 763 2064 994 2123; x_wconf 87' lang='lat' dir='ltr'><strong>recusate</strong></span> <span class='ocrx_word' id='word_1_194' title='bbox 1025 2087 1282 2146; x_wconf 86' lang='lat' dir='ltr'><strong>oppetere</strong></span> <span class='ocrx_word' id='word_1_195' title='bbox 1304 2091 1539 2131; x_wconf 87' lang='lat' dir='ltr'><strong>mortem</strong></span> <span class='ocrx_word' id='word_1_196' title='bbox 1559 2097 1659 2155; x_wconf 90' lang='lat' dir='ltr'><strong>pro</strong></span> 
     </span>
     <span class='ocr_line' id='line_1_25' title="bbox 45 2148 1659 2231; baseline 0.008 -27"><span class='ocrx_word' id='word_1_197' title='bbox 45 2148 285 2207; x_wconf 86' lang='lat' dir='ltr'><strong>libertate</strong></span> <span class='ocrx_word' id='word_1_198' title='bbox 306 2191 322 2217; x_wconf 91' lang='lat'>‚</span> <span class='ocrx_word' id='word_1_199' title='bbox 340 2169 458 2227; x_wconf 84' lang='lat' dir='ltr'><strong>quae</strong></span> <span class='ocrx_word' id='word_1_200' title='bbox 477 2148 636 2208; x_wconf 90' lang='lat' dir='ltr'><strong>vobis</strong></span> <span class='ocrx_word' id='word_1_201' title='bbox 654 2150 791 2205; x_wconf 87' lang='lat' dir='ltr'><strong>virili</strong></span> <span class='ocrx_word' id='word_1_202' title='bbox 814 2150 997 2206; x_wconf 89' lang='lat' dir='ltr'><strong>animo</strong></span> <span class='ocrx_word' id='word_1_203' title='bbox 1019 2155 1250 2231; x_wconf 82' lang='lat' dir='ltr'><strong>egregiis</strong></span> <span class='ocrx_word' id='word_1_204' title='bbox 1268 2175 1393 2212; x_wconf 90' lang='lat' dir='ltr'><strong>cum</strong></span> <span class='ocrx_word' id='word_1_205' title='bbox 1407 2157 1659 2217; x_wconf 83' lang='lat' dir='ltr'><strong>laudibus</strong></span> 
     </span>
     <span class='ocr_line' id='line_1_26' title="bbox 43 2231 1659 2311; baseline 0.007 -24"><span class='ocrx_word' id='word_1_206' title='bbox 43 2241 190 2309; x_wconf 83' lang='lat' dir='ltr'><strong>parta</strong></span> <span class='ocrx_word' id='word_1_207' title='bbox 204 2231 310 2290; x_wconf 85' lang='lat' dir='ltr'><strong>·est.·</strong></span> <span class='ocrx_word' id='word_1_208' title='bbox 342 2232 541 2310; x_wconf 88' lang='lat' dir='ltr'><strong>Neque</strong></span> <span class='ocrx_word' id='word_1_209' title='bbox 574 2234 719 2287; x_wconf 88' lang='lat' dir='ltr'><strong>enim</strong></span> <span class='ocrx_word' id='word_1_210' title='bbox 738 2249 859 2289; x_wconf 54' lang='lat' dir='ltr'><strong>tam‘</strong></span> <span class='ocrx_word' id='word_1_211' title='bbox 869 2252 1027 2311; x_wconf 85' lang='lat' dir='ltr'><strong>grave</strong></span> <span class='ocrx_word' id='word_1_212' title='bbox 1046 2231 1119 2289; x_wconf 93' lang='lat' dir='ltr'><strong>est</strong></span> <span class='ocrx_word' id='word_1_213' title='bbox 1139 2255 1264 2292; x_wconf 89' lang='lat' dir='ltr'><strong>cum</strong></span> <span class='ocrx_word' id='word_1_214' title='bbox 1283 2236 1387 2295; x_wconf 91' lang='lat' dir='ltr'><strong>suis</strong></span> <span class='ocrx_word' id='word_1_215' title='bbox 1407 2242 1560 2297; x_wconf 88' lang='lat' dir='ltr'><strong>malis</strong></span> <span class='ocrx_word' id='word_1_216' title='bbox 1580 2240 1659 2298; x_wconf 88' lang='lat' dir='ltr'><strong>se-</strong></span> 
     </span>
     <span class='ocr_line' id='line_1_27' title="bbox 44 2311 1663 2392; baseline 0.007 -22"><span class='ocrx_word' id='word_1_217' title='bbox 44 2311 346 2373; x_wconf 83' lang='lat' dir='ltr'><strong>nescentem</strong></span> <span class='ocrx_word' id='word_1_218' title='bbox 367 2316 508 2371; x_wconf 85' lang='lat' dir='ltr'><strong>mori</strong></span> <span class='ocrx_word' id='word_1_219' title='bbox 529 2354 545 2381; x_wconf 91' lang='lat'>‚</span> <span class='ocrx_word' id='word_1_220' title='bbox 582 2334 746 2392; x_wconf 83' lang='lat' dir='ltr'><strong>quam</strong></span> <span class='ocrx_word' id='word_1_221' title='bbox 774 2318 828 2370; x_wconf 92' lang='lat' dir='ltr'><strong>in</strong></span> <span class='ocrx_word' id='word_1_222' title='bbox 847 2335 1111 2374; x_wconf 87' lang='lat' dir='ltr'><strong>aerumnas</strong></span> <span class='ocrx_word' id='word_1_223' title='bbox 1138 2316 1301 2376; x_wconf 88' lang='lat' dir='ltr'><strong>semel</strong></span> <span class='ocrx_word' id='word_1_224' title='bbox 1320 2326 1507 2379; x_wconf 88' lang='lat' dir='ltr'><strong>vitatas</strong></span> <span class='ocrx_word' id='word_1_225' title='bbox 1526 2326 1663 2381; x_wconf 88' lang='lat' dir='ltr'><strong>reci-</strong></span> 
     </span>
     <span class='ocr_line' id='line_1_28' title="bbox 42 2397 1663 2478; baseline 0.009 -26"><span class='ocrx_word' id='word_1_226' title='bbox 42 2397 207 2453; x_wconf 71' lang='lat' dir='ltr'><strong>dere.›</strong></span> <span class='ocrx_word' id='word_1_227' title='bbox 253 2398 496 2454; x_wconf 86' lang='lat' dir='ltr'><strong>medium</strong></span> <span class='ocrx_word' id='word_1_228' title='bbox 526 2398 673 2455; x_wconf 88' lang='lat' dir='ltr'><strong>enim</strong></span> <span class='ocrx_word' id='word_1_229' title='bbox 711 2414 927 2475; x_wconf 90' lang='lat' dir='ltr'><strong>tempus</strong></span> <span class='ocrx_word' id='word_1_230' title='bbox 973 2397 1191 2478; x_wconf 77' lang='lat' dir='ltr'><strong>gustatae</strong></span> <span class='ocrx_word' id='word_1_231' title='bbox 1221 2397 1489 2462; x_wconf 83' lang='lat' dir='ltr'><strong>felicitatis</strong></span> <span class='ocrx_word' id='word_1_232' title='bbox 1517 2404 1663 2466; x_wconf 88' lang='lat' dir='ltr'><strong>haud</strong></span> 
     </span>
     <span class='ocr_line' id='line_1_29' title="bbox 44 2472 1662 2548; baseline 0.009 -14"><span class='ocrx_word' id='word_1_233' title='bbox 44 2472 243 2536; x_wconf 89' lang='lat' dir='ltr'><strong>mirum</strong></span> <span class='ocrx_word' id='word_1_234' title='bbox 258 2478 599 2548; x_wconf 81' lang='lat' dir='ltr'><strong>est‚s1·minus</strong></span> <span class='ocrx_word' id='word_1_235' title='bbox 615 2479 952 2537; x_wconf 89' lang='lat' dir='ltr'><strong>tolerabilem</strong></span> <span class='ocrx_word' id='word_1_236' title='bbox 972 2483 1328 2542; x_wconf 87' lang='lat' dir='ltr'><strong>calamitatem</strong></span> <span class='ocrx_word' id='word_1_237' title='bbox 1351 2484 1498 2544; x_wconf 83' lang='lat' dir='ltr'><strong>facit.</strong></span> <span class='ocrx_word' id='word_1_238' title='bbox 1525 2489 1662 2548; x_wconf 82' lang='lat' dir='ltr'><strong>Haec</strong></span> 
     </span>
     <span class='ocr_line' id='line_1_30' title="bbox 46 2560 1658 2643; baseline 0.008 -27"><span class='ocrx_word' id='word_1_239' title='bbox 46 2580 172 2617; x_wconf 92' lang='lat' dir='ltr'><strong>cum</strong></span> <span class='ocrx_word' id='word_1_240' title='bbox 202 2560 270 2618; x_wconf 87' lang='lat' dir='ltr'><strong>fic</strong></span> <span class='ocrx_word' id='word_1_241' title='bbox 300 2560 349 2619; x_wconf 90' lang='lat' dir='ltr'><strong>se</strong></span> <span class='ocrx_word' id='word_1_242' title='bbox 383 2561 617 2618; x_wconf 87' lang='lat' dir='ltr'><strong>habeant</strong></span> <span class='ocrx_word' id='word_1_243' title='bbox 638 2604 655 2630; x_wconf 85' lang='lat'>,</span> <span class='ocrx_word' id='word_1_244' title='bbox 682 2563 736 2620; x_wconf 90' lang='lat' dir='ltr'><strong>id</strong></span> <span class='ocrx_word' id='word_1_245' title='bbox 758 2584 856 2620; x_wconf 90' lang='lat' dir='ltr'><strong>vos</strong></span> <span class='ocrx_word' id='word_1_246' title='bbox 872 2567 1137 2643; x_wconf 80' lang='lat' dir='ltr'><strong>praecipue</strong></span> <span class='ocrx_word' id='word_1_247' title='bbox 1158 2568 1317 2625; x_wconf 89' lang='lat' dir='ltr'><strong>velim</strong></span> <span class='ocrx_word' id='word_1_248' title='bbox 1335 2570 1658 2642; x_wconf 78' lang='lat' dir='ltr'><strong>meminisse,</strong></span> 
     </span>
     <span class='ocr_line' id='line_1_31' title="bbox 45 2642 1662 2729; baseline 0.008 -30"><span class='ocrx_word' id='word_1_249' title='bbox 45 2661 169 2699; x_wconf 91' lang='lat' dir='ltr'><strong>cum</strong></span> <span class='ocrx_word' id='word_1_250' title='bbox 187 2642 366 2720; x_wconf 88' lang='lat' dir='ltr'><strong>vestris</strong></span> <span class='ocrx_word' id='word_1_251' title='bbox 383 2642 633 2701; x_wconf 88' lang='lat' dir='ltr'><strong>manibus</strong></span> <span class='ocrx_word' id='word_1_252' title='bbox 650 2646 779 2702; x_wconf 67' lang='lat' dir='ltr'><strong>vieti</strong></span> <span class='ocrx_word' id='word_1_253' title='bbox 801 2643 902 2702; x_wconf 89' lang='lat' dir='ltr'><strong>fint</strong></span> <span class='ocrx_word' id='word_1_254' title='bbox 920 2648 1151 2705; x_wconf 89' lang='lat' dir='ltr'><strong>Vandali</strong></span> <span class='ocrx_word' id='word_1_255' title='bbox 1175 2653 1413 2729; x_wconf 89' lang='lat' dir='ltr'><strong>primum</strong></span> <span class='ocrx_word' id='word_1_256' title='bbox 1432 2694 1450 2721; x_wconf 87' lang='lat'>,</span> <span class='ocrx_word' id='word_1_257' title='bbox 1467 2652 1662 2713; x_wconf 89' lang='lat' dir='ltr'><strong>deinde</strong></span> 
     </span>
     <span class='ocr_line' id='line_1_32' title="bbox 46 2724 1663 2809; baseline 0.009 -29"><span class='ocrx_word' id='word_1_258' title='bbox 46 2729 101 2781; x_wconf 86' lang='lat'><strong>&amp;</strong></span> <span class='ocrx_word' id='word_1_259' title='bbox 117 2724 314 2793; x_wconf 89' lang='lat' dir='ltr'><strong>Mauri,</strong></span> <span class='ocrx_word' id='word_1_260' title='bbox 337 2726 548 2784; x_wconf 88' lang='lat' dir='ltr'><strong>labores</strong></span> <span class='ocrx_word' id='word_1_261' title='bbox 565 2726 724 2785; x_wconf 88' lang='lat' dir='ltr'><strong>vobis</strong></span> <span class='ocrx_word' id='word_1_262' title='bbox 742 2725 992 2808; x_wconf 85' lang='lat' dir='ltr'><strong>obtigiffe</strong></span> <span class='ocrx_word' id='word_1_263' title='bbox 1008 2770 1024 2797; x_wconf 87' lang='lat'>,</span> <span class='ocrx_word' id='word_1_264' title='bbox 1042 2732 1273 2809; x_wconf 84' lang='lat' dir='ltr'><strong>praedam</strong></span> <span class='ocrx_word' id='word_1_265' title='bbox 1293 2739 1348 2791; x_wconf 87' lang='lat'>&amp;</span> <span class='ocrx_word' id='word_1_266' title='bbox 1365 2737 1663 2795; x_wconf 88' lang='lat' dir='ltr'><strong>commoda</strong></span> 
     </span>
     <span class='ocr_line' id='line_1_33' title="bbox 43 2806 1658 2889; baseline 0.009 -27"><span class='ocrx_word' id='word_1_267' title='bbox 43 2806 173 2863; x_wconf 85' lang='lat' dir='ltr'><strong>aliis.</strong></span> <span class='ocrx_word' id='word_1_268' title='bbox 212 2807 362 2864; x_wconf 89' lang='lat' dir='ltr'><strong>Tum</strong></span> <span class='ocrx_word' id='word_1_269' title='bbox 382 2809 510 2867; x_wconf 91' lang='lat' dir='ltr'><strong>illud</strong></span> <span class='ocrx_word' id='word_1_270' title='bbox 529 2807 683 2867; x_wconf 83' lang='lat' dir='ltr'><strong>simul</strong></span> <span class='ocrx_word' id='word_1_271' title='bbox 697 2815 955 2889; x_wconf 85' lang='lat' dir='ltr'><strong>cogitate,</strong></span> <span class='ocrx_word' id='word_1_272' title='bbox 975 2814 1173 2870; x_wconf 89' lang='lat' dir='ltr'><strong>milites</strong></span> <span class='ocrx_word' id='word_1_273' title='bbox 1189 2835 1314 2873; x_wconf 88' lang='lat' dir='ltr'><strong>cum</strong></span> <span class='ocrx_word' id='word_1_274' title='bbox 1333 2814 1472 2886; x_wconf 84' lang='lat' dir='ltr'><strong>fitis,</strong></span> <span class='ocrx_word' id='word_1_275' title='bbox 1490 2839 1658 2875; x_wconf 89' lang='lat' dir='ltr'><strong>omne</strong></span> 
     </span>
     <span class='ocr_line' id='line_1_34' title="bbox 43 2888 1656 2977; baseline 0.007 -33"><span class='ocrx_word' id='word_1_276' title='bbox 43 2907 218 2945; x_wconf 83' lang='lat' dir='ltr'><strong>aevum</strong></span> <span class='ocrx_word' id='word_1_277' title='bbox 239 2888 394 2947; x_wconf 85' lang='lat' dir='ltr'><strong>vobis</strong></span> <span class='ocrx_word' id='word_1_278' title='bbox 413 2893 550 2949; x_wconf 92' lang='lat' dir='ltr'><strong>inter</strong></span> <span class='ocrx_word' id='word_1_279' title='bbox 571 2890 698 2948; x_wconf 90' lang='lat' dir='ltr'><strong>belli</strong></span> <span class='ocrx_word' id='word_1_280' title='bbox 717 2895 949 2970; x_wconf 89' lang='lat' dir='ltr'><strong>pericula</strong></span> <span class='ocrx_word' id='word_1_281' title='bbox 968 2894 1374 2976; x_wconf 77' lang='lat' dir='ltr'><strong>transigendum</strong></span> <span class='ocrx_word' id='word_1_282' title='bbox 1390 2943 1406 2964; x_wconf 94' lang='lat'>,</span> <span class='ocrx_word' id='word_1_283' title='bbox 1447 2918 1537 2956; x_wconf 89' lang='lat' dir='ltr'><strong>aut</strong></span> <span class='ocrx_word' id='word_1_284' title='bbox 1553 2920 1656 2977; x_wconf 88' lang='lat' dir='ltr'><strong>pro</strong></span> 
     </span>
     <span class='ocr_line' id='line_1_35' title="bbox 41 2972 1661 3051; baseline 0.005 -24"><span class='ocrx_word' id='word_1_285' title='bbox 41 2972 371 3051; x_wconf 83' lang='lat' dir='ltr'><strong>Imperatore</strong></span> <span class='ocrx_word' id='word_1_286' title='bbox 390 3014 409 3043; x_wconf 87' lang='lat'>‚</span> <span class='ocrx_word' id='word_1_287' title='bbox 443 2973 480 3031; x_wconf 89' lang='lat' dir='ltr'><strong>fi</strong></span> <span class='ocrx_word' id='word_1_288' title='bbox 499 2991 738 3035; x_wconf 89' lang='lat' dir='ltr'><strong>veterem</strong></span> <span class='ocrx_word' id='word_1_289' title='bbox 773 2976 1085 3037; x_wconf 86' lang='lat' dir='ltr'><strong>servitutem</strong></span> <span class='ocrx_word' id='word_1_290' title='bbox 1123 2979 1307 3039; x_wconf 88' lang='lat' dir='ltr'><strong>denuo</strong></span> <span class='ocrx_word' id='word_1_291' title='bbox 1327 2984 1382 3040; x_wconf 89' lang='lat' dir='ltr'><strong>in</strong></span> <span class='ocrx_word' id='word_1_292' title='bbox 1405 3001 1503 3043; x_wconf 87' lang='lat' dir='ltr'><strong>vos</strong></span> <span class='ocrx_word' id='word_1_293' title='bbox 1521 2982 1661 3036; x_wconf 86' lang='lat' dir='ltr'><strong>reci-</strong></span> 
     </span>
    </p>

    <p class='ocr_par' dir='ltr' id='par_1_2' title="bbox 223 3060 1664 3140">
     <span class='ocr_line' id='line_1_36' title="bbox 223 3060 1664 3140; baseline 0.007 -31"><span class='ocrx_word' id='word_1_294' title='bbox 223 3089 227 3093; x_wconf 83' lang='lat'>·</span> <span class='ocrx_word' id='word_1_295' title='bbox 1042 3060 1102 3116; x_wconf 88' lang='lat' dir='ltr'>G</span> <span class='ocrx_word' id='word_1_296' title='bbox 1150 3078 1178 3136; x_wconf 82' lang='lat'>5</span> <span class='ocrx_word' id='word_1_297' title='bbox 1514 3062 1664 3140; x_wconf 82' lang='lat' dir='ltr'><strong>pitis,</strong></span> 
     </span>
    </p>
   </div>
  </div>
 </body>
</html>
