1888 3428
17 171 20 174 ’
82 189 177 228 AD
218 166 596 226 GoTTHos
640 165 1153 222 PERTINEan'
1184 167 1417 224 L1B.I'I.
1459 166 1462 171 ’
1498 184 1606 249 571

65 272 127 309 os
146 251 325 331 pudor
345 248 634 307 &lasciviae
651 246 972 325 paenitentia.
1016 243 1089 299 Et
1109 245 1184 302 illi
1199 247 1420 323 quidem
1439 291 1456 319 ,
1477 271 1616 309 exu-

29 356 58 392 a
77 333 313 392 secordia
332 329 816 409 immodestiaque,
846 328 1017 385 veteri
1048 324 1330 406 disciplinae
1355 329 1404 386 se
1434 333 1616 391 reddi..

41 435 216 476 erunt.
259 420 337 473 At
352 435 470 494 pars
486 412 828 471 Gotthorum
846 450 864 477 ,
891 407 1094 487 septem
1113 405 1284 466 ferme
1304 413 1487 484 millia,
1504 413 1625 493 apti

43 520 199 579 ugnae
237 519 431 556 omnes
461 536 479 563 ,
524 496 804 578 egregium
834 491 1057 549 antehac
1089 493 1422 551 Francorum
1453 496 1615 553 rebus

35 583 261 639 uxilium
281 622 298 649 ‚
313 583 315 585 ’
332 601 458 638 cum
476 578 618 660 apud
636 576 686 634 se
705 592 1019 653 reputarent
1035 616 1053 643 ,
1079 595 1196 632 non
1215 578 1498 655 quieturos
1523 578 1617 637 diu.

57 684 324 728 omanOS‚
360 661 524 720 sedin
552 659 603 719 se
632 660 1039 738 quamprimum
1069 655 1616 737 facturosimpetum,
1660 718 1670 727 f

30 749 268 826 ecipiunt
295 742 344 802 se
367 747 422 802 in
447 742 712 802 castellum
733 744 819 798 cui
846 738 1091 821 Campsae
1114 762 1318 798 nomen
1339 782 1354 808 ,
1389 740 1616 800 firmum

23 831 119 886 atis
137 830 521 895 munimentis,
540 824 640 882 fitu
661 826 832 904 magis
848 866 863 892 ,
883 827 1083 904 quippe
1100 828 1277 882 monti
1297 824 1617 904 impositum

33 911 173 968 rduo
192 953 209 980 ,
241 914 295 968 in
317 914 466 985 cujus
484 910 698 967 vertice.
740 908 980 985 abruptae
1002 906 1241 986 undique
1275 929 1434 988 rupes
1466 912 1522 966 in
1541 909 1620 965 al-

30 1015 121 1050 um
159 993 503 1057 eminebant,
537 989 745 1069 suoque
781 990 988 1047 ambitu
1024 991 1229 1048 aditum
1251 989 1619 1068 prohibebant

39 1073 269 1133 ostibus.
308 1076 438 1131 Huc
469 1096 597 1132 cum
630 1072 680 1130 se
710 1071 1041 1152 collegissent
1060 1073 1264 1130 Gotthi
1284 1076 1390 1138 ,·in
1414 1090 1536 1132 tuto
1564 1072 1618 1131 se

33 1160 100 1215 sse
122 1160 246 1225 rati,
290 1178 404 1213 non
424 1156 597 1215 modo
627 1156 692 1213 de
712 1157 987 1214 deditione
1008 1177 1123 1213 non
1143 1154 1456 1237 cogitabant
1473 1197 1489 1223 ,
1526 1154 1618 1214 sed

76 1241 344 1297 Romanis
361 1281 377 1307 ,
417 1239 453 1295 fi
475 1243 531 1296 in
550 1237 600 1296 se
621 1241 895 1306 venirent,
911 1242 961 1296 vi
980 1237 1232 1295 obfistere
1253 1239 1616 1310 decreverant.

59 1323 218 1378 υᾶοτ
249 1319 641 1402 instigatorque
660 1321 888 1380 audaciae·
921 1323 1000 1377 vir
1019 1337 1129 1378 erat
1152 1319 1413 1378 Barbarus
1434 1361 1452 1388 ,
1480 1341 1618 1399 prae-

26 1405 175 1463 ectus
192 1402 433 1483 ipsorum
450 1446 468 1473 ,
488 1405 751 1483 Ragnaris
767 1406 1014 1471 nomine,
1035 1424 1345 1482 quanquam
1362 1423 1461 1460 nec
1475 1424 1617 1482 gen-

27 1491 71 1546 is
90 1508 189 1545 nec
210 1490 447 1545 nationis
467 1486 711 1563 ejusdem
728 1527 744 1553 ‚
780 1492 916 1558 (erat
935 1489 1080 1543 enim
1103 1487 1188 1544 ille
1207 1508 1269 1543 ex
1301 1489 1618 1565 VturguriS‚

45 1571 154 1629 uod
183 1573 527 1630 Hunnorum
545 1590 720 1649 genus
739 1569 855 1641 est)
887 1566 973 1626 sed
991 1568 1144 1647 quod
1165 1566 1343 1625 sollers
1375 1567 1498 1626 effet
1533 1585 1619 1624 at-

44 1675 109 1710 ue
128 1655 288 1711 etiam
311 1650 489 1720 vafer,
527 1658 582 1709 &
598 1672 799 1730 gnarus
820 1651 1060 1729 parandae
1079 1670 1413 1728 quocunque
1444 1650 1618 1709 modo

40 1735 279 1793 otestatis
298 1776 315 1803 ,
346 1735 757 1793 multitudinem
787 1732 933 1790 suam
964 1730 1190 1799 fecerat,
1226 1739 1282 1788 δέ
1309 1731 1509 1790 bellum
1530 1754 1617 1796 re-

30 1839 181 1880 arare
205 1816 477 1899 agitabat,
497 1838 628 1896 *quo
669 1820 928 1891 majorem
951 1813 1046 1872 fibi
1080 1810 1280 1872 famam
1312 1816 1618 1873 circumda-

14 1900 104 1958 et.
146 1899 338 1958 Narses
372 1899 479 1958 fine
509 1920 664 1957 mora
697 1902 852 1955 omni
881 1919 1006 1955 cum
1026 1900 1337 1971 exercituin
1371 1920 1465 1955 eos
1483 1898 1617 1965 ibat,

28 2004 239 2062 umque
272 1982 480 2040 incursu
511 1984 698 2039 locum
727 1982 920 2040 adoriri
950 2022 966 2048 ,
1013 1984 1264 2059 interque
1299 1977 1619 2062 confragosa

44 2087 243 2147 ugnare
260 2087 372 2123 non
388 2063 560 2145 posset
577 2107 593 2134 ,
618 2065 684 2122 ad
703 2062 1046 2121 obfidionem
1064 2061 1114 2120 se
1134 2062 1369 2141 parabat,
1386 2063 1618 2144 diligen-

29 2148 301 2206 icustodia
330 2148 532 2227 nequid
549 2151 964 2225 importaretur,
1001 2167 1138 2204 neve
1165 2147 1236 2203 illi
1257 2148 1479 2226 impune
1498 2149 1616 2204 exi,-

0 2240 144 2377 [rent.
187 2235 395 2289 Verum
432 2229 562 2288 nihil
595 2251 662 2286 eo
698 2228 1091 2288 affliffcabantur
1124 2228 1340 2285 Barbari
1365 2271 1381 2297 ,
1417 2228 1624 2309 quibus,

4 2313 220 2380 abunde
240 2332 348 2371 erat
364 2310 764 2371 necessariarum
782 2332 960 2369 rerum
980 2337 991 2368 ε
1039 2332 1216 2390 neque
1235 2314 1379 2369 enim
1396 2314 1621 2370 alimen,

5 2415 59 2461 ta
74 2415 288 2454 tantum
306 2437 321 2464 ,
357 2395 443 2455 sed
464 2402 716 2465 &Yerum
736 2392 1178 2474 pretiosissimam
1199 2392 1305 2455 hoc
1324 2394 1623 2463 castellum„

5 2497 264 2560 tanquam
297 2479 717 2559 inexpugnabile
743 2520 761 2546 ,
793 2474 1131 2534 incluserant.
1169 2476 1415 2536 dolentes
1434 2496 1619 2537 tamen

8 2560 366 2620 circumsideri
394 2558 444 2619 se
475 2568 706 2640 &turpe
724 2560 984 2620 habentes
1013 2565 1086 2626 ita
1115 2561 1262 2616 ειῐᾶο
1296 2559 1345 2617 se
1376 2561 1503 2617 loco
1531 2578 1619 2616 te·-

8 2647 126 2709 neri
159 2642 390 2701 inclusos
408 2686 426 2713 ‚
459 2642 591 2724 saepe
610 2641 955 2701 excursabant
975 2645 1032 2699 in
1052 2641 1262 2700 hostem
1283 2684 1300 2710 ,
1334 2641 1370 2699 fi
1402 2664 1529 2700 eum
1549 2641 1619 2709 fie

6 2724 218 2806 poffent
235 2727 517 2805 depellere.
559 2727 772 2786 nullum
789 2743 986 2783 'tamen
1018 2746 1195 2804 operae
1218 2727 1454 2803 pretium
1470 2722 1619 2783 fece-

11 2827 150 2867 runt.
190 2815 336 2866 Inter
361 2808 470 2868 haec
502 2809 688 2888 hyems
723 2830 846 2866 cum
865 2806 1139 2877 transiifl'et
1158 2849 1174 2869 ‚
1208 2825 1490 2887 appetente
1502 2813 1617 2884 jam

0 2912 136 2970 ¹vere
169 2894 410 2971 colloqui
447 2913 570 2949 cum
606 2890 827 2950 Narsete
859 2894 1121 2972 Ragnaris
1159 2890 1323 2947 adres
1340 2888 1616 2970 praesentes

0 2973 311 3049 {conducere
348 2973 681 3043 existimavi-t.
743 2976 1002 3056 Cumque
1036 2970 1355 3054 impetrasset
1385 3011 1404 3038 2
1446 2966 1618 3028 adfuit

1487 3071 1615 3109 cum
