1888 3428
228 186 311 250 '42
546 168 940 226 PRocoPn
982 158 1536 225 CAESAREENSIS

233 249 337 312 teri
355 288 373 318 ‚
391 261 455 308 ut
467 242 636 312 libere
655 248 908 326 eloquar,
939 241 1058 304 satis
1078 247 1253 306 mirari
1269 267 1485 327 nequeo
1508 288 1524 316 ,
1555 247 1708 327 quod
1724 269 1837 314 non

231 330 526 395 dissuadere
541 325 845 391 descensum
862 326 1088 408 quisque
1110 333 1429 387 certaveritis
1445 374 1461 396 ‚
1493 350 1617 388 cum
1639 334 1855 408 impul-.

229 415 321 480 sus
336 414 402 475 ad
429 414 662 495 pericula
690 412 824 471 adeo
844 432 961 470 non
990 411 1052 470 fit
1070 412 1212 469 utilis
1236 414 1569 491 impellenti,
1614 432 1675 471 ut
1694 415 1847 476 ultro>

191 521 195 525 ·
233 495 630 560 &accusationi
648 492 932 573 subjaceat.
977 516 1100 554 mos
1126 499 1272 552 enim
1302 495 1396 552 iste
1419 492 1494 552 est
1524 494 1836 563 hominum,

231 581 276 642 fi
304 580 520 643 consilia
543 580 684 639 bene
702 576 894 637 cedant
918 618 938 647 ‚
976 595 1069 637 aut
1095 576 1194 638 suae
1218 578 1512 657 prudentiae
1532 618 1549 645 ‚
1580 596 1671 651 ayt
1699 577 1841 635 certe

209 664 467 726 ‘fortunae
498 661 556 722 id
587 659 727 720 ferre
745 678 1058 739 acceptum:
1107 663 1160 718 Si
1194 682 1307 719 non
1326 658 1531 739 prospe
1567 663 1839 728 eveniant,

233 748 501 808 criminari
520 745 817 803 auetorem.
858 742 1175 802 Dicendum
1192 761 1374 801 tamen
1395 743 1547 823 quod
1570 765 1650 800 res
1667 743 1762 810 est,
1779 743 1841 800 fi-

234 831 461 912 quidem
479 829 802 886 calumniam
838 844 1083 885 metuere
1111 846 1227 884 non
1244 826 1407 885 debet
1443 827 1539 906 qui
1563 847 1661 905 pro
1681 823 1842 883 salute

233 910 518 972 confilium
537 908 599 969 fit
618 910 871 969 daturus:
915 910 1097 970 Vultis
1117 931 1249 990 ergo
1267 912 1323 966 in
1342 927 1537 966 terram
1556 906 1859 966 descende-2

231 1016 291 1055 re
303 993 552 1053 hostilem
568 1033 588 1062 ‚
619 1013 785 1072 quem
808 1009 1032 1071 portum
1050 994 1255 1072 capturi
1283 991 1510 1052 navibus
1529 1032 1545 1057 ‚
1581 996 1733 1067 cujus
1758 1009 1843 1048 eas

233 1076 386 1138 urbis
410 1074 674 1136 maenibus
704 1072 942 1154 septuri?
984 1076 1121 1134 Non
1153 1073 1378 1133 audistis·
1400 1095 1566 1132 omne
1603 1074 1657 1130 id
1692 1076 1843 1131 littus
1877 1102 1886 1124 2

231 1181 438 1219 novem
457 1159 878 1217 dierumitinere
909 1155 938 1213 ὲ
973 1157 1301 1237 Carthagine
1330 1160 1548 1215 Vticam
1577 1156 1724 1235 quod
1751 1175 1845 1231 pa-
1871 1164 1875 1165 ⁷

233 1259 316 1300 tet
335 1283 353 1311 ‚
388 1237 810 1319 importuosum,
830 1239 1111 1319 ventisque
1129 1243 1186 1296 in
1203 1260 1427 1296 omnem
1449 1259 1618 1316 prope
1638 1256 1843 1316 partem

231 1322 579 1403 expofitum?
622 1336 745 1377 tum
779 1312 969 1378 maenia
1000 1342 1095 1400 per
1130 1341 1357 1378 omnem
1393 1316 1636 1378 Africam
1671 1319 1843 1387 nulla,

229 1405 328 1465 nisi
350 1401 681 1483 Carthagine
699 1440 716 1465 2
754 1402 1027 1462 Gizerichi
1044 1403 1327 1483 quondam
1345 1399 1509 1460 faeto.
1554 1407 1668 1458 Iam
1687 1407 1739 1457 &
1756 1401 1843 1458 lo·-

142 1531 145 1532 r
231 1508 330 1547 cus
346 1485 432 1545 hic
445 1505 707 1565 aquarum
722 1505 926 1566 egenus
944 1484 1036 1544 est.
1064 1487 1219 1543 Tum
1239 1491 1294 1543 δε
1310 1487 1409 1544 alia
1424 1503 1610 1564 praeter
1626 1481 1845 1541 senten-

233 1573 368 1628 tiam
400 1568 438 1626 fi
471 1567 763 1625 cecide-rint
780 1608 798 1634 ,
836 1566 967 1645 quid
984 1567 1242 1646 deinceps·
1254 1565 1560 1626 faciendum
1581 1565 1644 1623 fit
1663 1565 1872 1625 videa-'

233 1672 381 1710 mus.
411 1651 558 1709 Nam
576 1664 637 1711 ut
656 1650 751 1727 qui
768 1650 824 1704 in
842 1648 981 1705 bella
999 1665 1132 1706 eunt
1150 1647 1283 1705 nihil
1302 1647 1577 1709 adversum
1599 1646 1726 1710 fibi,
1760 1646 1858 1705 ni-v

234 1731 309 1797 hil
327 1752 519 1790 eorum
538 1750 656 1809 quae
675 1730 988 1787 humanitus
1006 1731 1254 1789 accidunt
1276 1772 1291 1798 ,
1313 1747 1621 1811 proponant
1638 1734 1845 1798 animo,

233 1829 416 1875 rerum
453 1830 650 1870 naturae
679 1809 1065 1870 dissentaneum
1087 1810 1177 1870 est.
1227 1814 1381 1893 Qd‘
1407 1812 1444 1870 fi
1477 1835 1608 1891 ergo
1644 1816 1699 1869 in
1728 1811 1843 1890 ipso

234 1893 484 1955 exscensu
501 1892 785 1972 tempestas
812 1915 914 1951 nos
932 1897 1203 1974 opprimat
1220 1937 1236 1963 ‚
1264 1916 1447 1952 nonne
1469 1889 1694 1953 alterum
1717 1915 1845 1951 eve-

235 1982 351 2038 niet
367 2018 384 2046 ,
415 1992 477 2035 ut
495 1994 586 2034 aut
605 1980 770 2055 longe
792 1978 1002 2055 lateque
1022 1978 1311 2054 disjiciatur
1331 1976 1497 2035 clasfis
1517 2020 1533 2045 ,
1554 1980 1720 2034 autin
1739 1975 1845 2033 hoc

237 2079 516 2144 pereamus
529 2060 749 2118 littore?
792 2058 1027 2129 Deinde,
1047 2058 1189 2117 unde
1207 2060 1498 2119 alimenta?
1528 2063 1714 2117 Nemo
1734 2079 1843 2126 me,

152 2172 155 2174 ·
235 2163 465 2201 annonae
503 2137 913 2219 dispensatorem
931 2181 949 2209 ‚
984 2139 1236 2221 respiciat.
1290 2142 1627 2223 magistratus
1663 2145 1845 2198 omnis

237 2222 337 2285 suo
368 2223 654 2282 destitutus
699 2220 1059 2282 instrumento
1105 2224 1169 2281 ad
1205 2246 1408 2283 nomen
1455 2223 1843 2305 personamque

235 2307 433 2388 privati
450 2305 646 2363 recidit.
678 2303 771 2362 ubi
786 2325 934 2362 arma
949 2347 966 2374 ‚
986 2306 1079 2364 ubi
1094 2308 1480 2386 impedimenta
1500 2310 1717 2386 ponetis
1733 2309 1844 2363 itu-

235 2391 283 2449 ri
303 2390 361 2446 in
378 2386 678 2467 barbaros?
719 2388 854 2445 Haec
873 2409 1037 2467 quem
1059 2387 1159 2446 fint
1177 2389 1419 2449 habitura
1437 2394 1661 2457 exitum5
1680 2392 1842 2446 etiam
1887 2425 1888 2448 ;

236 2469 409 2533 dicere
442 2469 660 2536 horreo,
718 2469 842 2550 Ego
874 2469 1013 2527 τεᾶὲ
1045 2470 1430 2552 Carthaginem
1452 2471 1692 2529 eundum
1715 2491 1845 2528 cen-

236 2541 355 2611 seo.
382 2550 529 2610 abest
547 2550 613 2608 ab
633 2573 692 2609 ea
708 2549 885 2609 stadiis
903 2574 1017 2610 non
1037 2555 1262 2633 amplius
1282 2554 1632 2634 quadraginta
1650 2570 1844 2631 portus
1885 2569 1888 2595 ²

234 2633 592 2697 incustoditus
608 2674 626 2702 ‚
661 2633 826 2693 claffis
843 2639 1013 2692 totius
1031 2658 1190 2716 capax
1211 2662 1224 2694 z
1258 2635 1508 2717 stagnum
1540 2653 1736 2695 vocant
1756 2656 1769 2690 :
1812 2632 1842 2691 ἐ
1885 2654 1888 2671 ·

242 2718 444 2797 quoin
470 2715 675 2773 bellum
708 2717 959 2796 progredi
978 2736 1101 2776 tuto
1124 2716 1349 2776 dabifur.
1396 2721 1550 2775 Tum
1571 2739 1701 2776 vero
1730 2719 1843 2797 pri—
1884 2719 1888 2780 i

237 2820 332 2860 mo
355 2802 564 2878 impetu
586 2798 968 2878 Carthaginem
989 2799 1191 2878 sperem
1213 2804 1323 2880 capi
1343 2799 1485 2879 poffe
1510 2843 1527 2869 ,
1556 2800 1841 2878 praesertim

225 2902 362 2939 -cum
384 2882 571 2959 procul
600 2879 730 2937 absit
750 2880 949 2939 hostis:
984 2904 1043 2938 ea
1076 2902 1225 2963 capta
1258 2883 1470 2940 nihilde
1491 2903 1680 2940 caetero
1699 2878 1841 2938 diffi-

240 2965 337 3026 cile
355 2965 444 3026 aut
461 2960 904 3027 formidolosum.
947 2970 1023 3024 Ita
1037 2962 1140 3023 fert
1158 2987 1335 3025 rerum
1348 2983 1536 3025 'natura
1554 3006 1571 3033 ‚
1593 2981 1652 3025 ut
1671 2965 1839 3039 capite
1882 2956 1888 3022 3

1688 3042 1836 3101 abla‘r
1881 3041 1888 3127 3
