1888 3428
398 194 1242 250 PROLEGOMENA.
1439 189 1442 193 '
1602 201 1642 258 7

20 265 143 337 rum
176 270 403 333 nomina'
441 275 497 330 in
531 274 713 331 lexicis
746 271 1000 349 antiquis.
1043 289 1107 326 ex
1126 265 1226 324 hac
1258 281 1386 326 vero
1409 268 1528 323 Sito
1548 278 1645 321 ant
1685 311 1687 314 ,

21 363 147 419 Sizo
167 360 260 415 viri
281 348 488 414 nomen
507 396 523 418 ,
559 375 658 412 nec
679 354 774 411 alia
805 357 967 432 origo
989 352 1140 410 vocis
1169 346 1553 429 sanguinisque
1580 355 1643 404 ut

21 441 252 501 arbitror
281 438 477 498 Sidinis
496 479 512 506 ‚
549 457 690 518 quos
716 436 782 493 ad
813 434 1083 494 Vistulam
1115 435 1274 513 ponit
1293 431 1644 496 Ptolemaeu3‚

20 528 136 583 imo
158 529 212 582 δε
245 520 550 580 Sedonibus
570 521 664 598 qui
699 521 841 575 inter
859 514 1135 575 Bastarnas
1154 534 1277 573 tum
1310 511 1337 570 a
1370 510 1641 569 Strabone

20 624 142 665 tum
161 605 188 664 ἒι
207 605 516 664 Ptolomaeo
537 599 836 659 censentur.
879 601 1030 680 Ergo
1047 617 1107 657 ut
1127 600 1257 677 caepi
1276 596 1449 663 dicere
1466 636 1484 664 ,
1500 595 1645 651 anti-

22 691 144 769 quis
162 683 501 766 temporibus
534 680 652 741 t'ota
681 684 767 743 illa
785 685 1004 741 Scanzia
1035 680 1255 741 duobus
1275 680 1457 759 regnis
1473 696 1644 734 occu-

20 770 248 852 pabatur
281 766 599 826 Suedonum
649 773 704 825 &
740 769 1020 825 Sittonum
1057 805 1075 827 ,
1127 785 1272 844 quos
1306 757 1644 820 discernebat

20 874 182 911 mons
201 854 378 920 Sevo'‚
399 848 560 908 credo
581 891 596 918 ‚
613 850 641 908 ὲ
658 847 859 929 septem
881 849 1058 907 dictus
1074 843 1444 905 eminentibus
1464 845 1642 922 jugis:

20 933 312 1015 quomodo
327 941 382 992 &
400 935 582 992 Daciae
603 954 722 1014 pars
746 935 915 1013 vulgo
937 931 1099 990 latine
1130 929 1383 1010 loquenti
1396 921 1648 984 Tranfil-

21 1023 177 1076 vania
191 1060 209 1087 ,
229 1016 522 1090 Germanis
544 1015 906 1096 Sevenbergia
924 1056 940 1083 ‚
978 1018 1109 1073 &in
1129 1011 1367 1093 Alpibus
1384 1007 1459 1066 est
1478 1025 1647 1066 mons

21 1104 117 1180 qui
140 1101 206 1158 ab
224 1099 420 1159 eodem
439 1120 671 1158 numero
692 1103 966 1180 Septimus
984 1099 1180 1158 dicitur
1200 1119 1215 1153 τ
1257 1089 1649 1154 Vetustiffimis

20 1186 224 1264 quippe
245 1181 589 1262 temporibus
606 1185 871 1240 naturales
903 1179 1052 1239 fuere
1082 1178 1300 1238 termini
1323 1194 1646 1256 regnorum,
1681 1199 1702 1218 r

23 1286 166 1343 quos
199 1265 381 1345 postea
414 1264 555 1323 bella
590 1308 606 1330 ,
654 1265 933 1343 paffiones
967 1306 984 1333 ‚
1020 1261 1303 1321 affinitates
1339 1271 1649 1317 mutarunt.

23 1347 198 1404 Terra
215 1346 322 1427 ipsa
339 1351 618 1404 Sittonum
641 1348 954 1426 NorWegia
972 1367 1118 1404 nunc
1136 1345 1332 1403 dicitur
1353 1385 1368 1411 ‚
1401 1344 1647 1417 olimque

23 1427 95 1487 fic
112 1430 253 1487 dista
273 1428 348 1486 est
366 1469 384 1496 ,
414 1450 541 1486 nam
571 1429 627 1486 id
644 1431 897 1509 Nerigon
917 1431 1141 1487 mollitis
1157 1430 1214 1484 in
1238 1427 1498 1486 Latinum
1522 1422 1648 1478 lite-

24 1512 96 1568 ris
124 1511 316 1567 extulit
344 1511 590 1577 Plinius,
623 1509 904 1589 scriptores
945 1514 989 1567 is
1025 1530 1253 1588 quoque
1289 1510 1466 1564 multo
1486 1519 1648 1561 vetu-

23 1591 211 1650 stiores
228 1589 459 1670 sequens
481 1613 495 1647 :
525 1590 598 1647 est
617 1611 797 1648 autern
816 1592 1002 1671 lingua
1021 1593 1350 1649 Germanica
1367 1586 1650 1646 NordWe-
1672 1606 1693 1625 2

24 1696 92 1755 ge
134 1673 266 1732 nihil
299 1673 441 1731 aliud
475 1694 641 1752 quam
677 1676 1117 1752 Septentrionem
1147 1668 1346 1730 versus,
1401 1673 1649 1749 Apparet

23 1757 147 1815 hinc
164 1755 316 1836 supra
334 1759 590 1813 omnium
610 1777 740 1835 quas
763 1760 996 1837 legimus
1024 1754 1392 1813 Historiarum
1426 1770 1651 1810 memo-

23 1843 157 1897 riam
190 1838 444 1897 scandens
479 1839 809 1918 Regnorum
843 1840 1047 1897 Suediae
1077 1841 1510 1917 NorWegiaeque
1550 1852 1649 1889 an-

26 1925 280 2002 tiquitas,
317 1921 458 1979 bene
489 1920 771 1980 observata
809 1922 1120 1981 Germania:
1152 1919 1502 1999 descriptori,
1548 1935 1649 1971 cu-

19 2009 108 2081 jus
127 2026 232 2084 ego
264 2003 600 2084 diligentiam
637 2011 692 2062 &
727 1994 1202 2062 eruditionem‘fic
1237 2004 1437 2070 laud0‚
1475 2019 1534 2058 nt
1550 2016 1648 2054 au-

25 2086 230 2144 daciam
266 2104 450 2143 tamen
482 2128 499 2155 ‚
555 2085 846 2165 spernentis
877 2086 1009 2165 saepe
1043 2086 1151 2144 fine
1187 2088 1297 2144 ullo
1327 2084 1490 2143 firmo
1525 2081 1648 2140 satis
1682 2098 1704 2124 ‘r

27 2187 354 2249 argumento
371 2168 625 2226 codicum
645 2172 1023 2227 au6³mritatem
1045 2213 1059 2234 ‚
1105 2167 1532 2247 consensumque
1552 2183 1650 2222 ve-

27 2251 236 2309 tustatis
255 2291 271 2313 ‚
317 2257 371 2309 &
390 2270 632 2332 acceptas
650 2253 717 2309 ab
744 2254 948 2310 ultimis
967 2250 1162 2310 saeculis
1192 2249 1360 2309 famas
1380 2293 1397 2320 ,
1443 2249 1648 2308 multa·
1664 2314 1677 2328 Ι

28 2354 136 2413 que
154 2331 412 2414 fingentis
434 2354 499 2390 ex
529 2334 783 2392 inanibus
802 2336 952 2395 valde
982 2336 1304 2412 conje&uris
1324 2376 1339 2397 ,
1385 2354 1482 2391 nec
1512 2350 1647 2410 pro-

29 2415 268 2474 baverim
292 2437 534 2496 unquam
569 2438 669 2475 nec
687 2416 780 2474 fim
804 2418 1146 2498 probatiirus.
1189 2413 1342 2497 quod
1357 2416 1520 2475 semel
1539 2415 1671 2494 mis]
1792 2472 1804 2475 ,

29 2496 84 2556 hi
99 2498 165 2556 de
181 2500 275 2556 illo
292 2539 311 2565 ,
337 2503 429 2579 qui
449 2500 694 2578 plurimis
711 2499 1133 2560 contradicendo
1151 2498 1516 2557 necessitatem
1538 2496 1679 2553 nos
1701 2503 1712 2507 's
1731 2489 1749 2496 „

31 2578 115 2637 bis
134 2598 192 2638 ut
206 2580 302 2660 ipfi
321 2582 808 2644 contradiceremus
837 2582 1096 2663 imposuit
1115 2626 1131 2651 ‚
1162 2580 1499 2662 praefandum
1521 2599 1650 2637 cen-

34 2660 109 2718 sui
126 2701 143 2728 ,
161 2666 387 2742 gratiam
408 2668 701 2746 caeteroqui
717 2669 764 2723 ei
784 2688 882 2747 pro
903 2666 1115 2732 labore,
1152 2666 1245 2723 ubi
1264 2686 1440 2744 neque
1462 2662 1648 2721 studiis

36 2763 212 2822 neque
227 2746 422 2804 invidia
438 2746 690 2829 abreptus
708 2746 811 2806 fuit
829 2793 843 2815 ,
864 2749 1151 2807 liberaliter
1169 2767 1381 2827 paratus
1408 2746 1650 2805 reddere·

39 2826 216 2896 Quod
234 2829 448 2885 initium
464 2829 546 2886 his
566 2835 747 2911 regnis
764 2829 928 2888 fuerit
947 2848 1071 2888 cum
1096 2853 1207 2889 non
1226 2822 1649 2912 appareat,haud

33 2925 238 2966 temere
258 2915 311 2967 &
338 2912 608 2992 indigenis
642 2920 696 2970 &
728 2917 916 2972 vicinis
947 2915 1212 2972 creditum
1251 2916 1325 2971 est
1347 2955 1364 2980 ‚
1399 2932 1511 2991 quo
1546 2907 1653 2986 pri-

36 3010 191 3049 mum
210 3009 455 3072 tempore
475 2995 596 3073 post
617 3017 877 3078 magnum
901 2997 1163 3055 diluvium
1184 3018 1246 3054 ex
1263 2994 1386 3054 Asici
1401 2993 1657 3051 homines

953 3100 983 3135 a
1016 3100 1056 3155 4
1587 3091 1664 3151 ,Ψ
