1888 3428
245 148 367 221 506
564 140 957 202 PR‘ocoPn
998 139 1551 202 CAESAREENs1s

241 224 544 308 singulique
567 224 820 300 Gotthos
852 227 909 282 in
943 221 993 281 se
1028 242 1247 282 ruentes
1281 224 1611 304 repellebant
1643 222 1852 284 summa
1885 242 1888 243 ’

241 306 581 367 fortitudine.
609 308 774 370 ‚Cum
812 305 1186 386 vesperasceret
1208 347 1226 374 ,
1274 311 1466 365 motari
1502 308 1683 365 subito
1715 312 1855 366 acies

240 409 507 472 utraquej
549 389 816 449 Gotthica
850 409 910 448 ut
939 387 989 446 se
1020 393 1314 470 reciperet,·
1360 393 1612 448 Romana
1632 408 1693 446 ut
1717 388 1856 448 inse-

241 493 510 554 queretur.
553 475 700 532 Nam
718 477 812 553 qui
831 473 973 530 ultro
992 474 1047 528 in
1071 471 1251 529 hostes
1279 472 1603 531 incursarant
1622 472 1849 541 Gotthi,

233 561 348 633 jam
364 561 474 616 vim
494 556 781 636 repositam
801 577 914 612 non
935 555 1239 612 tolerabant
1258 597 1275 623 ,
1319 553 1406 614 sed
1431 556 1857 636 urgentibusce-

241 639 443 698 debant
464 644 701 719 primum
720 681 738 707 ‚
765 638 961 698 deinde
996 644 1050 694 &
1083 656 1234 717 terga
1261 637 1540 696 vertebant
1557 682 1570 703 ,
1617 638 1859 695 exterriti

241 739 362 780 tum
393 744 716 785 numerum,
755 740 875 779 turn
908 723 1173 800 optimam
1205 741 1398 778 eorum
1419 718 1855 798 dispofitionem,

243 803 411 885 usque
444 805 578 864 adeo
615 802 779 862 officii
808 807 1157 862 immemores
1183 843 1198 864 ‚
1243 824 1303 861 ut
1333 802 1585 861 monstris
1603 808 1854 884 agitat05‚

243 905 339 944 aut
356 888 423 945 de
444 889 574 946 caelo
594 889 768 944 tacfftos
788 888 1008 945 diceres,
1049 889 1209 944 Brevi
1230 931 1243 951 ,
1265 886 1554 966 postquam
1574 887 1635 944 ad
1656 884 1858 943 cohor-

240 973 324 1027 tes
338 967 459 1028 suas
474 987 828 1049 pervenerant
854 1012 869 1036 ,
911 969 1242 1048 duplicatum
1273 987 1748 1049 propagatumque
1782 965 1859 1025 est

242 1055 468 1111 malurn.
511 1053 648 1109 Non
680 1055 827 1112 enim
860 1049 1075 1108 servatis
1108 1052 1394 1109 ordinibus
1428 1053 1493 1109 ad
1526 1073 1621 1108 eos
1657 1053 1861 1108 retule-

243 1152 363 1191 rant
381 1133 429 1191 se
449 1175 464 1200 ,
501 1134 649 1190 velut
672 1131 969 1211 respiraturi
988 1138 1041 1190 δε
1062 1135 1308 1190 cumillis
1325 1139 1565 1214 pugnarn
1587 1137 1823 1190 iteraturi
1838 1172 1856 1198 a

243 1238 313 1274 ne
335 1213 604 1289 recursum
624 1215 844 1294 quidem
862 1257 878 1283 ,
914 1233 1005 1271 aut
1024 1214 1166 1271 aliud
1193 1217 1485 1294 quicquam
1508 1217 1753 1272 militaris
1770 1219 1860 1273 in·-

243 1302 391 1379 genii
412 1298 767 1356 meditantes:
808 1295 897 1355 sed
915 1293 1240 1354 consternati
1258 1293 1578 1377 confufique
1596 1339 1613 1365 ‚
1633 1301 1706 1355 ita
1723 1315 1784 1353 ut
1802 1303 1860 1354 δε

243 1381 490 1461 peditum
510 1382 667 1439 multi
694 1378 760 1437 ab
779 1383 931 1459 equis
949 1400 1143 1436 eorum
1160 1379 1352 1437 obtriti
1371 1382 1674 1437 interirent.
1707 1379 1861 1459 quod

242 1483 371 1521 cum
402 1461 618 1521 sentiret
641 1463 940 1542 peditatuS,
980 1482 1093 1519 non
1128 1463 1311 1520 laxatis
1345 1463 1635 1519 ordinibus
1659 1465 1861 1541 recepit

242 1549 489 1626 equitem
509 1591 524 1610 ,
559 1555 673 1602 non
692 1543 874 1601 saltem
895 1563 954 1602 ut
971 1565 1099 1601 eum
1123 1543 1323 1601 sisteret
1342 1542 1573 1615 substitit
1597 1587 1613 1613 ‚
1646 1544 1733 1602 sed
1753 1566 1862 1602 una

243 1647 372 1686 cum
394 1650 462 1685 eo
481 1625 625 1707 fugit
658 1625 820 1684 effuse
841 1667 858 1692 ,
890 1625 1094 1706 ipsique
1122 1628 1523 1684 nocturnorum
1556 1630 1860 1707 praeliorum

246 1731 402 1768 more
431 1713 666 1790 ignorati
696 1712 838 1766 inter
869 1707 919 1766 se
959 1711 1162 1765 mutuis
1205 1709 1522 1767 vulneribus
1555 1708 1814 1766 cadebant
1842 1731 1858 1766 ε

243 1792 585 1850 Fruebantur
613 1809 723 1848 tam
759 1789 1017 1870 stupenda
1053 1790 1401 1848 Gotthorum
1421 1789 1716 1848 formidine
1736 1793 1858 1852 Ro-v

246 1879 427 1937 mani,
470 1895 531 1932 ac
564 1872 671 1931 sine
705 1870 1064 1930 misericordia
1111 1891 1170 1930 ut
1201 1873 1476 1952 quemque
1515 1875 1657 1931 nasti
1707 1892 1859 1932 erant

247 1957 589 2016 occidebant.
646 1976 745 2012 nec
777 1953 1059 2036 quisquam
1092 1974 1201 2012 erat
1238 1956 1600 2013 Barbarorum
1630 1959 1721 2032 qui
1752 1955 1860 2012 ho-

245 2039 382 2098 stem
411 2057 601 2096 contra
639 2036 866 2116 aspicere
886 2034 903 2101 ,'
939 2037 1141 2095 nedum
1162 2040 1297 2094 tueri
1331 2037 1380 2095 se
1401 2039 1618 2095 auderet
1653 2061 1667 2094 ε
1710 2036 1858 2117 quis-

245 2144 354 2203 que
387 2120 437 2180 se
455 2119 786 2180 saevientium
807 2119 1028 2177 arbitrio
1046 2118 1369 2198 praebebant.
1386 2141 1443 2177 ac
1462 2140 1529 2177 ne
1549 2119 1615 2178 fic
1633 2120 1856 2201 quidem

246 2203 579 2265 decedebant
615 2225 677 2261 ex
701 2206 885 2260 animo
914 2204 1156 2260 terricula
1174 2241 1191 2267 ‚
1233 2205 1366 2281 quin
1385 2201 1635 2282 gliscebat
1656 2220 1855 2260 metus-

246 2286 332 2346 sex
353 2287 519 2344 millia
531 2286 676 2343 hunc
705 2288 761 2342 in
794 2285 1022 2343 modum
1042 2289 1314 2365 perierunt
1333 2326 1348 2346 ‚
1380 2288 1533 2343 multi
1549 2283 1600 2342 se
1620 2284 1855 2343 tradide-

246 2387 376 2427 runt
405 2367 731 2434 νίἑὶοτὼιιε,
769 2365 1015 2448 aquibus
1030 2367 1092 2425 ad
1115 2386 1329 2446 tempus
1346 2365 1533 2424 servati
1554 2370 1712 2445 paulo
1732 2367 1854 2447 post

243 2449 516 2515 interfecti
545 2448 685 2508 sunt.
728 2451 924 2529 Neque
945 2471 1074 2507 vero
1105 2449 1453 2507 Gotthorum
1481 2467 1696 2507 tantum
1721 2450 1854 2507 stra-

246 2557 343 2617 ges
360 2530 500 2610 facta
517 2531 592 2592 est
611 2576 626 2597 ,
662 2529 748 2589 sed
779 2538 834 2590 &
870 2535 1171 2590 multorum
1191 2536 1284 2612 qui
1316 2535 1553 2590 Romani
1571 2531 1852 2609 quondam

248 2619 449 2675 milites
470 2632 633 2695 rupto
667 2619 842 2693 priore
870 2613 1200 2673 sacramento
1216 2655 1244 2707 ᾖ
1271 2633 1328 2673 ut
1362 2611 1582 2672 narrasse
1605 2616 1851 2683 memini,

247 2698 574 2758 adTotilam
592 2695 944 2778 Gotthosque
965 2694 1325 2779 perfugerant.
1370 2696 1572 2778 quibus
1592 2717 1718 2755 vero
1738 2695 1856 2753 bar-

247 2782 412 2840 barici
431 2781 690 2839 exercitus
706 2800 882 2860 neque
895 2779 1123 2838 interfici
1144 2802 1319 2860 neque
1338 2783 1393 2837 in
1408 2800 1596 2837 manus
1614 2778 1851 2836 hostium

250 2868 434 2941 venire
464 2866 766 2942 contigerat
787 2903 803 2930 ‚
844 2861 897 2919 hi
925 2859 1112 2945 fugam
1146 2865 1381 2942 ignorati
1412 2860 1765 2920 intenderunt
1792 2865 1852 2918 in

250 2944 447 3010 diversa
464 2987 483 3017 ,
519 2964 579 3005 ut
597 2965 761 3026 quem
780 2965 951 3027 equus
968 2986 988 3018 ,
1030 2964 1090 3004 ut
1108 2944 1267 3026 pedes
1293 2947 1519 3005 tulerant
1539 2985 1558 3015 ‚
1589 2962 1648 3003 ut
1667 2942 1715 3001 se
1734 2940 1849 2998 for-

1690 3042 1853 3097 tuna,
