1888 3428
229 154 344 216 510
545 132 931 207 PR‘ocoeu
970 123 1521 183 C‘AEs‘AREENsts

222 214 492 299 oppidum
526 208 843 269 tutabantur
874 208 986 266 duo
1019 223 1275 284 praeerant
1302 205 1331 262 ὲ
1358 208 1613 264 Romana
1640 207 1832 264 militia

221 296 514 378 transfugae
531 290 857 371 Meligedius
885 296 938 348 &
971 287 1230 364 Vliphus,
1264 289 1310 344 is
1342 291 1437 367 qui
1466 289 1600 346 olim
1630 287 1833 347 satelles

227 382 527 463 Cypriani,v
557 375 752 433 deinde
768 372 970 429 Totilae
992 371 1382 449 pollicitatione
1412 389 1695 451 corruptus
1716 373 1834 451 Cy-

222 471 475 546 prianum
511 455 903 539 praefidiiillius
955 449 1267 530 praefeftum
1306 451 1440 511 dolo
1482 451 1833 511 interfeceratss

223 545 557 627 Meligedius
588 540 614 597 a
641 537 876 596 Nat-setis
901 533 1309 593 conditionibus
1327 557 1441 592 non
1459 534 1836 594 aversusvole-

225 633 323 691 bat
339 626 464 687 curn
484 623 585 682 suis
603 625 987 680 Romanorum
1005 623 1060 676 in
1090 615 1414 694 potestatem
1443 619 1707 697 oppidum
1726 637 1837 676 tra-

159 759 161 763 ,
228 715 372 773 dere.
415 707 647 785 Vliphus
677 712 729 762 &
751 706 986 782 quicum
1008 701 1344 759 sefflabantur
1365 741 1382 766 ,
1418 700 1741 758 conscientia
1760 699 1838 757 fa-

153 783 160 795 Ι
229 798 431 855 cinoris
452 833 467 854 ‚
503 809 681 868 aperte
700 784 747 843 se
769 787 849 842 his
883 782 1273 864 opponebant:
1317 783 1404 841 sed
1431 785 1460 840 a
1485 782 1839 841 dissentienti-

194 875 197 877 ’
228 879 336 936 bus
354 870 582 955 oppreffi
603 886 827 948 pereunt
846 907 864 932 ‚
899 868 1184 945 statimque
1205 866 1232 922 a
1251 865 1556 946 Meligedio
1570 866 1839 945 oppidum

228 960 499 1020 Romanis
521 954 869 1033 permittitur.
914 952 1066 1009 Vltio
1080 950 1189 1004 Dei
1206 968 1321 1006 non
1340 946 1564 1006 obscura
1578 948 1847 1027 Vliphum

234 1039 687 1122 deprehenderat,
725 1033 947 1111 quando
987 1031 1181 1089 eodem
1218 1034 1273 1086 in
1308 1032 1434 1088 loco
1466 1052 1614 1088 mors
1634 1023 1842 1089 eiillata

234 1126 311 1183 est
342 1122 436 1181 ubi
470 1122 804 1196 Cyprianum
837 1112 942 1192 ipse
979 1114 1403 1170 obtruncaverat.
1462 1116 1595 1170 Haec
1619 1115 1840 1191 quidem
1879 1152 1885 1159 -

227 1203 458 1268 Perufiae
476 1204 590 1259 afta
611 1195 748 1254 sunt.
791 1198 871 1252 At
905 1198 999 1274 qui
1018 1196 1258 1252 Romam
1287 1194 1586 1251 insidebant
1617 1196 1841 1267 Gotthi‚

231 1309 297 1349 ut
315 1289 494 1347 venire
512 1286 568 1339 in
602 1278 650 1337 se
686 1299 886 1359 magno
919 1298 1043 1334 cum
1071 1280 1306 1334 exercitu
1325 1276 1606 1337 Narsetem
1635 1278 1845 1337 intelle-

232 1387 424 1435 xerant
443 1408 457 1429 ‚
494 1384 592 1422 nec
605 1367 717 1438 jam
749 1358 856 1419 effe
868 1363 1031 1443 longe
1052 1399 1067 1421 ‚
1098 1359 1164 1418 ad
1185 1364 1296 1420 vim
1312 1358 1551 1418 hostium
1571 1362 1846 1442 excipien-

232 1455 361 1514 dam
381 1449 724 1531 parabantur.
767 1446 916 1502 Cum
935 1444 1173 1523 primum
1192 1443 1391 1501 urbem
1404 1461 1616 1524 ceperat
1638 1484 1655 1511 ,
1676 1445 1847 1523 plera-

233 1558 346 1619 que
364 1539 480 1610 ejus
497 1542 661 1611 opera
681 1528 946 1603 dejecerat
970 1528 1183 1584 Totilas
1203 1549 1217 1583 z
1237 1525 1499 1603 posterius
1517 1547 1646 1584 vero
1665 1525 1845 1585 secum

234 1635 492 1698 reputans
510 1612 753 1671 redaCtos
779 1610 842 1667 ad
863 1612 1186 1690 paucitatem
1210 1607 1460 1667 Gotthos
1485 1609 1549 1667 ad
1578 1609 1847 1666 ambitum

234 1719 475 1783 quantus
493 1708 603 1752 era't
624 1696 874 1751 maenium
894 1693 1160 1749 tuendum
1193 1714 1307 1749 non
1340 1690 1658 1749 suffetsturos
1677 1734 1693 1760 ,
1727 1713 1847 1772 par-

235 1804 357 1844 tem
378 1780 525 1838 urbis
543 1797 657 1834 non
678 1795 929 1854 magnam
949 1774 1172 1830 Adriani
1193 1794 1412 1852 propter
1426 1776 1701 1831 tumulum
1718 1796 1848 1853 pro-

238 1869 371 1948 priis
388 1861 661 1940 amplexus
689 1860 1042 1914 munimentis
1059 1877 1119 1912 ea
1141 1855 1245 1936 ipsa
1264 1877 1426 1913 muro
1443 1860 1698 1913 annexuit
1715 1899 1732 1925 ‚
1767 1878 1850 1920 ca-‚

237 1949 485 2025 :stellique
507 1940 633 1999 fecit
655 1937 896 2017 speciem.
938 1940 1104 1994 Hunc
1126 1940 1310 1996 locum
1328 1940 1382 1994 in
1401 1960 1512 2017 quo
1534 1960 1708 1996 rerum
1737 1937 1850 1996 sua-

239 2053 365 2091 rum
381 2023 637 2086 carissima
652 2020 1004 2098 deposuerant
1019 2020 1218 2076 Gotthi
1242 2062 1258 2087 ,
1289 2015 1531 2100 pervigili
1562 2042 1683 2078 cura
1701 2039 1849 2078 tuta-

242 2119 289 2175 ri
317 2110 589 2170 solebant,
620 2104 768 2161 urbis
801 2103 1061 2161 maenibus
1095 2105 1364 2182 negleeffli
1393 2101 1606 2159 habitis.
1649 2101 1735 2161 sed
1764 2108 1850 2160 in·-

242 2210 474 2278 gruente
498 2195 609 2265 jam
645 2186 885 2264 periculo
926 2185 1130 2241 Gotthi
1161 2185 1223 2241 ad
1246 2186 1371 2241 dieti
1399 2190 1511 2262 jam
1546 2184 1851 2243 locicusto·

244 2281 390 2338 diam
410 2273 606 2330 relinitis
635 2290 747 2324 non
776 2271 848 2323 ita
868 2269 1083 2334 multiS‚
1123 2273 1290 2324 caeteri
1312 2269 1365 2323 in
1401 2289 1683 2324 murorum
1719 2289 1849 2346 pro-

247 2355 552 2443 pugnacula
571 2347 896 2408 discefferant
914 2391 928 2415 ‚
950 2350 1261 2427 repellendae
1281 2352 1699 2429 oppugnationi.
1742 2354 1852 2407 Ve-

247 2465 372 2502 rum
404 2456 551 2497 tanta
581 2433 655 2491 est
686 2435 940 2489 maenium
973 2433 1306 2510 amplitudo,
1351 2453 1409 2488 ut
1441 2453 1617 2511 neque
1649 2454 1852 2489 corona

247 2546 367 2584 eam
387 2525 598 2600 cingere
635 2516 874 2580 vaierent
890 2516 1126 2571 Romani
1144 2557 1162 2583 ‚
1193 2535 1367 2593 neque
1392 2510 1687 2571 universam
1707 2515 1854 2572 Got-

249 2607 331 2665 thi
351 2600 653 2663 defendere.
694 2593 861 2674 Sparsi
880 2600 1093 2675 utrique
1112 2637 1128 2662 ‚
1160 2616 1361 2676 partem
1383 2618 1499 2673 quae
1518 2599 1715 2675 cuique
1744 2595 1853 2652 ob-

233 2694 444 2770 tigerat
463 2725 480 2751 ,
511 2682 586 2740 illi
605 2677 932 2744 affultabant,
948 2678 999 2734 hi
1023 2700 1119 2757 pro
1139 2678 1338 2736 viribus
1356 2677 1690 2736 tutabantur.
1719 2681 1856 2737 Nar-

250 2770 330 2831 ses'
363 2771 563 2850 quippe
595 2782 796 2842 magno
828 2781 950 2816 cum
985 2759 1377 2841 sagittariorum
1420 2763 1635 2842 agmine
1670 2764 1854 2842 regio-

253 2874 383 2913 nem
405 2859 567 2908 unam
599 2842 917 2901 invadebat:
965 2847 1017 2899 in
1038 2846 1189 2900 aliam
1211 2844 1258 2899 se
1279 2843 1472 2899 tulerat
1491 2864 1615 2900 cum
1647 2840 1857 2901 suisJo-

254 2934 461 2997 hannes
476 2928 763 2990 Vitaliani:
807 2923 979 2983 rursus
1001 2929 1058 2983 in
1086 2926 1228 2985 aliud
1245 2926 1381 2984 latus
1413 2923 1706 2986 Philimuth
1731 2927 1855 2981 He·-

229 3033 233 3036 “
675 3021 676 3025 ’
1639 3005 1850 3086 rufique
