1888 3428
300 169 1304 252 DEREB.GET1c1s.
1521 184 1634 254 671

22 254 225 338 globos
241 255 458 313 dissonis
477 254 707 315 vocibus
723 248 1077 333 confragosos
1094 296 1109 318 ,
1138 253 1310 312 adhuc
1343 258 1482 314 inter
1500 256 1648 315 bella.

26 338 263 398 furentia
285 334 465 396 funeri
499 334 775 396 reddidisse
810 338 1093 393 culturam.
1143 337 1534 396 Fundebantur
1565 344 1647 398 la·-

30 421 291 501 chrymae,
323 417 409 479 sed
429 442 546 499 quae
566 424 692 478 viris·
707 416 943 477 fortibus
969 417 1211 495 impendi
1230 417 1422 477 solent.
1462 422 1642 480 nostra

32 525 182 562 mors
200 521 330 571 erat,
344 501 432 563 sed
449 506 666 561 Hunno
687 499 818 559 teste
836 498 1089 579 gloriosa,
1112 500 1254 557 unde
1281 500 1520 561 hostium
1541 526 1644 584 pu-

26 603 229 645 taretur
246 586 501 644 inclinata
517 583 634 644 fore
651 582 893 664 superbia
911 624 929 650 ‚
948 582 1169 661 quando
1189 587 1332 663 regis
1353 582 1540 643 efferre
1556 607 1646 644 ca-

29 668 191 727 daver
208 688 333 727 cum
352 669 456 728 suis
470 666 769 748 insignibus
786 664 1240 745 inspiciebant.At
1262 666 1440 724 Gothi
1459 667 1648 726 Theo-

32 751 213 808 derico
232 751 404 809 adhuc
415 749 554 830 justa
568 750 856 816 solvente3‚
873 752 1030 806 armis
1049 747 1425 807 insonantibus
1441 753 1646 830 regiam

31 831 283 892 deferunt
300 833 647 911 majestatem,
666 830 1093 912 fortiffimusque
1109 831 1485 890 Thorismund
1507 833 1648 891 bene

28 916 294 996 gloriosus
310 959 327 986 ‚
363 916 427 974 ad
444 938 627 973 manes
648 914 892 972 cariffimi
914 918 1075 995 patris
1093 955 1110 982 ,
1133 933 1193 971 ut
1205 915 1428 993 decebat
1447 913 1645 983 filium,

30 1002 284 1079 exequias
306 997 380 1055 est
413 998 793 1077 prosequutus.
841 997 1015 1063 Quod
1048 996 1334 1077 postquam
1367 1000 1647 1078 perafflum

29 1079 105 1137 est
119 1122 136 1148 ‚
155 1079 399 1137 orbitatis
416 1081 607 1138 dolore
627 1098 965 1146 commotuS,
982 1087 1035 1138 &
1053 1083 1268 1137 virtutis
1287 1084 1517 1160 impetu,
1534 1102 1646 1160 qua.

31 1161 237 1220 valebat
252 1204 266 1229 ‚
287 1163 418 1220 dum
438 1168 577 1220 inter
594 1165 844 1241 reliquias
857 1163 1201 1219 Hunnorum
1221 1183 1459 1220 mortem
1483 1167 1646 1242 patris

32 1244 301 1302 vindicare
338 1246 624 1303 contendit
645 1267 660 1311 3
698 1246 923 1301 Aetium
961 1248 1245 1323 patricium
1264 1286 1280 1311 ,
1324 1244 1421 1302 acsi
1455 1245 1641 1302 senio-

27 1345 142 1383 rem
163 1371 176 1391 ,
213 1327 606 1406 prudentiaque
630 1344 905 1384 maturum
926 1367 941 1394 ‚
971 1326 1147 1384 dehac
1176 1346 1322 1406 parte
1350 1326 1642 1394 consuluit,

31 1408 166 1487 quid
205 1407 299 1464 fibi
337 1407 461 1467 e'ffet
494 1413 550 1467 in
585 1427 834 1488 tempore
861 1408 1190 1466 faciendum.
1232 1411 1323 1467 Ille
1351 1407 1482 1476 vero
1518 1431 1639 1467 me·-

27 1507 189 1548 tuens
209 1532 226 1559 ,
253 1512 319 1548 ne
340 1494 564 1550 Hunnis
579 1491 823 1551 funditus
840 1493 1176 1570 interemptis
1192 1533 1208 1560 ,
1244 1490 1272 1549 ὲ
1293 1492 1500 1550 Gothis
1518 1494 1642 1551 Ro-

27 1594 316 1630 manorum
336 1596 671 1654 premeretur
693 1578 981 1654 imperium
1002 1616 1020 1643 ‚
1055 1574 1254 1653 praebet
1272 1574 1370 1632 hac
1399 1573 1640 1633 suasione

25 1654 307 1714 confilium
327 1698 345 1724 ,
384 1676 443 1715 ut
462 1658 526 1716 ad
545 1656 688 1715 sedes
708 1660 947 1737 proprias
965 1674 1224 1714 remearet
1242 1698 1259 1723 ,
1294 1678 1640 1737 regnumque

23 1739 177 1819 quod
197 1757 345 1818 pater
363 1740 647 1820 reliquerat
666 1742 763 1796 arri
771 1756 951 1817 peret3
985 1759 1052 1812 ne
1071 1741 1316 1818 germani
1336 1744 1450 1814 ejus
1467 1781 1483 1808 ‚
1513 1744 1639 1820 opi·-
1715 1784 1718 1785 ν

24 1821 130 1878 bus
148 1820 375 1901 sumptis
411 1826 644 1900 paternis
664 1863 680 1889 ,
712 1818 1146 1901 Vesegotharum
1177 1842 1410 1903 regnum
1448 1842 1641 1900 perva-

20 1898 228 1970 derent,
245 1907 584 1985 graviterque
605 1904 798 1962 dehinc
817 1925 942 1961 cum
962 1902 1088 1973 suiS‚
1109 1909 1162 1960 &
1183 1903 1336 1983 quod
1362 1908 1513 1984 pejus
1528 1903 1634 1974 est,

21 1985 388 2044 miserabiliter
416 2005 702 2068 pugnaret.
750 1991 884 2063 Qlo
919 1984 1169 2065 responso
1199 2008 1315 2043 non
1347 1986 1638 2066 ambigue,

23 2086 83 2126 ut
99 2070 286 2127 datum
305 2067 378 2126 est
398 2111 412 2132 ‚
443 2069 530 2129 sed
550 2091 649 2150 pro
669 2068 755 2127 sua
778 2073 960 2149 potius
978 2073 1208 2128 utilitate
1229 2068 1472 2147 suscepto
1494 2111 1512 2137 ,
1548 2090 1633 2127 te·-

19 2152 158 2215 lifizis
187 2153 412 2209 Hunnis
430 2193 447 2219 ,
483 2154 619 2210 redit
639 2153 703 2210 ad
725 2153 941 2210 Gallias.
989 2155 1076 2209 Sic
1107 2151 1346 2210 humana
1371 2150 1635 2232 fragilitas

18 2235 151 2293 dum
186 2232 576 2312 suspicionibus
596 2237 832 2293 occurrit
848 2275 866 2300 ‚
895 2236 1092 2315 magna
1109 2256 1286 2293 rerum
1304 2238 1640 2316 agendarum

21 2315 302 2375 occasione
321 2319 675 2396 intercipitur.
719 2323 779 2374 In
797 2317 903 2374 hoc
921 2323 1066 2375 enim
1083 2316 1434 2375 famofiffimo
1448 2324 1504 2375 δε
1523 2316 1639 2375 for-

26 2399 344 2457 tiffimarum
365 2403 612 2480 gentium
632 2400 775 2458 bello
799 2401 865 2457 ab
889 2400 1126 2481 utrisque
1157 2403 1402 2480 partibus
1432 2421 1458 2457 c
1478 2421 1511 2456 L
1527 2423 1560 2457 x
1579 2419 1634 2457 11

24 2484 190 2541 millia
211 2480 337 2540 caesa
371 2481 676 2542 referuntur
695 2525 714 2552 ,
753 2487 987 2562 exceptis
1015 2507 1048 2541 x
1067 2506 1093 2542 c
1124 2485 1364 2542 millibus
1385 2482 1634 2559 Gepida-
1717 2529 1726 2538 .

25 2585 146 2623 rum
167 2572 222 2624 δε
243 2567 576 2625 Francorum
600 2608 615 2629 ‚
645 2570 738 2645 qui
759 2585 881 2624 ante
901 2565 1334 2647 congressionem
1356 2565 1633 2644 publicam

21 2649 193 2706 nofiu
217 2646 310 2706 fibi
333 2668 677 2707 occurrentes
696 2691 712 2717 ‚
757 2654 960 2708 mutuis
980 2650 1263 2710 concidere
1280 2649 1596 2708 vulneribus
1612 2687 1629 2711 ,

23 2730 238 2789 Francis
280 2747 379 2810 pro
414 2734 798 2790 Romanorum
820 2779 835 2800 ,
886 2734 1118 2814 Gepidis
1154 2755 1252 2813 pro
1287 2735 1633 2791 Hunnorum

25 2831 173 2889 parte
206 2815 603 2895 pugnantibus·
645 2818 818 2873 Attila
863 2819 1030 2898 igitur
1067 2814 1379 2881 disceffione
1412 2817 1647 2894 cognita*

24 2893 347 2955 Gothorum
366 2939 383 2965 ‚
406 2896 558 2978 quod
574 2899 638 2957 de
653 2900 974 2959 inordinatis
992 2902 1172 2980 colligi
1191 2901 1322 2959 solet
1339 2941 1356 2967 ‚
1378 2905 1430 2957 δε
1451 2898 1636 2957 inimi,-

22 2996 214 3044 corum
227 2984 402 3063 magis
432 2979 693 3067 aestimans
720 2983 945 3056 dolum,
975 2983 1181 3047 diutius
1211 2983 1261 3043 se
1296 2986 1435 3044 intra
1469 2975 1632 3036 castra

1495 3078 1633 3117 con-
