1991 3449
229 203 231 205 ¹
409 134 1258 214 PnoLEeoM‘ENAJ
1570 156 1661 217 J15

56 228 121 294 bi,
136 239 195 284 ut
202 216 419 302 pletique
426 223 686 299 striptores
702 223 937 294 memoriae
949 214 1228 296 prodidere,
1254 223 1430 278 terrori
1434 220 1669 296 fuerunt.

56 315 106 367 Is
139 296 233 388 qui
264 295 541 365 Chronica
572 305 806 360 Sclavica
840 300 907 360 ab
941 322 1087 358 anno
1119 320 1217 357 clo
1237 320 1449 361 Cvam
1477 302 1543 361 ad
1573 325 1672 361 an·-

58 412 191 449 num
233 409 358 451 clo
394 406 594 446 cccc
628 405 876 444 Lxxvn
943 381 1018 440 est
1049 380 1356 462 persecutus
1389 396 1565 461 Regem
1599 390 1672 445 ait

59 475 328 532 Gothorum
345 476 429 548 qui
443 474 561 548 jam
579 467 875 542 Suedifitm.
910 468 954 522 is
975 470 1071 545 qui
1091 474 1218 524 eum
1244 467 1563 545 praecesserat
1582 473 1675 526 iti-

57 557 182 614 dem
207 554 618 613 Chronicorum
656 553 1021 608 Sclavicorum
1049 546 1274 625 scriptor
1303 554 1498 616 Sclavia
1520 548 1553 607 d
1575 564 1676 609 Go‘-

59 641 152 696 this
173 640 235 702 &
254 645 400 695 Danis
418 639 543 692 mari
546 634 854 713 stjungitur.
895 633 1091 689 Danus
1111 630 1186 689 est
1203 633 1365 701 Saim,
1386 640 1461 701 δε,
1486 652 1546 690 ut
1563 635 1675 692 Da-

55 741 159 776 nus
195 760 211 786 ,
254 717 439 775 Suedis
461 718 685 772 minime
711 711 926 782 faven3‚
964 712 1162 792 scripsit
1194 733 1317 772 ante
1337 737 1510 773 annos
1539 739 1674 796 qua-

53 800 394 881 dringentos·
438 800 578 878 apud
606 819 731 859 eum
768 819 884 854 non
905 794 1066 855 semel
1084 795 1171 855 sed
1199 795 1428 855 infinitis
1450 801 1678 868 inlociS,

55 883 287 940 Gothos
316 880 629 961 terramque
652 881 718 937 ab
750 882 850 938 illis
881 879 1150 938 Gothiam
1172 922 1190 949 ‚
1225 879 1428 939 ibidem
1465 880 1675 960 pofitos

55 963 223 1024 ubi&
240 987 384 1023 nunc
402 962 1080 1046 cognoscuntur‚reperias.
1095 965 1226 1020 Hoc
1244 967 1520 1043 antiquior
1534 966 1677 1022 Hel-

53 1048 272 1106 moldus
293 1090 310 1116 ‚
345 1052 388 1105 is
421 1053 477 1106 in
512 1050 823 1104 Sclavorum
845 1045 1064 1103 historia
1082 1044 1148 1102 fic
1168 1046 1449 1126 loquitur:
1491 1048 1556 1124 est
1578 1069 1675 1105 au-

51 1147 151 1188 tem
168 1143 320 1211 Byrca
334 1134 555 1209 oppidum
576 1134 844 1189 Gothorum
860 1131 1223 1188 celeberrimum
1258 1134 1306 1187 in
1326 1133 1479 1187 medio
1498 1133 1674 1188 Suediae

46 1213 278 1290 positum.
323 1213 468 1271 hunc
489 1212 764 1271 anteceffit
783 1213 1030 1271 Adamus
1048 1212 1350 1269 Bremenfis
1368 1216 1463 1291 qui
1496 1211 1677 1271 &Sco-2

55 1298 142 1350 nia
159 1299 214 1351 in
240 1295 510 1353 Gothiam
530 1317 622 1375 per
643 1293 950 1374 profundos
968 1293 1125 1352 saltus
1145 1314 1475 1374 montesque
1499 1293 1675 1374 asper-

53 1378 226 1434 timos
244 1380 331 1458 agi
355 1379 456 1435 iter
476 1378 631 1436 dixit.
661 1376 857 1435 deinde
880 1400 893 1434 :
938 1376 1123 1454 exipsis
1147 1382 1330 1454 populie
1357 1380 1536 1435 Suediae
1558 1399 1676 1456 pro-

53 1460 179 1516 ximi
212 1462 282 1515 ad
295 1481 378 1517 nos
394 1463 619 1518 habitant
655 1463 803 1517 Gothi
819 1462 904 1536 qui
938 1462 1258 1519 occidentales
1275 1462 1538 1519 dicuntur:
1587 1463 1677 1519 alii

40 1537 165 1620 fient
200 1544 496 1599 orientales.
530 1560 696 1600 verum
731 1540 1096 1617 VVestergothia
1128 1543 1321 1614 confinis
1337 1542 1403 1619 est
1419 1546 1675 1620 provincia

53 1615 302 1681 Danorum
330 1643 428 1699 qua:
455 1626 629 1681 Sconia
663 1622 878 1689 dicitur,
906 1620 943 1680 ’ἃ
971 1641 1070 1699 qua
1088 1621 1271 1697 ferunt
1305 1626 1464 1683 diebus
1480 1627 1675 1703 septem

46 1708 292 1783 perveniri
319 1705 561 1781 usquead
584 1707 839 1764 civitatem
871 1709 1139 1764 Gothorum
1173 1725 1405 1784 magnam
1441 1720 1674 1768 Scarane.

52 1790 217 1846 deinde
247 1786 551 1866 ostrogothia
578 1790 896 1865 protenditur
898 1790 1062 1868 juxta
1080 1809 1216 1861 mare
1242 1793 1375 1867 quod
1393 1795 1672 1851 Balthicum

52 1873 230 1930 dicitur
246 1871 389 1947 ufique
403 1873 471 1927 ad
501 1872 725 1952 Byerm.
754 1875 939 1949 primus
964 1876 1236 1932 Gothorum
1256 1875 1491 1952 episcopus
1511 1879 1676 1935 Thur-

45 1970 136 2031 got
140 1954 266 2028 fuit.
309 1958 362 2010 &
381 1975 500 2032 quae
521 1953 820 2031 sequuntur
842 1957 1072 2032 plurima
1086 1955 1141 2014 id
1158 1956 1313 2035 quod
1328 1954 1673 2016 dixifirmaxi-

52 2039 143 2093 tia.
185 2035 328 2093 idern
358 2035 653 2093 Ezechielis
687 2037 752 2095 de
802 2037 1019 2119 Magog
1048 2040 1234 2097 locum
1268 2056 1424 2118 putat
1453 2061 1571 2099 non
1606 2042 1672 2100 ad

51 2139 146 2175 eos
169 2114 436 2175 ⁷G0tth0s
459 2122 554 2198 qui
574 2120 831 2187 Romam*
851 2139 1112 2200 ceperunt
1128 2163 1146 2190 ‚
1181 2120 1272 2180 sed
1290 2121 1356 2181 ad
1376 2144 1469 2180 eos
1500 2127 1595 2205 qui
1613 2127 1671 2182 in.

53 2203 286 2258 Sueonia
316 2198 587 2259 florebant
621 2205 922 2282 pertinere,
961 2209 1016 2261 &
1040 2225 1167 2262 cum
1199 2205 1503 2266 Helmoldo
1532 2210 1672 2288 Byr-

51 2280 173 2340 kam
195 2286 266 2341 ait
284 2283 547 2362 oppidum
581 2284 932 2343 Gotthorum
954 2291 1011 2343 in
1046 2287 1230 2347 medio
1253 2289 1503 2348 Sueoniae
1525 2289 1672 2370 pofi-

51 2382 192 2422 tum.
234 2368 546 2446 parimodo
577 2366 861 2448 scriptores
881 2370 1084 2451 Angli,
1118 2392 1259 2451 quos
1278 2372 1452 2430 modo
1483 2377 1670 2432 nomi-

50 2451 173 2506 navi
207 2481 261 2527 ,ὴ
281 2447 892 2529 XVestmonasteriensis
939 2455 1032 2533 qui
1084 2455 1224 2532 circa
1276 2475 1484 2513 annum
1537 2460 1672 2515 vixit

50 2549 150 2586 cta
179 2551 207 2588 c
224 2552 251 2588 c
269 2552 296 2589 c
326 2553 404 2589 Lx
421 2555 452 2589 x
467 2553 530 2611 γι
545 2552 585 2602 Ι,
611 2534 954 2592 Hovedenus
972 2538 1064 2615 qui
1084 2539 1221 2596 circa
1236 2558 1442 2597 annum
1462 2557 1563 2597 c12
1581 2561 1608 2598 c
1623 2562 1671 2609 c,

36 2611 523 2697 ‘Huritisdonienfis
542 2619 636 2696 qui
655 2619 790 2675 circa
814 2639 1018 2676 annum
1043 2639 1079 2677 c
1098 2639 1121 2676 1
1142 2640 1179 2678 3
1207 2641 1245 2678 c
1279 2642 1481 2682 LVIII.
1513 2622 1668 2681 Got-

54 2689 180 2750 thos
199 2702 544 2777 conjungunt
561 2720 686 2757 cum
717 2701 892 2758 Danis
911 2741 928 2767 ‚
962 2703 1430 2784 Norvegienfibus
1449 2727 1507 2764 ac
1532 2709 1669 2764 Sua-

53 2771 246 2834 thedis.
288 2778 548 2838 Meminit
563 2781 910 2841 Gotthorum
931 2788 1071 2866 regis
1090 2785 1276 2846 iisdem
1293 2790 1350 2845 in
1368 2792 1500 2848 locis
1518 2788 1667 2847 Gui-

50 2856 260 2917 lielmus
298 2861 663 2944 Neibrigenfis
702 2869 796 2944 qui
840 2869 1003 2946 paulo
1038 2887 1163 2928 ante
1199 2892 1443 2930 annuum
1476 2869 1666 2930 floruit

51 2956 90 2998 c
108 2957 128 2997 1
148 2958 186 3000 ε)
221 2960 262 3031 cr
279 2961 336 3025 c.
378 2945 675 3008 Adnothus
693 2969 918 3031 quoque
940 2953 1178 3034 AngluS,
1197 2951 1285 3014 sed
1304 2958 1398 3034 qui
1413 2956 1467 3021 in
1486 2956 1665 3094 [gagia

1544 3056 1569 3093 a
1615 3057 1661 3093 ι·
