1888 3428
211 133 333 212 428
551 129 947 186 Pnocopu
1010 122 1585 185 Cfflsannssuns‘
1842 188 1847 194 ,-

214 221 286 275 cit
304 211 500 271 fortior
517 230 659 269 arma
672 205 869 267 inferre
884 204 1224 265 suadentium
1239 203 1529 265 sententia:
1547 203 1844 287 statimque

213 301 319 356 iter
336 293 671 365 inchoatum.
717 289 806 349 sed
837 293 965 348 Lazi
981 290 1251 347 Romanis
1268 286 1466 346 sociare
1495 291 1663 347 aciem
1682 306 1853 362 recu-j*

214 377 331 436 sant
346 418 363 444 ‚
401 374 766 434 obtendentes
782 374 1050 431 Romanis
1079 391 1193 428 non
1210 369 1276 429 de
1293 376 1458 449 patria
1475 392 1652 450 neque
1665 371 1732 429 de
1749 392 1852 429 re-,i

217 461 323 520 bus
337 456 934 517 cariffimiscertamen:
966 451 1059 512 fibi
1081 473 1300 532 penates
1320 493 1338 518 ,
1376 474 1574 510 uxores
1587 498 1600 517 ‚
1637 452 1861 518 liberos-fl

217 547 276 604 in
293 540 529 621 periculo
551 563 567 608 3
595 538 633 596 fi
653 542 1027 603 vincerentur,
1048 556 1114 591 ne
1134 532 1362 593 feminas
1380 534 1602 614 quidem
1622 534 1729 593 fine
1748 557 1857 598 rua:

219 625 357 683 bore
377 623 764 701 conspecturi&
801 625 881 679 Vt
919 620 1087 678 virtus
1121 615 1317 675 deess'et
1336 657 1353 678 ‚
1388 638 1486 695 pro
1521 620 1721 676 virtute
1740 639 1840 680 nc-
1854 625 1866 682 ζ

222 706 515 766 cessitatem
538 701 674 786 fore.
696 707 861 762 Primi
881 724 1014 784 ergo
1029 700 1287 780 congredi
1303 697 1549 756 hostibus
1565 699 1843 770 ardebant,
1862 699 1864 702 ’

221 811 292 864 ne
312 792 587 854 Romani,
612 786 755 843 haud
783 807 934 864 aeque
954 787 1159 864 promti
1177 785 1234 843 in
1251 779 1558 847 discrimen,
1598 781 1869 862 ipsorum

224 870 499 929 obstarent
515 869 757 926 audaciae.
801 869 938 924 Haec
955 870 1107 926 Lazis
1119 867 1445 945 jactantibus
1464 869 1632 927 alacer
1643 865 1846 925 Guba-
1863 913 1870 940 Ι.

222 976 311 1014 zes
337 996 350 1018 ,
388 952 604 1011 seorsim
624 950 873 1008 nonnihil
896 950 923 1008 a
943 951 1213 1009 Romanis
1232 970 1562 1009 convocatos
1594 950 1846 1008 hortatur
1870 947 1888 1024 i„-

223 1037 460 1115 insuper.
500 1037 855 1091 Incitamenta
873 1032 1031 1090 vobis
1050 1076 1066 1097 ,
1102 1035 1200 1090 viri
1218 1036 1452 1114 egregii,
1489 1034 1553 1091 ad
1586 1036 1848 1089 virtutem
1875 1035 1888 1107 3

187 1166 190 1169 .
229 1120 422 1176 addere
442 1139 507 1172 an
526 1116 753 1172 debeam
772 1115 1027 1193 equidem
1048 1113 1245 1171 nescio,
1290 1137 1431 1194 quos
1466 1119 1613 1173 enim
1635 1113 1739 1195 ipsa
1760 1134 1848 1170 re·a

230 1222 353 1260 rum
375 1195 644 1256 necessitas
661 1197 895 1254 stimulat
913 1240 926 1261 ,
958 1196 1099 1276 apud
1114 1195 1217 1253 hos
1234 1196 1578 1255 hortamenta
1596 1195 1851 1274 superva-
1883 1195 1888 1258 ζ

231 1303 327 1340 cua
343 1281 593 1338 arbitror.
637 1280 790 1336 Talis
808 1297 989 1336 autem
1009 1276 1189 1335 nostra
1207 1277 1291 1340 est,
1315 1276 1559 1336 fortuna.
1602 1281 1693 1336 De
1712 1298 1853 1335 con-
1882 1330 1888 1348 ,Α

225 1368 392 1445 jugiis
408 1404 423 1425 ,
443 1363 508 1422 de
527 1360 716 1420 sobole
732 1403 751 1429 ‚
786 1364 850 1419 de
867 1363 971 1419 lare
993 1402 1009 1427 ,
1033 1380 1092 1418 ut
1116 1361 1285 1419 verbo
1304 1364 1496 1441 loquar
1516 1361 1582 1419 de
1599 1359 1888 1426 universis

231 1468 351 1526 quae
369 1444 549 1504 nostra
565 1443 707 1513 sunt,
725 1462 1012 1502 certamus·
1053 1444 1277 1501 Horum
1292 1445 1458 1503 Persae
1477 1442 1618 1502 avidi
1635 1463 1739 1500 nos
1756 1440 1857 1503 fibi

233 1529 458 1588 sumunt
476 1526 675 1585 hosteS.
720 1527 946 1606 Aliquid
965 1526 1164 1584 horum
1182 1531 1386 1607 eripere
1413 1525 1739 1584 volentibus
1756 1545 1859 1582 ne·-

235 1634 333 1670 mo
353 1610 604 1683 concedit
622 1650 638 1676 ,
666 1607 774 1687 ipsa
808 1629 1084 1688 quemque
1120 1606 1439 1668 adsuorum
1466 1609 1694 1666 tutelam
1712 1609 1860 1665 exci-

237 1712 387 1752 tante
408 1709 615 1751 natura.
659 1695 754 1749 An
787 1694 1049 1769 ignoratis
1079 1688 1354 1748 Persarum
1386 1693 1613 1749 avaritiae
1645 1690 1860 1748 nullum

238 1775 342 1834 esse
359 1774 588 1833 modum
606 1814 623 1842 ‚
643 1771 678 1830 fi
693 1774 964 1834 licentiam
983 1773 1136 1847 nacta
1154 1773 1213 1829 fit
1231 1779 1253 1832 ?
1273 1771 1309 1830 fi
1326 1772 1432 1830 hoc
1446 1772 1591 1829 bello
1611 1773 1858 1832 vicerint,

241 1879 357 1917 non
377 1856 497 1915 satis
512 1855 760 1914 futurum
779 1856 879 1913 illis
911 1859 1173 1934 imperare
1195 1895 1210 1916 ‚
1239 1855 1440 1922 tributa
1467 1853 1702 1913 indicere
1729 1855 1860 1910 alia-

239 1962 347 2021 que
366 1937 538 1997 facere
555 1936 910 2016 regnantibus
924 1935 1098 2006 solita,
1117 1938 1310 1997 docem
1320 1957 1379 1993 ur
1396 1939 1459 1993 iis
1475 1958 1593 2015 quae
1614 1956 1787 2016 nuper
1802 1938 1861 1994 in

242 2044 347 2081 nos
365 2019 675 2084 saevaedidit
691 2018 774 2076 hic
796 2019 939 2085 idem
960 2018 1253 2077 Chosroes.
1294 2016 1548 2078 Vestrum
1565 2018 1637 2077 est
1654 2039 1860 2086 curare,

243 2126 312 2164 ne
330 2108 467 2162 intra
484 2101 648 2161 verba
665 2100 764 2159 stet
782 2099 974 2159 Persici
1003 2104 1336 2160 Dominatus
1355 2104 1682 2180 experienti-a
1702 2142 1719 2168 ‚
1751 2120 1862 2157 neu

245 2193 519 2246 Lazorum
539 2187 767 2241 intereat
781 2205 1004 2242 nomen.
1023 2185 1142 2242 Nec
1160 2183 1571 2243 arduumsnobis
1587 2187 1643 2241 in
1663 2183 1866 2240 Medos

247 2287 690 2347 certamen,quos
706 2267 895 2345 praeliis
912 2267 1284 2346 compluribus
1302 2268 1648 2345 vic⁰coriisque
1668 2264 1884 2343 nostrisa

249 2354 529 2412 novimus.
574 2345 843 2410 consuetis
859 2347 1018 2406 rebus
1038 2347 1182 2406 abest
1200 2345 1500 2415 difficultaS‚
1530 2351 1656 2427 quia
1675 2346 1710 2405 si
1727 2350 1863 2427 quid

248 2435 306 2491 in
324 2437 388 2490 iis
405 2430 480 2489 est
498 2429 659 2510 asperi
678 2471 696 2499 ,
727 2429 785 2489 id
814 2431 1094 2489 meditatio
1114 2429 1343 2508 ususque
1363 2430 1657 2489 hebetavit.
1698 2451 1863 2508 quare

247 2518 374 2573 licet
393 2514 551 2572 vobis
569 2516 790 2591 impune
808 2531 1156 2571 contemnere
1172 2510 1319 2570 fusos
1337 2509 1488 2590 saepe‚
1508 2514 1702 2570 animis
1719 2532 1865 2590 quo-2

251 2619 358 2677 que
376 2599 624 2672 impares.
669 2615 846 2673 neque
865 2599 1011 2652 enim
1031 2597 1220 2674 reponi
1249 2592 1379 2652 solet
1405 2616 1523 2672 quae
1540 2593 1700 2658 semel
1720 2597 1865 2651 exci-

192 2710 195 2713 ·
252 2681 333 2737 dit
351 2676 426 2735 sui
443 2675 655 2735 fiducia.
703 2678 808 2733 His
839 2678 980 2734 recte
1014 2680 1268 2757 cogitatis
1300 2677 1447 2733 bona
1477 2675 1564 2756 spe
1583 2675 1787 2733 comite
1805 2679 1864 2732 in

252 2758 466 2819 hostem
485 2761 694 2815 vadite:
736 2761 959 2816 Dixerat
978 2759 1233 2817 Gubazes
1263 2758 1502 2837 nihilque
1531 2777 1773 2816 moratus
1806 2779 1870 2813 e-

256 2843 403 2898 ducit
424 2839 566 2897 sUOS.
612 2844 775 2896 Acies
795 2840 951 2897 hunc.
967 2844 1022 2897 in
1043 2842 1272 2899 modurn
1291 2841 1546 2897 constitit.
1595 2843 1650 2897 in
1684 2839 1870 2903 fronte

206 2936 207 2939 ’
252 2926 747 3003 {azotumequites
765 2940 887 2980 ante
905 2924 1036 3002 aiios
1055 2927 1107 2980 in
1135 2943 1374 3004 pugnam
1390 2919 1719 2984 ferebantur.
1752 2941 1866 2998 *poi-2

1760 3022 1828 3057 ne
1852 3041 1873 3068 a
