1888 3428
183 130 628 206 GofrT1-11CAE
669 128 1079 185 Hrs‘roRIAE
1118 127 1391 184 Lrss.IV.
1515 124 1627 201 43¹

9 209 153 272 cerer
172 217 294 293 quis
320 218 375 271 in
400 210 603 270 fascem
639 207 1082 289 compactos'efle
1105 211 1296 265 malos.
1328 212 1524 286 Neque
1543 224 1633 262 aut

9 295 295 365 miffilibus
314 295 493 372 hostes
512 293 539 351 a
558 292 605 351 se
625 295 844 372 longius
877 306 1122 347 remotos
1154 293 1414 368 impetere
1435 307 1631 366 potue-

9 396 140 435 runt
158 420 175 446 ‚
215 376 309 434 nili
327 375 442 434 sero
462 418 478 442 ,
511 382 563 432 ἃ
587 393 960 452 tunc-quoque
980 386 1117 451 aegre
1140 413 1155 439 ‚
1177 389 1353 450 neque
1374 391 1629 444 commo-
1667 409 1672 414 -

8 482 135 519 vere
154 458 362 540 gladios
381 473 471 516 aut
491 452 659 515 hastas
677 498 694 524 ‚
722 457 815 511 ubi
833 475 926 512 eos
947 457 1198 511 cominus
1220 452 1314 510 sibi
1334 457 1634 509 imminen-

8 560 92 600 tes
110 540 498 618 conspexerant
537 562 551 597 ε
591 538 678 597 sed
696 536 978 595 clamando
999 537 1382 614 trudendoque
1413 532 1463 590 se
1483 537 1625 589 invi-=

9 645 129 682 cem
166 642 382 700 tempus
417 621 698 688 terebant,
735 620 867 676 dum
899 619 1071 675 modo
1103 618 1442 675 cohaerebant
1474 613 1628 693 sociis

9 705 241 764 navibus
260 727 421 763 naves
440 747 457 773 ,
496 702 667 761 modo
687 709 983 762 contorum
1007 706 1053 757 vi
1073 701 1385 758 turbulente
1406 698 1629 756 divelle-.

10 788 211 846 bantur
229 829 244 854 ,
280 809 372 867 per
388 784 655 866 angustias
672 782 860 841 collisis
882 782 1065 841 rostris
1086 823 1102 850 2
1133 804 1276 841 nunc
1295 789 1487 839 iterum
1509 797 1626 835 rna:-

10 892 126 949 gno
149 872 426 928 intervallo
447 869 720 932 diremtiS,
756 888 948 947 magna
966 890 1027 924 ex
1051 885 1285 945 utroque
1310 886 1471 922 noxa.
1499 863 1633 918 hor-.-

12 954 265 1010 tabantur
283 950 374 1008 fibi
396 954 624 1029 quisque
643 953 924 1028 proximos
941 991 956 1016 ‚
978 952 1212 1006 clamore
1231 947 1491 1011 horribili,
1509 965 1624 1001 non

13 1038 72 1093 in
92 1034 298 1092 hostem
315 1075 330 1099 ‚
369 1031 455 1097 sed
476 1052 535 1089 ut
553 1032 619 1089 ab
638 1034 747 1088 aliis
767 1033 850 1088 alii
879 1031 928 1089 se
949 1052 1287 1093 amoverent.
1331 1033 1434 1086 His
1468 1027 1625 1085 labo-

11 1117 162 1174 ribus
190 1112 437 1194 impliciti
469 1119 607 1172 inter
640 1112 689 1171 se
724 1113 1038 1193 consiliique
1060 1119 1252 1193 inopes
1283 1110 1487 1170 facilem
1519 1110 1625 1167 ho-

11 1198 179 1257 stibus
209 1200 488 1256 vietoriam
510 1196 722 1254 dedere.
765 1199 910 1254 Nam
942 1200 1183 1253 Romani
1203 1198 1443 1275 praelium
1464 1192 1627 1250 forti-

11 1300 130 1342 ter,
174 1301 287 1338 rem
320 1282 560 1337 navalem
595 1281 763 1358 perite
800 1278 1255 1346 administrante3‚
1292 1280 1367 1335 ita
1385 1292 1547 1334 naves
1569 1277 1625 1330 in

11 1361 255 1422 frontem
275 1363 577 1421 direxerant
596 1402 614 1430 ‚
646 1379 708 1419 ut
740 1380 917 1441 neque
950 1365 1181 1420 nimium
1201 1360 1452 1420 distarent
1472 1401 1488 1427 ,
1526 1356 1629 1414 ne-'

15 1468 124 1526 que
161 1448 385 1526 propius
420 1464 583 1525 quam
619 1442 742 1502 usus
768 1441 973 1502 ferebat
1003 1447 1246 1512 coirent,
1279 1441 1367 1501 sed
1395 1443 1624 1500 'rationis

15 1528 190 1587 modo
223 1535 277 1585 &
313 1529 762 1603 conjunctionem
787 1532 839 1583 &
871 1530 1144 1587 intervalla
1172 1525 1468 1584 servarent:
1501 1538 1624 1580 tum

15 1610 235 1691 siquam
263 1608 536 1668 hostilium
569 1612 789 1667 navium
819 1609 1148 1690 segregatam
1179 1609 1423 1670 viderant
1446 1648 1461 1669 ‚
1507 1626 1626 1663 eam

0 1695 170 1751 'nullo
207 1696 436 1772 negotio
475 1691 878 1771 deprimebant.»
913 1713 1021 1769 qua
1050 1712 1179 1749 vero
1210 1690 1356 1771 parte·
1378 1686 1627 1747 confusio

15 1773 256 1834 hostium
292 1793 402 1832 erat
436 1777 697 1840 maxima,
733 1794 799 1830 eo
837 1772 1041 1831 missilia
1075 1773 1394 1854 ingerebant
1420 1780 1472 1830 ὃ(
1494 1791 1628 1827 mox

15 1862 280 1915 irruentes
298 1860 353 1914 in
371 1858 622 1915 turbidos
641 1874 803 1935 atque
822 1878 885 1912 ex
905 1859 1142 1914 tumultu
1163 1861 1302 1913 inter
1332 1855 1380 1912 se
1399 1852 1629 1914 collisos.-

17 1961 182 1999 manu
211 1939 439 2021 stragem
456 1938 704 1997 edebant.
748 1940 921 1996 Praeti
941 1942 1132 1996 animis
1149 1938 1364 1995 Barbari
1383 1938 1513 1995 dum
1534 1938 1630 1994 ad-

17 2022 216 2079 versam
236 2020 331 2078 fibi
352 2044 464 2079 non
487 2019 763 2080 fortunam
783 2039 995 2078 tantum
1016 2064 1030 2089 ,
1047 2019 1134 2079 sed
1153 2019 1459 2100 semetipsos
1475 2042 1630 2076 com-

21 2104 183 2163 miffi's
219 2108 275 2161 in
309 2106 489 2184 praelio
538 2104 810 2161 erroribus
845 2109 1195 2183 experiuntur
1225 2140 1241 2171 ‚
1290 2125 1467 2182 neque
1502 2121 1631 2161 vero

9 2209 246 2245 *movere
279 2190 492 2266 navigia
516 2228 532 2253 ‚
568 2206 741 2264 neque
780 2189 834 2242 in
871 2188 1122 2245 tabulatis
1141 2186 1204 2243 ad
1225 2187 1454 2243 modum
1474 2187 1634 2264 pede*

21 2269 138 2326 stris
159 2290 351 2350 pugnae
375 2267 656 2326 consistere
677 2271 939 2337 valentCS‚
971 2271 1118 2347 quod
1140 2268 1499 2346 periculosum
1520 2290 1634 2325 ma-

22 2356 170 2411 xime
188 2393 204 2419 ,
240 2355 457 2431 quietos
474 2349 523 2407 se
558 2350 773 2423 abjecm
793 2355 1086 2409 certamine
1120 2350 1377 2409 tenebant
1396 2394 1411 2418 ‚
1448 2359 1499 2408 &
1520 2347 1635 2407 for«

24 2454 202 2501 tunae‚
240 2434 499 2513 quicquid
532 2433 790 2499 restabat,
824 2434 1206 2511 permittebant
1229 2435 1637 2491 arbitri0.Tan-

25 2517 152 2593 dem
172 2513 289 2573 feffi
310 2520 458 2573 malis
483 2533 734 2595 quaerunt
754 2516 898 2573 abire
915 2558 933 2583 ‚
970 2519 1122 2573 nullo
1143 2517 1333 2573 ordine
1354 2559 1368 2584 ‚
1392 2537 1506 2573 non
1527 2518 1636 2571 vir-³

26 2604 158 2655 tutis
176 2639 190 2659 ‚
221 2601 336 2656 imo
370 2620 436 2656 ne
455 2596 596 2679 fugae
615 2598 837 2678 quidem
856 2598 1089 2657 honestae
1110 2640 1127 2668 ,
1167 2616 1257 2656 aut
1275 2601 1432 2656 ullius
1453 2602 1636 2654 omni-

32 2701 107 2737 no
141 2683 210 2737 rei
231 2700 539 2738 memores:
582 2681 669 2738 sed
700 2683 848 2739 inter·
872 2699 1032 2739 naves
1065 2680 1282 2738 hostiles
1311 2680 1524 2759 sparsim
1543 2681 1639 2737 de*

31 2761 302 2841 prehensi-
325 2765 563 2842 plerique
581 2762 781 2831 haerent
801 2763 1002 2821 consilii
1037 2768 1249 2843 inopes.
1279 2767 1366 2820 alii
1387 2762 1637 2820 undecim

31 2843 259 2901 navibus
289 2865 553 2923 arreptam
588 2843 776 2925 fugam
798 2842 862 2903 ad
886 2864 999 2904 tuta
1018 2867 1189 2926 usque
1218 2850 1337 2904 loca
1360 2848 1640 2925 pertulere.

33 2929 207 3011 caeteri
225 2929 278 2986 in
300 2948 489 2990 manus
509 2948 701 3013 venere
722 2928 959 2988 hostium
979 2970 1024 3067 ‚h
1041 2950 1275 3009 quorum
1297 2928 1503 2985 multos
1521 2925 1643 2977 Ro-

100 3042 103 3043 ’
907 3012 968 3067 H
1503 3006 1647 3062 mani
