1888 3428
250 141 688 199 Go‘r‘rulcffi
728 133 1127 190 HISTORIAE
1169 132 1368 186 Lrssff.
1501 149 1615 208 ¹59

7 240 242 287 ruerant.
283 224 492 282 Salonis
509 222 565 277 in
586 219 893 275 Romanam
916 209 1140 269 redaffis
1159 210 1478 288 potestatem
1501 253 1516 276 ,
1535 211 1620 270 se-

44 311 186 366 timo.
202 303 323 386 post
341 304 426 362 die
447 304 682 379 Grippas
700 294 1160 372 Gotthorumque
1182 297 1446 375 exercitus
1466 296 1532 349 iis
1553 316 1620 352 ex

28 392 143 447 ocis
162 386 212 446 se
244 383 549 444 auferentes·
574 382 891 442 Ravennam
921 379 1081 434 ivere.
1126 375 1271 431 Eum
1299 377 1355 431 in
1387 375 1622 434 modum

10 469 434 529 Constantianus
451 465 734 524 Dalmatiae
759 463 966 541 potitus
983 456 1346 536 Liburnaeque
1363 461 1625 536 orae‚qui-
1673 502 1676 508 .

8 574 223 632 cunque
241 551 316 609 ibi
333 552 497 607 larem
519 545 744 604 fixerant
766 540 1018 612 Gotthos
1039 538 1152 597 ¹suis>
1168 539 1409 618 partibus
1430 537 1624 614 adjun-

7 638 108 694 xit.
151 637 235 692 Sic
265 633 315 691 se
333 627 659 689 habentibus
680 628 966 685 Dalmatiae
1000 622 1162 681 rebus
1181 663 1198 690 ,
1231 621 1418 700 hyems
1446 619 1627 680 claufit

8 737 214 775 annum
233 718 466 795 primum
485 711 644 784 hujus
671 708 796 766 belli
815 705 967 786 quod
1001 704 1030 762 a
1063 707 1338 783 Procopio
1373 701 1628 761 describi-

9 817 113 857 tur.
170 795 447 855 Belisarius
478 811 599 850 tum
634 788 894 870 Syracusae
931 829 946 850 ,
989 805 1110 845 tum
1140 789 1400 844 Panormi
1428 786 1628 843 tenetis

9 878 278 961 praefidiis‚
296 899 419 936 cum
437 893 626 935 caetero
647 874 881 931 exercitu
901 867 1142 928 Messena
1161 868 1437 950 Rhegium
1460 865 1630 925 trans-

9 966 72 1021 iit
89 1003 106 1031 ,
125 960 217 1020 ubi
237 958 438 1018 fretum
466 958 541 1016 est
562 957 731 1036 Scylla
750 961 802 1012 ὃς
829 953 1104 1031 Charybdi
1125 993 1141 1019 ‚
1163 956 1446 1030 poetarum
1464 949 1628 1007 fabu-

7 1047 70 1104 lis
88 1088 102 1110 ‚
143 1043 362 1101 celebre.
409 1042 493 1099 Eo
514 1041 673 1097 multi
693 1037 938 1117 quotidie
958 1035 1021 1093 ad
1055 1034 1227 1114 ipsum
1248 1031 1623 1098 confluebant,

11 1130 205 1208 partim
234 1123 387 1183 diffisi
436 1121 689 1181 custodiae
723 1119 1056 1199 oppidorum
1102 1116 1129 1172 Ξι
1159 1117 1339 1174 multo
1374 1132 1628 1195 tempore

11 1208 277 1266 maenibus
294 1208 587 1264 carentium
606 1245 623 1271 ,
655 1207 844 1280 partim
872 1199 1219 1258 Gottborum
1238 1199 1369 1255 odio
1389 1239 1405 1266 ,
1433 1219 1630 1276 grava-

11 1294 54 1348 ti
75 1333 90 1355 ,
124 1308 185 1347 ut
204 1287 318 1346 fieri
337 1287 470 1347 solet
486 1328 502 1354 ‚
537 1284 826 1366 praesentia.
870 1281 957 1339 sed
984 1288 1035 1337 δέ
1059 1280 1086 1336 ἃ
1105 1279 1334 1337 Gotthis
1354 1280 1417 1337 ad
1435 1277 1631 1337 Belisa-

11 1377 154 1432 rium
171 1368 462 1451 transfugit
478 1368 736 1426 Ebrimor
750 1386 874 1422 cum
893 1363 990 1421 suo
1011 1366 1275 1420 comitatu
1299 1402 1314 1424 ‚
1348 1359 1631 1420 Theudati

13 1475 217 1536 gener,
252 1451 375 1511 filiae
397 1455 591 1532 quippe
621 1456 735 1526 ejus
766 1444 1210 1504 Theudenanthae
1245 1446 1508 1522 conjugio
1536 1443 1631 1501 so·-

0 1541 206 1606 ‘ciatuS‚
228 1533 507 1613 miffusque
526 1533 589 1590 ad
603 1538 993 1610 Imperatorem
1014 1569 1030 1594 ‚
1047 1547 1173 1585 tum
1193 1530 1288 1585 alia
1309 1524 1630 1584 consecutus

17 1620 92 1678 est
109 1620 343 1697 praemia,
360 1634 477 1673 tum
501 1617 809 1693 patriciatus
827 1612 1163 1690 dignitatem.
1212 1613 1264 1664 A
1292 1607 1511 1686 Rhegio
1532 1629 1631 1686 pe-

0 1700 199 1779 }destris
217 1702 474 1757 exercitus
496 1716 589 1776 per
607 1697 826 1752 Brutios
847 1699 899 1750 &
914 1696 1165 1748 Lucanos
1181 1688 1293 1747 ibat
1316 1711 1330 1745 ε
1363 1686 1626 1768 sequeba-

17 1800 106 1842 tur
123 1780 289 1841 claffis
308 1823 326 1849 ,
369 1799 636 1859 quantum
659 1795 869 1856 poterat
888 1781 1039 1830 oram
1060 1775 1261 1851 legens·
1304 1777 1365 1828 In
1389 1772 1631 1850 Campa·
1654 1819 1666 1824 s

0 1878 1 1919 ῑ
19 1868 163 1923 niam
179 1883 239 1923 ut
255 1882 476 1921 ventum
495 1903 511 1929 ‚
554 1859 933 1940 oppidumque
955 1860 1286 1918 maritimum
1316 1855 1630 1931 Neapolim,

19 1946 242 2005 firmum
279 1967 370 2025 per
403 1944 452 2004 se
482 1966 539 2001 ac
578 1944 754 2001 multo
777 1938 1124 1997 Gotthorum
1159 1934 1398 2016 praefid1o
1418 1977 1435 2003 ‚
1468 1958 1632 1994 naves

0 2027 295 2088 ¹Belisarius
315 2031 369 2085 in
393 2047 556 2107 portu
576 2045 719 2082 extra
737 2027 969 2081 telorum
1001 2022 1176 2097 jacff'ms
1203 2019 1358 2096 jubet
1378 2017 1630 2076 consiste*-

21 2133 93 2170 re.
126 2109 232 2193 ipse
251 2130 417 2191 prope
436 2108 701 2190 oppidum
726 2103 909 2184 positis
928 2103 1122 2171 castriS,
1138 2100 1506 2159 suburbanum
1529 2099 1633 2158 sta-

21 2197 118 2253 tim
138 2192 404 2251 castellum
437 2189 847 2249 conditionibus
867 2192 1083 2265 accepit.
1129 2188 1281 2241 Tum
1308 2181 1634 2263 rogantibus

0 2277 302 2356 aeoppidanis
320 2272 558 2354 permifit
576 2273 640 2330 de
660 2269 880 2328 suorum
903 2266 1232 2348 primoribus
1250 2268 1305 2322 in
1325 2265 1486 2323 castra
1505 2269 1632 2324 mit-

23 2375 138 2416 tere
159 2403 174 2425 ,
196 2376 256 2417 ut
273 2365 326 2416 &
346 2358 583 2415 dicerent
605 2375 724 2435 quae
744 2373 904 2430 opm,
927 2357 978 2407 δε
999 2351 1025 2409 a
1045 2348 1092 2407 se
1114 2346 1336 2409 viciffim
1356 2348 1535 2406 audita
1553 2352 1634 2406 ci·-

24 2442 177 2501 vitati
210 2443 596 2498 renuntiarent.
652 2435 983 2515 Stephanum
1030 2433 1380 2511 Neapolitani
1414 2428 1634 2501 misere,

26 2524 121 2600 qui
139 2522 236 2580 ubi
253 2520 560 2580 Belisarium
580 2518 707 2577 adiit
725 2558 741 2584 ‚
776 2516 841 2574 sic
863 2520 1104 2576 elocutus
1125 2513 1222 2572 est.
1266 2513 1399 2570 Non
1416 2534 1635 2592 aequum

27 2602 173 2669 faci8‚
188 2604 293 2664 dux
311 2608 525 2686 egregie
544 2645 560 2671 ‚
576 2602 671 2682 qui
690 2604 744 2656 in
762 2600 1049 2657 Romanos
1063 2641 1079 2666 ‚
1096 2598 1349 2655 homines
1368 2597 1513 2654 nulla
1530 2596 1635 2655 tibi

28 2687 221 2760 injuria
239 2690 526 2767 cognitos,
562 2701 795 2742 armatus
825 2684 1023 2739 venias·
1066 2680 1249 2739 Nobis
1277 2685 1333 2737 &
1359 2676 1636 2757 oppidum

31 2766 104 2824 est
122 2769 376 2848 exiguum
391 2810 408 2837 ‚
445 2775 497 2827 ἃ
515 2767 724 2825 barbari
745 2763 993 2822 custodes
1009 2806 1024 2832 ‚
1059 2764 1112 2821 id
1129 2784 1257 2821 vero
1276 2760 1351 2819 est
1369 2802 1385 2828 ‚
1401 2761 1637 2829 domini,

30 2851 102 2907 ita
120 2867 179 2908 ut
195 2871 294 2908 nec
311 2850 349 2908 fi
367 2853 592 2908 velimus
625 2846 813 2906 nostrae
834 2845 895 2904 sit
917 2844 1194 2926 potestatis
1215 2850 1514 2924 &quicquam
1539 2842 1637 2898 ad-

29 2930 208 2994 versus
239 2953 333 2992 eos
362 2934 657 2997 admittere.
700 2931 855 2991 Tum
892 2950 1018 2994 vero
1039 2927 1287 2989 custodes
1309 2928 1383 2986 illi
1408 2925 1630 2997 liberos,

1494 3022 1633 3061 COH-
