1931 3428
313 161 428 217 320
661 155 770 212 DE
814 154 1102 214 GEsT1s
1143 152 1641 214 LANoonAanj
1918 209 1926 232 ,Δ

311 242 471 318 eique
506 256 599 316 per
633 239 820 295 omnia
851 235 968 294 satis
1004 233 1401 313 complacuiffet
1429 277 1447 304 ,
1491 240 1562 293 ait
1592 234 1658 294 ad
1691 234 1914 317 regem>-

312 322 468 388 Quia
487 320 649 376 talem
682 318 862 378 vestrae
897 317 1014 376 filiae
1043 317 1325 398 personam
1361 322 1667 386 cernimuS,
1700 334 1761 375 ut
1797 338 1857 375 ea

235 440 239 442 ν
308 401 764 460 merito-nostram
784 404 1026 482 reginam
1047 399 1163 457 fieri
1183 405 1462 480 optemus,
1477 400 1522 456 -fi
1543 401 1716 478 placet
1736 396 1911 468 vestr-s

310 483 561 564 potestati
581 526 596 551 ,
610 484 682 543 vde
708 491 821 560 ejus
843 506 1003 544 manu
1027 525 1042 551 ,
1075 481 1206 541 ficut
1226 483 1386 540 nobis
1403 481 1585 562 postea
1602 480 1806 540 factura
1825 481 1902 540 e'st

308 570 420 624 vini
440 567 698 645 poculum
718 567 920 623 sumere
943 585 1321 645 praeoptamus.
1370 567 1630 644 Cumque
1649 585 1740 622 rex
1756 564 1810 622 id
1828 561 1926 652 fies}

309 652 354 706 ri
373 649 569 721 debere
586 647 845 706 annuisset
865 689 879 710 ‚
907 651 993 706 illa
1014 666 1234 728 accepto
1270 649 1378 704 vini
1417 649 1618 724 poculo
1637 688 1654 714 ,
1688 649 1738 704 ei
1768 650 1931 726 priusja

307 734 403 810 qui
421 730 596 788 senior
609 729 708 788 esse
730 730 1363 809 videbatur,propinavit.
1405 730 1619 787 Deinde
1643 750 1767 787 cum
1795 728 1930 807 Aufr·

305 813 443 871 thari
462 853 479 880 ,
503 835 666 892 quem
689 811 837 870 suum
860 811 959 870 esse
978 813 1227 893 sponsum
1249 811 1515 870 nesciebat
1533 853 1550 879 ,
1578 809 1923 890 porrexiffetfilf

307 898 418 961 ille,
442 895 724 975 postquam
744 894 902 962 bibit,
923 917 980 952 ac
1000 897 1257 974 poculum
1277 895 1536 960 redderet,
1561 900 1676 967 ejus
1697 914 1919 951 manum

306 981 527 1036 nemine
575 978 1035 1034 animadvertente
1084 978 1256 1057 digito
1304 981 1517 1056 tetigit,
1564 976 1929 1056 dextramque*

305 1057 465 1118 suam*
487 1058 581 1116 fibi
602 1059 629 1114 ὲ
645 1056 826 1115 fronte
846 1079 937 1134 per
969 1057 1152 1115 nasum
1189 1079 1246 1115 ac
1283 1055 1474 1116 faciem
1511 1059 1788 1137 produxit.
1827 1061 1927 1120 Illa„

306 1141 413 1199 hoc
431 1140 530 1200 suae
561 1143 757 1197 nutrici
793 1140 989 1197 rubore
1027 1137 1232 1219 perfusa
1262 1144 1548 1199 nuntiavit.
1590 1141 1699 1197 Cui
1732 1143 1927 1197 nutrix¹

308 1224 399 1283 sua
418 1228 523 1280 ait:
556 1221 654 1280 Iste
672 1221 765 1278 nifi
786 1221 892 1299 ipse
925 1223 1043 1278 Rex
1077 1220 1383 1299 &sponsus
1412 1240 1538 1280 tuus
1573 1220 1734 1288 effet,
1769 1241 1823 1279 te
1857 1243 1920 1279 o-

308 1309 503 1364 mnino
523 1325 741 1384 tangere
758 1325 871 1360 non
893 1304 1131 1362 auderet.
1167 1305 1271 1361 Sed
1292 1307 1506 1361 interim
1538 1303 1780 1361 sileamus
1804 1346 1819 1365 ,
1848 1326 1918 1363 ne

307 1386 415 1445 hoc
433 1392 566 1467 patri
586 1406 683 1445 tuo
707 1385 798 1444 fiat
819 1391 1118 1466 cognitum.
1153 1389 1236 1445 Re
1256 1391 1399 1444 enim
1422 1407 1542 1445 vera
1562 1387 1723 1466 digna
1740 1385 1913 1466 perso-

309 1492 378 1528 na
396 1471 469 1529 est
489 1513 506 1539 ,
538 1492 656 1549 quae
677 1489 859 1527 tenere
879 1470 1071 1527 debeat
1089 1490 1320 1548 regnum
1340 1512 1356 1538 ,
1390 1475 1443 1527 &
1464 1489 1561 1527 tuo
1582 1468 1767 1526 sociari
1786 1490 1921 1526 con--

301 1558 479 1634 jugio.
518 1555 645 1609 Erat
662 1571 841 1610 autem
860 1571 989 1609 tunc
1011 1552 1476 1630 Autharijuvenili
1495 1569 1646 1611 aetate
1664 1550 1920 1618 floridusff

307 1635 505 1693 statura
524 1636 717 1693 decens
737 1677 753 1704 ,
772 1636 1000 1692 candido
1020 1639 1163 1692 crine
1185 1633 1427 1714 perfusus
1441 1677 1457 1702 ,
1479 1641 1531 1692 δε
1548 1635 1668 1692 satis
1687 1635 1931 1693 decorus,

307 1718 535 1798 aspecitu.
577 1720 696 1787 Qui
715 1740 842 1775 mox
860 1716 886 1774 ὲ
904 1739 1027 1798 rege
1047 1738 1357 1775 commeatu
1393 1735 1615 1797 accepto
1636 1759 1651 1784 ,
1684 1720 1787 1774 iter
1817 1737 1931 1796 ρα-Ὶ-«ιι

306 1799 463 1858 triam
478 1800 735 1858 reversuri
756 1803 1016 1878 arripiunt
1033 1842 1048 1868 ,
1066 1801 1239 1880 deque
1256 1803 1593 1859 Noricorum
1615 1798 1817 1857 finibus
1832 1795 1931 1870 fe-¹

309 1882 565 1940 stinanter
602 1881 909 1940 abscedunt.
945 1885 1277 1941 Noricorum
1307 1883 1566 1962 siquidem
1602 1885 1878 1962 provincia
1895 1925 1914 1948 ‚

305 1985 472 2043 quam
497 1969 870 2040 Bajoariorum
891 1966 1128 2042 populus
1157 1963 1522 2033 inhabitabat,
1554 1964 1716 2022 habet
1744 1963 1811 2021 ab
1848 1984 1917 2021 o-

309 2052 479 2103 riente
497 2051 831 2103 Pannoniam
850 2086 866 2111 ,
900 2046 964 2102 ab
994 2047 1274 2113 occidente
1313 2049 1561 2103 Suaviam
1583 2087 1599 2113 ,
1634 2046 1661 2104 ὲ
1690 2046 1921 2103 meridi&

306 2132 512 2186 Italiam
535 2170 550 2195 ,
587 2127 655 2185 ab
676 2131 942 2208 aquilonis
974 2150 1098 2186 veto
1127 2147 1270 2206 parte
1288 2129 1532 2185 Danubii
1551 2127 1772 2185 fluenta.
1803 2127 1913 2208 Igi-

307 2230 399 2268 tur
422 2211 649 2269 Authari
666 2218 911 2286 cumjam
935 2232 1100 2289 prope
1120 2213 1273 2268 Italiae
1294 2208 1427 2268 fines
1448 2209 1682 2283 venisset,
1702 2209 1910 2281 secum-

309 2315 416 2371 que
436 2294 605 2351 adhuc
627 2335 642 2360 ,
677 2298 770 2372 qui
793 2314 917 2349 eum
938 2292 1278 2351 deducebant-
1298 2333 1315 2360 ‚
1343 2296 1616 2369 Bajoarios
1649 2292 1870 2351 haberet
1888 2331 1907 2359 ‚

307 2380 478 2432 erexit
495 2376 543 2433 se
566 2394 829 2454 quantum
861 2373 1012 2453 super
1031 2396 1235 2454 equum
1255 2379 1338 2433 cui
1360 2374 1667 2453 praefidebat
1686 2377 1908 2454 potuit,

308 2462 364 2516 δέ
387 2477 511 2516 toto
529 2457 711 2515 annisu
743 2457 1115 2523 securiculam,
1155 2480 1315 2534 quam
1356 2480 1518 2516 manu
1554 2456 1790 2537 gestabat
1808 2501 1823 2524 ‚
1851 2459 1915 2515 in

307 2540 558 2598 arborem
580 2541 698 2619 quae
719 2541 1016 2618 proximior
1034 2540 1211 2597 aderat
1229 2538 1344 2597 fixit
1364 2582 1379 2608 ,
1399 2562 1628 2620 eamque
1646 2538 1806 2597 fixam
1824 2560 1910 2597 re—

304 2622 466 2699 liquit
486 2664 502 2688 ,
522 2625 772 2698 adjiciens
788 2621 897 2679 *naec
913 2619 1123 2700 insuper
1139 2622 1332 2680 verba:
1366 2626 1558 2680 Talem
1579 2623 1811 2680 Authari
1825 2619 1910 2700 fe?

306 2707 467 2761 ritam
484 2702 653 2781 facere
673 2702 822 2760 solet.
854 2706 1109 2783 Cumque
1130 2703 1237 2763 haec
1252 2705 1476 2771 dixisset,
1493 2724 1622 2763 tunc
1637 2707 1908 2781 intellexe3

271 2792 274 2793 ⁷
306 2805 436 2843 runt
452 2787 712 2861 Bajoarii,
746 2788 838 2862 qui
866 2807 989 2841 cum
1024 2808 1091 2842 eo
1119 2788 1557 2855 comitabantur,
1588 2810 1712 2846 eum
1731 2787 1913 2865 ipsum÷

306 2889 491 2949 regem
511 2865 610 2925 effe
630 2866 872 2927 Authari.
893 2870 1148 2947 Denique
1167 2870 1286 2948 post
1300 2870 1516 2949 aliquod
1533 2889 1764 2948 tempu3‚
1781 2889 1912 2945 cumy

306 2970 530 3034 propter
555 2952 892 3012 ¹Francorum
924 2950 1218 3014 adventum
1251 2950 1585 3034 perturbatio
1608 2951 1908 3031 Garibaldo

1789 3054 1906 3112 regn
