1888 3428
240 144 684 225 Go-rTmcAE
724 145 1128 208 Hm-omffi
1170 152 1439 216 LIB.1V.
1533 174 1648 232 509

33 232 223 292 Deum
241 231 472 300 referre,
504 237 559 288 &
584 229 1055 310 fimulquod·opus
1073 251 1183 290 erat
1201 238 1503 312 procurare.
1539 243 1651 295 Pri—

35 336 191 372 mum
225 311 254 371 ὲ
286 312 776 393 Langobardorum
807 309 1090 370 insolentia
1108 313 1327 372 liberare
1344 317 1393 374 se
1427 323 1650 397 cupiens

39 395 120 469 (hi
140 393 374 475 namque
393 396 547 476 super
580 396 750 451 multa
782 395 880 452 alia
898 391 1032 453 faecla
1058 392 1296 452 facinora
1315 399 1546 465 domos,
1585 420 1647 458 ut

36 482 94 536 in
114 499 386 558 quamque
404 479 729 536 advenerant
748 517 762 542 ‚
797 475 1161 533 incendebant
1180 517 1197 543 ,
1212 474 1649 560 feminarumque

22 559 359 638 ,corporibus
375 600 392 626 ‚
425 565 480 617 in
500 557 662 616 sacras
687 557 824 616 aedes
857 579 975 638 quae
994 555 1351 639 profugerant
1370 601 1386 626 ,
1423 583 1516 640 per
1536 565 1647 620 vim

35 641 257 700 illudere
277 641 406 700 nihil
430 641 799 712 verebantur)
837 639 1072 699 donatos
1090 644 1330 720 pecuniis
1348 641 1652 713 liberaliter,

36 724 208 782 redire
243 722 387 798 juffit
425 723 567 780 unde
603 728 859 780 venerant
881 744 895 778 ε
939 741 1101 802 atque
1136 744 1231 780 eos
1263 718 1563 784 deducendi
1584 728 1652 784 ad

37 808 260 865 ultimos
282 804 447 884 usque
465 807 849 861 Romanorum
870 802 1008 861 fines
1023 846 1039 872 ,
1072 826 1139 862 ne
1160 808 1244 863 cui
1264 810 1318 862 in
1340 809 1530 869 itinere
1550 829 1652 863 no-

38 907 276 956 ceretur,
314 908 494 944 curam
513 887 802 945 Valeriano
829 891 882 943 δι
899 884 1093 944 sororis
1112 886 1210 947 suae
1232 885 1347 945 filio
1370 890 1647 947 Damiano

36 978 91 1030 &
107 992 245 1050 quos
267 968 534 1042 addiderat
555 969 848 1026 comitibus
867 970 1157 1027 mandarat.
1201 969 1490 1049 Postquam
1511 976 1651 1028 Lan-

34 1052 262 1133 gobardi
279 1053 557 1110 Romanas
572 1053 808 1108 exierant
828 1070 990 1108 terras
1006 1092 1023 1117 ‚
1061 1053 1377 1110 Valerianus
1397 1053 1557 1111 castra
1583 1052 1649 1111 ad

36 1141 314 1195 Veronam
336 1135 495 1211 ponit
514 1175 529 1202 ,
564 1152 623 1190 ut
642 1132 924 1191 obsidione
943 1135 996 1191 id
1017 1134 1276 1213 oppidum
1300 1134 1393 1191 sub
1410 1141 1649 1214 Impera-

33 1220 168 1278 toris
210 1216 476 1273 ditionem
515 1214 815 1272 retraheret.
875 1218 1079 1273 Territi
1115 1221 1210 1295 qui
1246 1215 1542 1294 praefidium
1573 1217 1649 1275 ibi

34 1298 309 1380 agitabant
331 1300 526 1354 milites
545 1302 683 1371 ‚jam
701 1298 766 1356 de
785 1297 1128 1375 pactionibus
1143 1339 1160 1365 ,
1193 1298 1392 1376 quibus
1411 1298 1460 1356 se
1481 1305 1536 1357 &
1550 1322 1652 1378 op-

34 1382 224 1462 pidum
243 1379 475 1438 dedituri
492 1376 657 1439 effent
674 1422 690 1445 ,
725 1381 966 1460 colloqui
1001 1397 1283 1458 caeperant.
1325 1378 1413 1439 sed
1428 1381 1651 1453 hocubi

34 1464 421 1523 intellexerunt
437 1465 623 1519 Franci
643 1503 662 1530 ,
703 1465 796 1543 qui
828 1463 1001 1521 vicina
1020 1483 1113 1541 per
1129 1465 1419 1522 Venetiam
1449 1464 1650 1542 oppida

34 1546 139 1605 suis
159 1545 416 1603 tenebant
437 1543 681 1624 praefidiis
698 1586 715 1612 ‚
747 1548 899 1602 omni
917 1544 1092 1602 studio
1114 1542 1164 1601 se
1185 1544 1484 1624 opposuere
1500 1587 1516 1607 ,
1545 1564 1652 1603 tra-

36 1630 189 1687 &tum
209 1630 363 1685 illum
383 1648 645 1692 omnem,
681 1629 861 1706 utqui
894 1624 971 1684 sui
998 1624 1122 1684 ess'et
1152 1629 1400 1704 imperii,
1438 1626 1651 1685 (ibicu-

39 1711 268 1769 randum
289 1713 399 1766 rati.
443 1714 521 1765 Ita
539 1706 741 1765 factum
759 1726 820 1766 ut
854 1707 882 1765 ἃ
899 1712 1123 1768 Verona
1157 1730 1281 1765 cum
1304 1728 1428 1766 toto
1447 1713 1650 1766 exerci-

37 1813 97 1851 tu
115 1791 222 1870 spei
241 1794 419 1848 irritus
437 1789 722 1849 discederet
756 1793 1092 1848 Valerianus.
1133 1793 1213 1847 At
1233 1790 1433 1848 Gotthi
1453 1813 1544 1871 per
1562 1790 1651 1848 fu-

36 1895 164 1956 gam
184 1875 364 1952 praelio
383 1871 710 1952 ssiperstite8‚
739 1872 949 1930 Padum
973 1893 1097 1930 cum
1123 1871 1454 1931 transiissent.
1497 1876 1654 1930 Tici-

39 1978 173 2015 num
197 1957 388 2014 urbem
423 1962 474 2013 ὃ(
508 1952 1084 2022 circumfitainfident,
1133 1956 1319 2033 ibique
1349 1977 1530 2036 regem
1552 1954 1650 2026 fibi

39 2037 378 2096 constituunt
413 2039 611 2094 Te'iam
634 2060 647 2092 :
693 2041 785 2116 qui
805 2078 821 2104 ‚
855 2059 1051 2118 magna
1071 2041 1311 2115 pecuniae
1332 2040 1385 2095 vi
1419 2057 1647 2117 reperta,

39 2142 204 2201 quarn
224 2123 279 2176 in
301 2122 503 2177 Piceno
523 2118 840 2199 deposuerat
859 2121 1074 2177 Totilas
1093 2162 1110 2188 ,
1146 2122 1380 2177 Francos
1400 2120 1464 2178 ad
1481 2119 1653 2179 socie-

39 2202 428 2262 tatemillicere
451 2201 696 2280 parabat:
742 2201 995 2258 Gotthos
1024 2206 1237 2259 interim
1272 2202 1460 2261 sedulo
1479 2203 1655 2260 recol—

39 2287 210 2342 lec0tos
241 2284 483 2362 undique
512 2287 785 2362 praeceptis
819 2284 1081 2363 armisque
1112 2282 1370 2342 instruere
1398 2287 1648 2366 impiger.

40 2369 193 2447 queis
210 2363 402 2423 Narses
420 2370 734 2444 compertiS‚
748 2366 1033 2425 Valeriano
1054 2365 1509 2446 sequentibusque
1527 2388 1653 2424 eum

40 2447 304 2509 militibus
339 2452 567 2527 imperat
595 2449 723 2505 Padi
756 2451 926 2504 amnis
962 2447 1259 2506 custodiam
1278 2490 1294 2517 ‚
1338 2470 1404 2507 ne
1425 2469 1578 2505 mora
1595 2452 1655 2505 in

41 2553 105 2590 ea
123 2533 344 2609 regione
365 2529 594 2587 Gottliis
613 2529 788 2587 secura
806 2528 948 2587 esset.
991 2529 1104 2610 Ipse
1124 2551 1249 2589 cnm
1279 2532 1488 2610 reliquo
1508 2551 1654 2588 exer-

42 2617 153 2672 citu
164 2614 404 2670 Romam
427 2612 569 2670 vadit
590 2653 607 2680 ,
627 2618 679 2670 &
700 2615 756 2668 in
773 2611 1021 2669 Thusciae
1040 2612 1259 2671 transitu
1274 2614 1536 2670 Narniam
1558 2634 1654 2691 pa·-

41 2697 228 2754 §tione
249 2694 346 2751 sibi
362 2695 622 2773 adjungit.
670 2695 897 2773 spoletii
916 2716 1140 2774 quoque
1158 2694 1386 2774 oppidO,
1404 2716 1517 2752 non
1536 2715 1655 2751 mu-

41 2781 162 2835 nito
179 2797 272 2856 per
290 2777 344 2833 id
364 2795 579 2855 tempus
595 2820 611 2841 ,
631 2775 928 2854 praefidium
950 2781 1185 2857 imponit
1204 2818 1220 2844 ‚
1248 2776 1511 2856 jubetque
1527 2773 1656 2832 refi-

41 2878 161 2917 cere
181 2861 588 2938 quamprimum
608 2879 893 2916 murorum
916 2859 1174 2939 quicquid
1211 2858 1480 2916 diruerant
1502 2858 1656 2912 Got-

40 2938 143 3000 thi.
178 2940 319 3000 milit
344 2947 397 3001 &
431 2944 524 3021 qui
562 2938 829 3001 Perusiam
868 2959 1156 3002 tentarent.
1201 2939 1460 3000 militibus
1479 2941 1568 3015 qui
1598 2936 1654 2993 id

1503 3021 1657 3097 oppi-
