1888 3428
182 137 592 193 HIS'lTORIAE
633 134 1109 190 VANDALICAE
1151 132 1401 188 L1B.11.
1504 129 1618 211 127

18 215 198 293 fuerit.
233 207 424 273 cecidit
441 219 587 270 enim
607 217 791 270 Stotza
810 252 825 273 ‚
845 232 958 267 non
980 211 1120 268 illico
1143 216 1401 279 moriens,
1420 210 1506 271 sed
1526 236 1622 293 pa-

17 304 139 357 rum
189 297 601 377 supervicturus.
651 292 1020 352 subvenerunt
1053 295 1258 371 proprii
1305 296 1534 351 comites
1567 302 1623 354 διε

18 383 201 437 Mauri
229 385 286 435 1&
318 397 508 435 tenues
541 376 841 434 trahentem
859 372 1071 453 spiritus
1095 376 1342 451 reliquias
1369 377 1424 431 in
1459 376 1625 435 arbo-

16 484 129 520 rem
162 459 555 518 inclinaverunt
593 482 606 516 ε
646 463 832 536 iraque
870 475 1134 536 concepta
1154 497 1168 523 ‚
1207 459 1272 511 -in
1306 453 1519 513 hostem
1550 462 1625 515 ir-

14 561 230 602 ruentes
250 582 265 608 ,
301 541 599 599 Iohannem
623 546 675 598 &
706 542 991 597 Romanos
1016 579 1030 603 ‚
1068 559 1300 595 numero
1340 541 1629 617 praevalidi,

15 624 71 683 in-
91 622 276 704 fugam
297 622 449 681 facile
470 641 705 681 vertunt.
722 626 887 681 Tunc
902 617 1081 679 dixisse
1101 619 1399 677 Iohannem
1419 618 1625 692 ferunt,

15 706 348 782 suavemjam
368 705 460 763 fibi
483 726 719 764 mortem
740 703 858 763 fore
880 706 1052 782 optati
1080 705 1135 759 in
1154 705 1400 783 Stotzam
1419 708 1626 783 potito.

13 789 140 863 Erat
157 787 212 846 in
233 792 316 844 via
348 788 557 845 declivis
579 789 730 846 locus
755 828 770 850 ‚
808 787 900 844 ubi
923 807 1094 863 equus
1114 807 1238 843 eum
1260 785 1626 864 procumbens

15 869 221 930 effudit.
244 874 499 949 reponere
520 869 569 928 se
589 891 862 950 parantem
884 871 1023 926 nafii
1042 868 1500 926 liostes‘occidunt
1517 911 1533 937 ‚
1550 874 1628 929 vi-

15 975 134 1011 rum
154 955 362 1013 virtutis
383 950 645 1032 famaeque
668 956 972 1034 egregium.
1007 949 1252 1008 Tantum
1284 954 1391 1007 vita
1423 954 1625 1012 Stotzae

15 1036 223 1094 duravit
243 1076 257 1097 2
295 1053 355 1093 ut
391 1033 575 1094 solatio
595 1037 701 1094 hoc
720 1054 941 1114 accepto
973 1033 1257 1091 testaretur
1289 1035 1625 1114 gaudentem

12 1115 62 1176 se
93 1122 254 1175 mori.
295 1123 358 1174 In
395 1119 590 1176 eodem
614 1121 806 1198 proelio
844 1116 1108 1173 Iohannes
1129 1115 1392 1173 occubuit
1424 1120 1628 1175 Arme-

2 1203 131 1258 nius
153 1241 171 1268 ‚
192 1199 479 1257 Artabanis
501 1198 660 1258 frater
678 1243 695 1267 ,
721 1199 1018 1279 insignibus
1037 1203 1090 1255 in
1115 1198 1321 1260 hostem
1342 1196 1493 1257 faotis
1514 1202 1627 1258 edi-

12 1286 113 1340 tis:
159 1288 459 1360 Imperator
481 1282 702 1339 ubihaec
721 1285 768 1338 ei
789 1286 1032 1338 nuntiata
1051 1279 1172 1337 sunt
1192 1321 1207 1346 ‚
1244 1280 1518 1339 miseratus
1537 1286 1626 1340 in-

12 1361 346 1422 fortunatam
365 1363 617 1421 Iohannis
635 1368 889 1422 virtutem
914 1405 931 1429 ‚
964 1382 1078 1419 non
1105 1366 1236 1419 ultra
1252 1360 1280 1417 ἐ
1300 1363 1629 1439 rejudicavit

13 1449 69 1503 in
92 1445 232 1505 duos
253 1443 448 1504 Africae
468 1451 708 1526 regimen
728 1443 1021 1524 partiri,sed
1040 1447 1286 1525 Sergium
1309 1445 1433 1502 inde
1455 1445 1629 1504 abdui.

13 1530 165 1585 &cum
198 1527 253 1585 in
282 1530 484 1585 Italiam
518 1550 641 1590 cum
676 1530 909 1586 exercitu
949 1523 1087 1585 milit
1122 1550 1135 1583 ε
1182 1526 1508 1584 Areobindo
1543 1523 1627 1586 res

13 1606 211 1668 Africae
251 1610 508 1667 curandas
549 1611 714 1668 dedit.
766 1604 986 1667 duobus
1037 1606 1310 1664 mensibus
1360 1608 1628 1685 posterius

12 1712 176 1773 quam
195 1693 319 1771 inde
341 1694 554 1771 Sergius
575 1688 911 1754 abscesserat,
941 1688 1247 1747 Gontharis
1268 1692 1408 1754 viam
1439 1692 1501 1748 ad
1523 1693 1628 1749 do-

15 1778 278 1833 minatum
297 1777 352 1831 in
387 1772 781 1840 huncffmodum
801 1770 1088 1829 affectavit.
1132 1766 1356 1830 Praeerat
1377 1795 1472 1851 per
1499 1775 1626 1833 Nu—

16 1857 235 1915 midiam
254 1855 563 1936 legionibus
585 1898 601 1923 ,
630 1855 832 1937 illisque
853 1857 909 1911 in
946 1855 1077 1911 locis
1110 1875 1274 1936 agens
1293 1856 1429 1911 clam
1459 1857 1628 1914 Mau—

14 1960 104 2014 ros
138 1936 379 1997 adversus
417 1937 805 2020 Carthaginem
835 1935 1135 1996 suscitabat.
1185 1939 1305 1994 Nec
1339 1959 1492 1995 mora
1516 1962 1528 1995 ε
1562 1963 1625 1998 ex

13 2024 238 2100 Byzacio
273 2021 753 2100 Numidiaque-vis
777 2018 1014 2091 hostium
1045 2018 1378 2099 conglobata
1398 2019 1627 2090 Cartha-

15 2097 198 2183 ginem
217 2122 478 2183 properat.
498 2102 764 2162 Numidas
779 2101 1038 2181 regebant
1061 2103 1325 2183 Cutzinas
1339 2108 1393 2160 δε
1410 2103 1627 2164 Ia'bdase

0 2183 237 2244 'Antalas
270 2186 577 2265 Byzacenos
608 2208 622 2242 ε
670 2185 848 2244 aderat
887 2183 1246 2241 &Iohannes
1280 2182 1627 2248 defeEcoru'm

15 2267 152 2335 duxi,
187 2274 244 2327 in
263 2272 460 2327 Stotzae
480 2269 666 2325 locum
688 2271 898 2327 militari
916 2270 1129 2325 licentia
1152 2265 1429 2325 suffecstuS.
1461 2273 1627 2329 motu
1659 2277 1666 2281 ’

14 2348 120 2408 hoc
141 2356 364 2432 cognito
383 2350 734 2410 Areobindus
747 2351 908 2410 duces
928 2371 1053 2408 curn
1074 2351 1244 2429 copiis
1263 2351 1474 2409 tuendae
1495 2353 1630 2423 Car-

16 2430 220 2513 thagini
249 2436 417 2492 mittit
437 2475 452 2496 ‚
493 2437 635 2491 inter
654 2454 748 2491 eos
783 2431 1117 2491 Gontharim
1138 2473 1153 2494 ‚
1185 2435 1271 2490 cui
1290 2452 1476 2492 comes
1499 2454 1629 2509 cum

14 2515 286 2574 Armeniis
303 2516 626 2574 Artabanes.
671 2513 837 2575 Iuffus
856 2537 979 2574 cum
1013 2517 1168 2574 omni
1187 2518 1499 2574 exercituin
1529 2517 1634 2575 ho-

13 2593 150 2654 stem
168 2602 241 2656 ire
267 2598 568 2658 Gontharis
586 2639 603 2665 ‚
624 2621 748 2657 cum
767 2597 915 2658 suam
934 2597 997 2657 ad
1015 2597 1219 2656 bellum
1240 2619 1462 2679 operam
1481 2600 1630 2683 large

15 2680 287 2760 pollicitus
305 2677 426 2740 effet
445 2723 462 2751 ‚
495 2681 604 2740 haec
623 2681 958 2741 machinatur
981 2703 995 2738 ε
1031 2681 1077 2738 E
1099 2678 1320 2760 'servitio
1337 2680 1436 2740 suo
1460 2684 1630 2742 Mau-

15 2780 140 2819 rum
160 2803 178 2830 ,
208 2781 314 2823 arte
335 2782 575 2846 coquum
594 2807 610 2834 ‚
630 2768 685 2823 in
704 2763 916 2825 hostilia
934 2761 1094 2823 castra
1109 2761 1268 2841 jubet
1286 2760 1361 2822 ire
1380 2809 1395 2831 ,
1415 2772 1470 2824 &
1486 2764 1632 2846 apud

16 2845 148 2901 alios
166 2842 403 2906 {imulare
423 2845 719 2930 fugitivum
742 2846 872 2913 :soli
891 2848 1099 2907 Antalae
1116 2847 1328 2918 dicere,
1350 2849 1482 2907 velle
1502 2869 1632 2906 cum

15 2924 130 3010 ipso
148 2927 480 3021 Gonthatim
496 2934 681 3018 partiri
695 2928 895 3015 Africae
913 2951 1167 3025 regnumg
1198 2933 1376 3018 par-qk
1395 2950 1633 3072 colonus.-

16 3059 19 3062 .
1499 3028 1632 3077 aetus
