1888 3428
26 261 32 268 s
433 194 1067 254 Enoc-112.
1391 213 1565 275 131,

32 279 136 340 ⁴em
153 280 260 339 Fro
276 279 387 337 Dei
407 276 668 337 necefl'arii
699 295 847 334 erant
869 281 924 333 &
947 272 1180 333 fidissimi
1212 279 1501 336 numinum

42 363 215 421 rbitri.
259 365 379 442 Ingi
406 383 629 442 quoque
663 359 775 417 Olii
797 359 1046 426 ‚vAlWer
1073 356 1223 416 Folki
1244 377 1388 436 patre
1406 361 1502 417 El-

38 451 121 504 ico
157 449 302 511 nati,
333 445 608 523 Ringonis
643 443 886 499 militiam
923 442 1362 519 amplecffmntur,
1403 444 1501 497 viri

54 528 235 586 uidem
259 521 433 585 ‘manu
465 528 737 605 prompti,
773 521 1103 603 confilioque
1119 526 1294 603 vegeti
1312 523 1502 600 proxi-

74 631 208 689 aque
251 612 565 690 Ringonem
596 605 946 664 familiaritate
982 605 1271 684 complexi.
1331 604 1498 661 Iidem

57 713 239 772 noque
257 692 320 749 ad
356 694 459 747 Fro
492 692 675 761 Deum
693 690 906 768 generis
926 687 999 744 sui
1020 690 1339 767 principium
1358 687 1501 742 refe-

40 773 221 831 ebant.
275 780 417 830 Inter
448 793 563 850 quae
594 777 647 828 &
669 771 963 828 Simundus
996 770 1171 828 aderat
1205 790 1268 826 ex
1304 771 1500 847 Sigtim

52 856 216 935 ppido
250 895 266 920 ‚
302 851 524 911 forenfis
556 852 778 933 quidem
812 852 1011 910 athleta
1040 854 1499 931 emptionumque

43 958 70 994 c
104 937 479 1015 venditionum
515 934 882 993 contractibus
913 932 1159 992 assuetum
1203 933 1327 991 huic
1347 933 1500 990 addi-

37 1039 98 1075 ur
113 1018 304 1075 Prostii
324 1039 702 1098 cognomento
726 1017 1086 1076 Crucibulum
1105 1058 1121 1083 ,
1156 1020 1239 1074 cui
1268 1015 1500 1073 sociatur

69 1099 120 1158 1f
139 1103 304 1158 elatus
323 1142 340 1169 ,
371 1099 399 1157 ὲ
434 1105 555 1158 vico
586 1099 796 1178 Vpsala.
839 1101 981 1157 idem
1005 1101 1287 1175 &jaculari
1309 1098 1499 1178 prom-'2

51 1202 135 1240 tus
168 1190 221 1240 δε
255 1186 311 1240 in
348 1186 456 1240 acie
486 1186 669 1262 praeire
703 1181 888 1240 solitus
908 1201 1040 1239 erat.
1084 1201 1132 1238 at
1153 1182 1397 1243 Olonem
1417 1180 1501 1236 se·-

51 1285 158 1322 tem
193 1286 343 1344 reges
376 1287 538 1322 manu
572 1263 903 1343 consilioque
936 1262 1317 1341 promptiffimi
1338 1264 1501 1342 stipa—

51 1368 158 1404 ere.
198 1348 376 1403 Hoxtii
404 1348 651 1404 videlicet
670 1354 724 1404 δι
757 1346 1018 1407 ΗεηάἰΠ,
1048 1344 1286 1404 Ἠοὶῑηπ
1305 1390 1317 1410 ,
1346 1348 1499 1403 Levii

86 1430 291 1486 Ham0.
335 1427 534 1507 quibus
561 1428 875 1509 Regnaldus
906 1426 1197 1486 Ruthenus
1213 1427 1501 1484 Rathbarti

53 1532 184 1588 epos
218 1508 521 1568 asscribitur.
569 1528 818 1589 praeterea
853 1510 1106 1588 Syvaldus
1140 1509 1392 1568 undecim
1420 1508 1501 1565 sa·-

34 1613 124 1649 um
144 1592 433 1670 paronibus
450 1592 629 1649 sulcat.
673 1590 864 1648 Lesfus
892 1595 1303 1649 Pannoniorum
1325 1591 1502 1649 vietor

49 1676 330 1732 raGteatam
349 1694 480 1730 auro
501 1671 768 1731 liburnam
800 1675 970 1729 linteo
989 1676 1204 1751 excipit.
1246 1671 1500 1729 Thirikar

44 1777 135 1820 ero
165 1756 323 1813 instar
356 1755 601 1814 draconis
630 1753 896 1812 tortuosas
932 1753 1164 1811 habente
1199 1776 1383 1834 proras
1403 1775 1501 1810 na·-

45 1842 156 1920 igio
177 1837 486 1895 vehebatur.
529 1837 769 1916 Thrygir
786 1857 1008 1916 quoque
1031 1843 1083 1894 &
1114 1839 1340 1897 TorWil
1358 1836 1502 1895 divi-

32 1943 108 1978 1m
129 1924 432 2001 navigantes
458 1920 736 1978 duodenas
767 1918 1053 1976 duffiivere
1073 1941 1299 1999 puppes.
1341 1936 1500 1976 caete-

11 2023 132 2062 rum
165 2007 220 2061 in
257 2022 371 2061 tota
414 2003 689 2083 Ringonis
736 1997 883 2058 claffe
919 2003 1136 2058 navium
1180 2002 1292 2059 duo
1338 2000 1502 2057 millia

51 2088 315 2167 uingentae
347 2104 562 2163 repertae
587 2082 728 2163 sunt.
772 2083 1079 2141 Guttonica
1098 2105 1227 2142 vero
1258 2080 1423 2140 claffis
1443 2087 1500 2139 in

10 2186 174 2247 portu
204 2171 291 2225 cui
312 2169 570 2225 .Gamurn
593 2187 798 2223 nomen
834 2168 1103 2232 Sueticam
1136 2166 1497 2246 operiebatur.

31 2269 186 2330 taque
206 2252 391 2329 Ringo
413 2268 688 2306 terrenum
720 2248 974 2307 du&abat
994 2271 1210 2330 agmen.
1253 2269 1305 2307 at
1323 2248 1499 2329 Qloni

11 2332 286 2390 navalibus
317 2331 521 2411 praeeffe
551 2334 720 2411 copiis
751 2335 1091 2410 imperatum.
1147 2335 1319 2410 Igitur
1342 2331 1498 2387 Got-

10 2413 114 2471 this
130 2415 348 2473 obviam
377 2417 554 2472 Suetis
575 2414 821 2472 veniendi
841 2418 982 2472 inter
997 2417 1147 2473 XYsic
1166 2423 1217 2473 ὅ(
1235 2417 1498 2474 Werun-

46 2500 147 2554 iam
165 2497 317 2555 lo'cus
334 2518 458 2559 cum
477 2515 724 2576 tempore
741 2497 1101 2554 denuntiatur.

89 2615 346 2702 Cogitate
364 2622 556 2682 debere
575 2624 818 2679 Sueones
847 2623 1187 2705 Noricosque
1210 2644 1491 2705 ¹quantum
1529 2661 1627 2698 Verba
1640 2656 1725 2695 La,-

12 2706 317 2842 Gerlrlpanos
344 2726 403 2764 ac
436 2707 622 2765 Slavos
641 2708 1081 2786 Septentrionalis
1112 2707 1317 2788 semper
1337 2711 1493 2768 turba
1517 2720 1607 2772 μω*
1631 2716 1724 2767 γῆς’*-

50 2808 113 2845 rae
165 2802 324 2844 tterit.
733 2816 736 2820 ·

94 2905 272 2962 Tanta
290 2905 341 2961 vi
358 2905 512 2985 periti
528 2910 751 2964 arcuum
785 2906 1068 2968 Guttones
1100 2914 1497 2969 nervosinten·

10 2984 197 3048 derant
213 3026 230 3059 ,
249 3003 309 3047 ut
322 2987 534 3068 clypeos
551 3010 699 3070 quoq
708 3011 774 3048 ue
791 2994 971 3067 jaculis
989 2990 1495 3055 transverberarent.

829 3075 848 3127 i
894 3093 926 3129 2
1360 3077 1494 3140 Quo
