1888 3428
389 173 438 235 E
517 193 553 236 1.
631 196 668 233 0
751 195 790 232 o
874 188 897 230 Ἰ
975 190 1033 232 A.
1397 202 1464 241 12

17 281 186 346 peret.
225 260 411 320 eadem
447 258 589 339 apud
612 256 880 316 finitimos
913 256 1173 313 mercium
1207 258 1332 317 loco
1363 198 1511 344 quo}

16 347 243 420 rundam
263 346 570 402 animalium
587 339 819 421 pellibus
836 340 917 396 uti
934 340 1233 399 consuevit.

98 511 279 567 Suetia
311 528 442 567 vero
477 507 711 563 Daniam
746 502 813 560 ab
843 503 1034 561 occasu
1063 504 1511 585 Norvegiamque

21 591 302 673 respiciens
328 589 356 647 ὲ
372 587 592 647 meridie
611 592 666 644 δε
695 586 865 644 multa
894 587 1142 644 Orientis
1159 605 1305 667 parte
1324 591 1509 646 vicino

22 677 318 755 proeteritur
348 673 609 733 Oceano.
663 667 782 747 post
816 690 981 748 quam
1014 668 1082 726 ab
1125 687 1251 726 ortu
1284 691 1511 750 quoque

23 758 300 835 multiplex
314 750 621 814 diversitatis
638 748 925 811 barbaricae
942 749 1218 810 consortio
1229 755 1511 831 reperitur.

652 896 779 1004 Lib.
833 962 881 1003 1.
938 971 943 977 ·

102 1096 377 1150 Sueonurn
402 1093 541 1172 regis
562 1091 796 1172 Sfflrugi
815 1087 924 1148 filia
942 1089 1066 1149 Gro
1084 1092 1374 1172 gigantum
1394 1094 1511 1151 cui-

22 1174 144 1233 dam
163 1172 434 1254 desponsa.

119 1333 389 1395 Adversus
409 1336 694 1396 Sumblum
739 1339 1043 1395 Finnorum
1083 1360 1267 1421 regem
1307 1338 1515 1399 beilum

24 1414 286 1500 professus
305 1419 534 1492 (Gram)
571 1419 635 1478 ad
652 1416 923 1498 aspedium
941 1416 1061 1477 filiae
1080 1425 1192 1497 ejus
1213 1425 1401 1503 Signas
1418 1421 1517 1480 de·-

25 1499 212 1581 pofitis
230 1506 387 1559 armis
402 1543 420 1567 ,
451 1524 514 1558 ex
531 1499 684 1558 hoste
703 1522 899 1579 procus
916 1500 1112 1570 evasit,
1137 1525 1366 1583 eamque
1383 1525 1521 1584 prae-

27 1580 180 1641 miffo
197 1588 322 1658 conj
331 1580 566 1663 ugis'suae
583 1582 812 1661 repudio
827 1583 1017 1662 paffus
1035 1581 1339 1662 despondit.

106 1746 253 1804 Cum
288 1743 531 1803 Othinus
550 1745 767 1825 quidam
788 1745 1010 1827 Europa
1022 1764 1140 1805 tota
1156 1745 1287 1808 falso
1314 1747 1516 1810 divini-

26 1831 149 1885 tatis
169 1829 330 1885 titulo
366 1825 666 1886 censeretur
689 1870 707 1897 ‚
736 1828 880 1908 apud
911 1829 1163 1909 Vpsalam
1190 1850 1372 1892 tamen
1401 1853 1518 1893 cte·-

28 1910 263 1968 briorem
282 1908 576 1972 diversandi
593 1929 774 1971 vatem
793 1910 1045 1971 habebat.

638 2102 766 2169 Lib.
823 2129 849 2172 1
869 2129 915 2170 1.

111 2253 321 2310 Suetica
353 2257 467 2326 (me
486 2252 759 2327 miserum)
790 2257 983 2314 Danos
1001 2255 1200 2316 fiducia
1212 2256 1436 2338 spernit:

108 2336 246 2399 Ecce
264 2351 441 2393 truces
458 2337 627 2394 oculis
646 2336 846 2396 Gotthi
862 2380 882 2405 ‚
918 2337 1142 2419 visuque
1162 2338 1374 2401 feroces

114 2415 353 2476 Cristatis
370 2416 534 2500 galeis
558 2417 819 2500 hastisque
836 2420 1154 2481 sonantibus
1168 2424 1387 2483 instant.

95 2502 173 2555 *In
190 2499 372 2558 nostro
393 2501 618 2559 validam
637 2521 947 2583 peragentes
961 2503 1220 2587 sanguine
1236 2508 1441 2568 cladem
1460 2531 1476 2566 z

115 2580 460 2665 Distringunt
477 2584 688 2665 gladios
703 2591 757 2645 δε
776 2605 955 2646 acutas
968 2606 1093 2648 cote
1111 2588 1391 2672 bipennes,

453 2761 712 2842 Namque
730 2750 932 2820 obvius
949 2752 1103 2844 enfis.

118 2894 428 2958 Cunecandi
444 2901 576 2959 mihi
594 2902 741 2962 causa
756 2902 891 2964 fuit:
908 2928 1073 2987 quern
1085 2909 1338 2968 Suetieus
1356 2907 1522 2969 hostis

118 2980 310 3049 lumea
322 2984 604 3062 praevalido
623 2988 882 3050 contorfit
898 2991 1122 3072 pet-‘tora
1138 2988 1272 3055 nisu.
1305 3041 1309 3043 ,
1404 3073 1522 3135 Nec
