1888 3428
241 186 641 248 HISTORIAE
680 186 1146 244 VANDALICAE
1185 180 1342 248 Lien.
1382 190 1427 248 1.
1579 196 1661 271 '51³

39 272 143 332 ¹alia
156 291 275 353 quae
296 269 582 329 nobiscum
603 268 727 328 ferri
748 266 877 325 nihil
896 288 1036 345 opus
1059 308 1075 335 ‚
1107 285 1231 326 tuto
1252 289 1531 346 ponentur
1552 317 1571 345 ‚
1594 290 1658 334 ut

42 377 170 414 cum
206 354 272 413 ab
305 353 457 412 hoste
492 369 823 418 revertemur
854 369 970 407 non
990 347 1161 420 defint
1192 350 1358 409 nobis
1384 375 1500 433 quae
1531 355 1658 416 sunt

41 435 343 496 necefl'aria.
385 438 551 494 Nunc
581 435 636 492 id
665 435 852 492 Deum
869 453 970 490 oro
991 474 1009 500 ‚
1042 449 1104 490 ut
1121 451 1527 513 antepartorum
1560 440 1659 497 de·-

43 541 236 578 corum
257 561 275 589 ‚
311 539 372 577 ut
389 516 815 594 carissimo-rum,
848 536 991 594 quos
1019 516 1174 575 domi
1192 517 1476 597 reliquistis
1499 559 1517 588 ,
1535 541 1657 578 me·-

43 624 226 660 mores
260 645 276 668 ,
321 600 594 681 intrepido
629 600 812 656 animo
857 596 1071 656 hostem
1102 599 1443 658 adoriamini.
1517 604 1657 661 Haec

43 706 168 743 cum
187 684 434 743 hortatus
460 678 800 762 precatusque
818 676 944 738 effet
960 680 1237 739 Belisarius
1256 723 1274 751 ‚
1302 683 1491 740 relieto
1512 686 1656 744 intra

40 771 239 826 vallum
259 787 382 826 cum
401 764 640 846 peditatu
656 783 827 822 uxore
845 806 862 828 ,
905 763 1014 844 ipse
1033 785 1158 823 cum
1180 767 1364 844 equite
1387 765 1657 846 processit.

41 852 241 929 Neque
271 851 417 909 enim
446 845 714 927 praesentis
745 850 1011 925 temporis
1039 845 1135 927 ipsi
1164 846 1479 916 videbatur,
1526 868 1657 908 toto

40 951 241 990 certare
258 930 492 990 exercitu
511 971 528 1000 ‚
560 926 653 991 sed
671 933 999 1009 praetentatis
1025 950 1120 1009 per
1138 933 1383 1010 equitem
1414 930 1657 991 hostium

16 1010 246 1075 “viribus
264 1055 281 1082 ‚
315 1011 499 1092 postea
517 1015 651 1070 totis
681 1014 852 1091 copiis
872 1012 1203 1093 depugnare.
1242 1013 1522 1072 Praemiffis
1546 1019 1658 1095 igi-

39 1115 127 1156 tur
144 1093 510 1155 federatorum
541 1094 866 1154 durioribus
888 1136 906 1164 ‚
943 1098 1053 1175 ipse
1071 1117 1200 1154 eum
1230 1100 1430 1154 caeteris
1462 1102 1658 1155 turmis

39 1178 249 1259 suoque
277 1180 522 1239 satellitio
555 1199 614 1235 ac
641 1177 1052 1257 protectoribus
1080 1177 1417 1258 sequebatur.
1462 1183 1541 1239 Vt
1570 1177 1659 1238 fe-

41 1262 212 1320 derati
227 1259 330 1320 suis
346 1259 444 1320 sub
470 1260 702 1320 ducibus
718 1259 784 1318 ad
807 1263 1107 1319 Decimum
1126 1279 1386 1320 venerant
1406 1302 1423 1325 ,
1468 1261 1658 1322 vident

42 1341 459 1402 interfefflmrum
495 1363 725 1421 corpora
745 1382 762 1405 ‚
798 1340 1092 1402 duodecim
1124 1347 1221 1423 qui
1253 1365 1380 1401 cum
1412 1345 1657 1403 Iohanne

42 1424 256 1486 fuerant
271 1466 288 1488 ,
313 1431 467 1502 juxta
484 1443 666 1483 autem
680 1431 920 1502 jacentes
936 1429 1256 1484 Ammatam
1271 1425 1658 1508 Vandalosque

40 1510 371 1568 nonnullos:
420 1508 868 1588 &indigenarum
889 1512 1057 1567 relatu
1073 1509 1358 1566 intelleffis
1372 1530 1490 1587 quae
1508 1509 1657 1589 gesta

42 1608 193 1649 erant
211 1631 230 1657 ‚
263 1591 544 1648 indoluere
562 1633 578 1654 ‚
614 1588 765 1647 dubii
783 1591 936 1667 quod
965 1595 1067 1647 iter
1085 1591 1411 1669 capiendum
1429 1592 1552 1669 ipsis
1570 1589 1657 1649 es·—

37 1670 134 1731 set.
177 1671 280 1730 Sed
312 1671 445 1730 dum
475 1669 747 1738 haesitant,
782 1671 957 1750 deque
973 1671 1293 1729 editioribus
1312 1672 1444 1728 locis
1463 1675 1658 1732 cumsta

42 1752 484 1835 circumspectant
501 1794 520 1822 ,
553 1752 581 1810 a
600 1753 823 1811 meridie
844 1755 1049 1811 multus
1071 1755 1248 1833 pulvis
1267 1752 1409 1812 visus
1427 1795 1444 1822 ,
1481 1760 1537 1812 δε
1555 1755 1658 1814 sta—

40 1839 143 1896 tim
158 1836 529 1898 Va-ndalorum
548 1840 798 1916 equitum
817 1837 990 1894 multa
1006 1840 1103 1895 viS.
1167 1838 1357 1908 Quare
1374 1837 1439 1894 ad
1458 1838 1659 1896 Belisa-

42 1923 185 1978 rium
218 1923 445 1978 mittunt
464 1961 481 1990 ,
517 1936 772 2000 rogantes
803 1940 966 2000 quam
986 1922 1226 1999 primum
1249 1923 1430 1978 veniat
1450 1962 1466 1988 ‚
1498 1919 1656 1980 hoste

41 2005 242 2083 quippe
263 2006 610 2061 imminente.
650 2005 837 2061 Duces
854 2002 1006 2063 divisi
1037 2003 1316 2061 sententiis
1333 2043 1351 2071 ,
1385 2003 1499 2060 aliis
1532 2002 1657 2062 sua-

41 2085 297 2143 dentibus
327 2088 393 2144 iri
424 2088 484 2143 in
517 2084 729 2144 hostem
749 2130 764 2151 ,
808 2087 922 2143 aliis
952 2107 1069 2144 non
1089 2085 1310 2144 idoneas
1340 2084 1405 2143 ad
1431 2085 1486 2144 id
1516 2088 1655 2145 vires

41 2164 157 2226 suas
176 2167 577 2227 arbitrantibuS.
621 2171 778 2227 Dum
791 2167 901 2228 haec
920 2170 994 2227 illi
1014 2172 1154 2226 inter
1172 2166 1222 2226 se
1243 2167 1540 2246 disputant,
1557 2170 1655 2228 ad-

41 2246 164 2309 sunt
190 2250 400 2310 barbari
420 2291 438 2318 ,
476 2251 616 2309 duce
652 2253 931 2310 Gelimere
950 2293 966 2320 ‚
999 2255 1087 2311 via
1115 2249 1193 2309 usi
1224 2255 1367 2307 inter
1395 2273 1515 2309 eam
1546 2274 1655 2333 qua

39 2332 315 2392 Belisarius
335 2351 551 2392 venerat
569 2376 586 2403 ‚
621 2340 678 2405 δε
711 2336 932 2393 alteram
951 2355 1118 2414 quam
1144 2331 1362 2414 ingreffi
1384 2332 1655 2416 Massage—

40 2432 108 2473 tae
122 2420 286 2496 quiin
306 2417 728 2476 Gibamundum
749 2436 1138 2499 pugnaverant.
1184 2418 1278 2474 Ad
1295 2419 1435 2474 latus
1450 2436 1655 2481 *utrun-

39 2519 146 2578 que
165 2502 405 2558 ereetum
425 2501 652 2558 collibus
673 2522 851 2580 neque
870 2501 1075 2560 cladem
1094 2500 1457 2567 Gibamundi‚
1473 2519 1656 2580 neque

40 2581 270 2640 Belisarii
287 2582 448 2642 castra
465 2582 669 2642 finebat
690 2581 1016 2665 conspicere.
1055 2585 1169 2644 Vbi
1187 2587 1412 2664 propius
1431 2587 1570 2640 inter
1602 2583 1655 2642 se

41 2684 239 2722 venere
258 2686 576 2732 ..certamen
595 2685 816 2725 enatum
837 2709 856 2735 ,
891 2670 998 2725 utri
1015 2669 1187 2725 alteris
1207 2669 1404 2725 collem
1423 2707 1441 2733 ‚
1460 2669 1555 2745 qui
1572 2669 1654 2724 in—

41 2761 125 2803 ter
145 2767 360 2806 caeteros
376 2749 647 2808 eminebat
671 2782 688 2819 5
724 2753 1066 2830 praeriperent
1089 2775 1103 2809 ε
1142 2771 1270 2808 nam
1285 2756 1340 2807 &
1365 2747 1543 2806 castris
1563 2789 1582 2814 ,
1612 2748 1654 2806 fi

40 2849 182 2907 opus
197 2826 319 2889 effe't
337 2873 355 2900 ,
387 2834 624 2892 locandis
644 2852 801 2913 aptus
830 2851 940 2891 erat
955 2874 972 2901 ‚
1018 2839 1072 2890 &
1091 2834 1158 2891 de
1177 2832 1391 2890 sublimi
1409 2852 1653 2912 pugnare

37 2909 275 2991 utrisque
310 2917 573 2994 optatum.
629 2922 945 2974 Praevenere
976 2916 1205 2975 Vandali
1241 2912 1429 2983 cursu,
1472 2933 1652 2991 eoque

35 2991 150 3073 ipso
169 2996 429 3058 terribiles
447 2996 575 3058 facti
594 3041 613 3071 ,
641 2998 917 3141 hostesixli3
911 2997 1097 3080 fugam
1117 3002 1420 3079 impellunt,
1467 2992 1653 3132 1:⁴3ka-

965 3104 994 3139 Ζ.
1448 3097 1516 3156 ga
1589 3094 1658 3134 o-
