1888 3428
237 151 321 209 66
559 148 951 202 PROCOPII
995 140 1549 200 CAESAREENsm

234 224 607 288 thaninensem
627 266 645 292 ‚
675 229 914 282 Laurum
936 229 1158 281 nornine
1179 265 1195 291 ‚
1229 222 1555 300 proditionis
1584 219 1680 278 suo
1699 218 1860 300 ipsius

235 274 406 368 scrissa
423 308 598 378 indice
617 301 932 364 convictum
954 347 972 374 ‚
1004 307 1060 362 in
1090 304 1392 383 patibulum
1414 307 1595 385 egit-in
1617 306 1747 360 colle
1769 326 1860 360 ur-

234 390 365 449 bem
399 389 753 470 despectante.
804 392 941 469 Q
979 386 1132 445 metu
1152 391 1320 444 territi
1350 389 1436 443 alii
1459 385 1642 443 similia
1661 388 1860 464 agitare

239 472 545 532 defierunw
580 471 797 530 Deinde
830 468 1145 550 Mass'agetas
1178 470 1373 536 donss,
1408 466 1587 526 mensa
1614 475 1666 524 δε
1704 471 1862 528 omni

238 559 497 613 comitate
516 552 609 611 fibi
629 552 932 613 devinciens
949 554 1182 632 perpulit
1199 592 1215 617 ,
1234 549 1330 607 fibi
1350 569 1410 608 ut
1431 550 1677 629 quotidie
1696 546 1860 629 figni-

241 637 464 699 ficarent
493 656 611 715 quae
643 633 765 714 ipfis
783 636 1053 693 mutandae
1073 640 1127 692 in
1152 636 1330 714 praelio
1350 631 1475 691 fidei
1493 634 1707 711 p'raemia
1730 651 1860 709 pro-

242 721 485 778 mitteret
514 719 771 776 Gelirner'.
834 717 1161 778 Fatebantur
1188 735 1371 773 autem
1408 718 1585 772 eidem
1623 713 1858 781 barbari,

240 806 405 860 etiarn
425 799 613 882 sponte
633 801 758 868 sua,
790 799 999 858 aversos
1035 798 1130 857 fibi
1164 799 1192 857 ὲ
1221 800 1415 878 proelio
1433 801 1645 855 animos
1664 838 1680 860 ‚
1708 797 1861 876 quod

241 903 553 943 metuerent
570 905 637 941 ne
654 884 897 947 devicti&
918 881 955 939 si
973 886 1046 940 ita
1063 904 1145 939 res
1165 882 1400 943 caderet,
1414 880 1672 940 Vandalis
1691 921 1707 946 ‚
1745 899 1861 936 non

238 972 684 1047 permitterentur
712 964 740 1022 a
776 968 1044 1034 Romanis
1073 968 1129 1022 in
1165 969 1388 1043 patriam
1423 964 1594 1021 redire
1627 1003 1642 1024 ,
1663 960 1774 1019 ‘used
1803 963 1862 1038 iri

237 1048 426 1107 Africa
453 1068 779 1129 cogerentur
801 1048 1005 1106 tristem
1023 1046 1289 1105 senecffarn
1311 1047 1375 1105 ad
1395 1053 1633 1120 mort-'epm
1651 1043 1883 1124 PYOdU-t‘

243 1153 361 1190 cere
383 1155 396 1190 ε
417 1151 537 1189 tum
556 1137 613 1189 &
628 1132 701 1188 ⁴de
722 1132 893 1209 praeda
912 1130 1157 1188 accedere
1177 1123 1595 1192 sollicitudinem
1620 1169 1636 1196 ,
1668 1148 1735 1185 ne
1754 1127 1865 1208 eri-,3

238 1233 455 1294 peretur
475 1213 596 1271 fibi.
636 1213 865 1269 Ademit
884 1230 1156 1291 utrunque
1179 1231 1389 1269 metum
1410 1209 1691 1279 Belisarius
1709 1253 1721 1273 ,
1752 1206 1866 1274 fide·

239 1297 384 1364 data,
402 1297 437 1354 si
455 1296 811 1353 domarentur
822 1294 1077 1360 Vandali,
1093 1295 1324 1351 reditum
1346 1293 1466 1373 ipsis
1484 1294 1712 1350 domum
1734 1290 1867 1348 cuni

238 1377 414 1457 praeda
431 1395 615 1435 tutum
632 1375 766 1433 fore.
803 1378 881 1433 Ea
896 1378 1012 1456 lege
1026 1377 1376 1452 jurejurando
1396 1378 1515 1433 illos
1533 1375 1720 1456 adigit,
1734 1373 1861 1431 belli

241 1465 430 1518 omnia
463 1481 562 1540 pro
596 1461 731 1517 virili
766 1480 891 1516 curn
925 1457 1039 1537 ipso
1060 1460 1405 1535 toleraturos.
1446 1460 1551 1515 His
1568 1456 1867 1536 benepr07

240 1542 382 1607 visffi,
406 1540 654 1621 perfeffis
673 1548 727 1598 δε
750 1539 1047 1602 moenibus,
1063 1561 1287 1598 vocatos
1306 1542 1369 1599 ad
1391 1532 1716 1599 concioneffi
1736 1537 1865 1602 suos-

236 1621 383 1680 hunc
417 1628 473 1680 in
504 1624 735 1681 modum
771 1625 1082 1700 alloquitur.
1140 1625 1384 1679 Hortatu
1416 1621 1557 1680 mihi>
1583 1623 1725 1702 apud
1762 1641 1866 1683 vos.-

239 1705 373 1763 nihil
391 1727 530 1783 opus
551 1705 790 1768 videtur,
809 1705 1028 1770 milite&
1049 1709 1140 1784 qui
1157 1711 1265 1780 jam
1288 1708 1500 1762 virtutis
1523 1705 1701 1763 vestrae
1723 1723 1862 1783 prae-

239 1791 416 1845 mium
435 1786 667 1845 feceritis
686 1785 1072 1867 Carthagine-m
1090 1826 1106 1853 ‚
1131 1785 1481 1866 Africamque
1499 1809 1726 1845 omnem
1744 1827 1768 1854 „
1785 1791 1859 1843 ita

240 1868 588 1928 utfortitudo
618 1867 1046 1926 vestrastimulis
1076 1890 1190 1926 non
1226 1870 1484 1950 indigeat.
1524 1872 1858 1934 Imminuere

240 1955 455 2010 animos
492 1954 717 2010 victoria
754 1972 868 2008 non
903 1948 1047 2009 solet.
1111 1956 1302 2011 Vnum
1339 1953 1622 2032 praedicere
1655 1972 1721 2010 ex
1759 1951 1856 2012 usu

239 2038 503 2114 temporis
522 2036 663 2093 duco
689 2077 702 2099 ,
730 2031 765 2089 fi
798 2033 960 2091 iidem
981 2036 1123 2091 eritis
1141 2076 1159 2102 ‚
1191 2034 1358 2092 finem
1376 2033 1567 2092 instare
1588 2034 1693 2114 spei
1711 2038 1859 2091 Van-vv

235 2118 697 2197 d>ali8,pugnarum
719 2115 894 2172 vobis.
941 2119 1125 2196 Qre
1143 2140 1358 2198 aequum
1379 2137 1627 2196 promtos
1647 2137 1743 2173 vos
1759 2116 1853 2173 ad>-

235 2196 373 2258 ferre
408 2201 473 2258 ad
507 2199 613 2257 hoc
646 2199 883 2279 praelium
915 2204 1126 2259 animos
1162 2222 1176 2255 :
1212 2199 1343 2258 ficut
1370 2199 1505 2278 solet:
1536 2199 1882 2257 hominibus»

236 2280 551 2339 allubescere
582 2281 843 2340 adductus
867 2287 979 2357 jam
1009 2287 1254 2361 proxime
1295 2282 1462 2341 finem
1496 2283 1680 2340 labor.
1735 2283 1888 2349 Ne-xi'

237 2384 346 2442 que
359 2363 734 2422 Vandalorum
751 2382 847 2422 vos
867 2385 1086 2421 moveat
1109 2366 1405 2424 multitudo
1431 2409 1445 2429 ,
1463 2387 1577 2422 non
1596 2384 1852 2431 numero,
1876 2351 1888 2432 Ι

238 2466 354 2503 non
374 2467 667 2524 corporum
689 2448 834 2503 mole
850 2486 866 2510 ‚
901 2446 988 2504 sed
1022 2450 1184 2505 animi
1204 2448 1499 2527 praestantia
1520 2448 1720 2505 bellum
1737 2453 1855 2502 cer-4

157 2530 160 2534 ⁴
239 2531 406 2586 nitur.
449 2527 604 2586 Adfit
623 2528 792 2585 modo
826 2527 983 2585 vobis
1011 2552 1071 2587 ea
1108 2551 1190 2587 res
1217 2552 1335 2609 quae
1357 2531 1650 2608 plurimum
1675 2525 1875 2607 potest..

237 2612 380 2667 inter
396 2610 645 2668 homines
664 2648 682 2675 ‚
715 2614 882 2667 vereri
921 2634 934 2667 ε
968 2613 1172 2670 Merito
1203 2615 1350 2669 enim
1371 2613 1567 2688 pudeat
1586 2654 1600 2676 ‚
1637 2610 1672 2668 fi
1693 2612 1854 2671 vobis

237 2692 360 2769 ipsis
399 2692 508 2749 fitis
541 2690 852 2757 diminues,
884 2713 1061 2773 neque
1094 2694 1365 2774 prioribus
1382 2692 1536 2751 fastis
1555 2693 1851 2773 posteriora

239 2774 615 2853 respondeant·
657 2773 892 2839 Hostem
928 2779 985 2832 in
1016 2777 1281 2834 deteriora
1312 2773 1861 2855 impellentformido.-

240 2862 620 2936 malorumque
656 2862 950 2926 memoria,
983 2881 1098 2939 quae
1130 2857 1278 2917 sensu
1311 2860 1549 2917 actarum
1582 2879 1761 2916 rerum
1781 2878 1850 2914 ne

238 2936 387 3022 spem
418 2940 644 3021 quidem
676 2961 766 2999 eas
795 2941 1118 3004 emendandi
1149 2946 1207 3003 in
1233 2940 1511 3023 posterum
1527 2944 1857 3019 relinquent.-

252 3052 256 3056 ·
1607 3026 1849 3083 Fortuna
