1888 3428
221 172 334 229 Go
357 189 666 240 TTHICVAE
706 163 1094 229 HrSToRIAE
1135 171 1282 226 L1ss.
1324 173 1407 225 11.
1495 160 1630 244 2⁵93»

11 250 188 316 stitere
209 293 227 321 ‚
262 253 437 310 donec
455 253 614 311 effusa
630 251 765 311 faeta
781 251 855 310 est
876 252 1229 309 barbarorum
1251 248 1378 329 fuga
1397 290 1412 311 ‚
1446 251 1613 314 intra-

11 355 119 413 que
139 338 324 392 maenia
342 357 435 391 eos
455 336 702 394 reddidit.
743 341 852 392 Iam
874 335 1148 413 peraffum
1168 329 1348 388 Isauris
1366 352 1505 409 opus
1526 352 1615 386 ex-

13 414 286 495 cisnmque
313 438 462 496 aquae
492 417 761 476 castellum
796 419 1061 475 Romanis
1081 412 1461 472 arbitrantibus
1473 450 1490 475 ,
1528 416 1613 467 vix

12 499 88 555 illi
118 499 289 577 longo
322 501 506 556 labore
538 500 698 559 filices
744 502 950 557 amoliri
986 514 1274 578 potuerant
1298 536 1309 548 .
1367 489 1615 571 Opifices

12 582 214 657 quippe
246 599 449 638 veteres
469 587 594 640 artis
622 580 886 660 famaeque
922 577 1139 638 studiosi
1161 578 1268 634 hoc
1306 596 1529 655 quoque
1548 593 1615 629 0-

10 681 113 740 pus
129 665 200 717 ita
219 658 605 722 fabricaverant
625 705 641 731 ,
660 681 719 721 ut
740 685 916 742 neque
937 665 1199 741 temporis
1216 658 1417 738 lapsum
1436 676 1615 734 neque

10 742 302 801 humanam
319 750 430 803 vim
449 744 780 804 formidaret.
826 751 909 803 Sic
927 743 1131 803 &ciffum
1160 761 1218 799 ut
1236 744 1368 798 irriti
1389 757 1616 796 conatus

9 822 170 881 Isauri
200 867 217 893 ,
277 828 561 906 postquam
598 830 925 886 commilites
962 827 1086 885 suos
1129 844 1444 902 camporum
1481 823 1617 881 circa

12 926 297 987 compotes
318 911 494 967 videre
515 952 532 978 ,
571 910 597 969 ἐ
615 911 827 968 castello
846 909 1059 990 eligi-:effi
1079 912 1133 975 in
1166 906 1325 964 castra
1347 904 1394 962 se
1414 908 1618 981 recipe-

11 1008 152 1065 rent.
193 989 372 1048 versus
387 993 450 1050 ad
469 996 565 1051 alia
582 992 856 1052 Belisatius
879 991 1137 1051 militibus
1154 993 1380 1068 imperat
1398 1028 1415 1054 ,
1441 988 1619 1042 exani-

13 1092 103 1154 rna
130 1077 488 1132 animantium
522 1097 746 1154 corpora
765 1082 817 1134 &
841 1072 1145 1133 mortiferas
1172 1071 1416 1128 humano
1433 1067 1634 1148 generi

11 1153 204 1211 herbas
239 1161 291 1212 in
313 1179 507 1236 aquam
538 1163 854 1236 injicerent:
882 1154 1428 1234 crebroquelapidem
1450 1170 1636 1230 quem?

13 1239 249 1293 titanum
269 1244 584 1319 antiquitas,
624 1242 800 1298 nostra
816 1259 937 1298 aetas
957 1237 1228 1297 asbestum,
1256 1254 1413 1293 vocat
1431 1275 1444 1298 ‚
1486 1238 1541 1288 in
1560 1252 1621 1287 ea

16 1317 429 1399 restinguerent.
463 1344 561 1380 nec
578 1321 726 1380 secus
740 1320 961 1380 faffum.
1006 1322 1086 1377 Ex
1106 1341 1172 1375 eo
1192 1318 1400 1377 barbari
1422 1337 1533 1370 uno
1553 1335 1617 1369 ex

15 1419 185 1480 puteo
208 1443 224 1469 ‚
260 1408 429 1483 quiin
452 1404 658 1484 oppido
679 1425 787 1462 erat
809 1448 821 1467 ,
843 1408 1021 1461 minus
1041 1423 1203 1482 quam
1227 1422 1324 1478 pro
1344 1396 1622 1455 necessita-

17 1500 72 1539 te
93 1505 240 1563 aquae
259 1484 595 1544 hauriebant.
638 1490 716 1544 At
737 1486 1013 1544 Belisarius
1031 1505 1206 1564 neque
1226 1488 1275 1539 vi
1294 1480 1499 1560 sperans
1519 1500 1624 1556 op·-

17 1567 208 1644 pidum
247 1572 360 1647 capi
394 1567 538 1647 poss'e
561 1614 574 1633 ,
628 1591 805 1648 neque
825 1568 963 1625 dolis
995 1571 1049 1624 in
1085 1588 1247 1645 aquas
1276 1563 1443 1621 aliisve
1466 1560 1619 1626 fisus,

16 1644 164 1725 spem
184 1651 430 1707 ultimam
465 1656 520 1708 in
546 1649 688 1708 fame
719 1650 952 1707 hostium
987 1648 1218 1706 habebat
1237 1688 1251 1707 ‚
1297 1665 1454 1723 atque
1474 1642 1550 1699 ob
1569 1641 1625 1698 id

18 1749 213 1786 omnes
232 1732 405 1789 aditus
423 1733 705 1790 claudebat·
721 1734 1047 1812 diligentiuS.
1092 1728 1294 1786 Gotthi
1323 1732 1626 1783 etiamnum

17 1810 62 1867 a.
83 1813 343 1871 Ravenna
375 1820 667 1872 exercitum
707 1819 1048 1894 opperientes
1084 1818 1137 1870 in
1169 1815 1287 1868 otio
1323 1827 1628 1886 magnaque

17 1913 201 1953 rerum
221 1896 448 1976 egestate
466 1898 714 1979 agebant.
758 1900 929 1977 magis
946 1901 1107 1954 etiam
1128 1899 1222 1975 qui
1249 1898 1385 1951 intra
1406 1890 1625 1948 Faesulas

20 1976 402 2037 obsidebantur
432 1977 574 2038 fame
606 1978 846 2060 fatigati,
889 2001 986 2037 nec
1004 1980 1204 2037 diutius
1224 1980 1363 2034 malo
1383 1978 1625 2032 toleran-
1661 1974 1663 1976 ’

21 2057 94 2116 do
113 2080 262 2137 pares
279 2102 297 2127 2
331 2062 538 2135 abjetfita
554 2061 582 2120 a
601 2065 861 2120 Ravenna
880 2061 963 2139 spe
982 2106 996 2126 ‚
1034 2083 1157 2118 cum
1175 2059 1420 2116 hostibus
1438 2053 1628 2136 pacisci

21 2140 418 2201 constituerant.
470 2167 598 2202 >cum
636 2146 912 2225 Cypriano
945 2148 1113 2223 igitur
1148 2151 1201 2200 &
1231 2143 1432 2198 Iustino
1452 2140 1629 2195 collo-

22 2228 132 2280 cuti
149 2265 167 2293 ‚
202 2227 267 2284 de
287 2225 450 2284 salute
472 2226 558 2284 sua
579 2226 684 2286 fide
703 2245 914 2306 accepta
933 2268 950 2293 ‚
978 2225 1025 2283 se
1048 2233 1099 2284 &
1120 2224 1384 2303 oppidum
1406 2222 1627 2279 dedide-

22 2324 98 2362 re.
134 2328 276 2385 quos
294 2311 635 2388 Cyprianus,
679 2313 782 2367 alio
805 2308 1040 2391 praefidio
1073 2327 1339 2387 quantum
1363 2303 1630 2361 servandis

22 2386 232 2449 Faesulis
248 2393 435 2449 relicto
456 2433 474 2459 ,
510 2389 604 2450 suo
627 2398 923 2470 permixtos
943 2392 1098 2447 militi
1119 2431 1135 2457 ‚
1170 2393 1223 2445 in
1244 2387 1404 2445 castra
1424 2387 1487 2443 ad
1506 2391 1629 2444 Au-

22 2470 231 2531 ximum
259 2475 525 2553 perduxit.
584 2477 807 2532 Horum
842 2478 1106 2552 primores
1135 2468 1415 2527 Belisaiius
1448 2472 1630 2525 Auxi-

0 2615 1 2630 2
24 2555 264 2615 maribus
281 2554 504 2615 subinde
523 2557 794 2614 ostentans
814 2598 831 2624 ,
857 2556 1116 2613 monebat
1134 2556 1410 2611 mitterent
1428 2568 1628 2607 contu-

25 2641 251 2694 maciam
289 2644 343 2696 &
381 2641 492 2696 illas
526 2637 554 2696 ὃ.
581 2640 840 2696 Ravenna
863 2636 979 2717 spes
1003 2680 1019 2706 ‚
1045 2659 1158 2693 non
1177 2634 1348 2692 modo
1381 2632 1630 2690 nihilun-

25 2738 189 2797 quam
209 2717 518 2799 profuturas
538 2762 554 2788 ‚
585 2718 672 2780 sed
693 2725 746 2778 in
768 2727 968 2797 majora
1000 2719 1169 2777 indies
1191 2716 1331 2796 ipsos
1351 2716 1626 2772 induturas

26 2806 163 2860 mala
182 2843 197 2868 ‚
241 2824 477 2881 quorum
496 2801 618 2860 finis
638 2825 751 2861 non
784 2806 909 2861 alius
928 2824 1091 2881 quam
1123 2798 1395 2858 Faesulanis
1414 2795 1629 2854 futurus

29 2881 167 2941 effet.
189 2884 263 2950 illj
284 2906 367 2944 ‚re
388 2887 621 2944 multum
641 2883 865 2964 expensa
887 2927 902 2953 ‚
917 2888 1040 2943 cum
1054 2889 1165 2959 jam
1189 2883 1496 2960 patientiam
1523 2879 1632 2932 vin·

29 2984 174 3032 ceret
190 2963 392 3037 fames,
422 2984 592 3047 caepto
609 2970 888 3047 colloquio
912 3007 925 3027 ,
959 2970 1286 3047 paratierant
1305 2962 1507 3020 tradere
1529 2978 1633 3032 ορε-

821 3051 877 3105 Τ
927 3071 950 3126 3
1430 3039 1639 3119 pidum,
