1888 3428
231 194 346 234 212
549 173 943 233 Pnocopir
1000 170 1597 252 CAEsAREENsm‘

230 270 409 323 nunt,
443 275 500 313 ac
522 255 588 314 fic
608 277 701 336 per
718 256 966 314 Tiberim
981 259 1224 313 Romam
1237 256 1517 312 ve&antur
1535 295 1553 321 ,
1570 251 1722 311 nullo
1740 250 1837 331 ve}

230 339 634 406 lorum‚.nu110
670 360 947 396 remorum
982 340 1214 396 auxilio:
1256 358 1436 414 neque
1470 340 1616 393 enim
1643 354 1840 393 vento-

228 441 352 476 rum
369 422 624 499 impulsus
635 425 784 494 juvat
804 462 820 486 ‚
838 426 964 500 quia
985 422 1257 499 perpetuis
1274 420 1315 476 it
1328 417 1558 475 flexibus
1576 417 1841 496 nusquam

228 501 280 559 se
300 505 578 583 corrigens
597 507 768 560 amnis
788 525 801 565 ς
824 516 922 561 nec
940 499 1182 561 adversus
1200 503 1574 579 praecipitantis
1593 499 1642 556 se
1661 498 1843 556 flumi-

229 587 312 642 nis
331 589 596 663 impetum
627 589 855 665 remigio
875 589 973 642 niti
1006 585 1179 642 datur.
1221 581 1310 640 sed
1335 582 1400 639 ab
1421 583 1664 639 abtuariis
1684 580 1844 638 restes

229 666 405 723 boum
425 670 573 725 collis
593 668 806 745 alligant
824 709 842 735 ,
865 666 1064 746 quibus
1082 665 1439 744 plaustrorum
1458 665 1522 722 ad
1546 660 1707 720 instar
1720 664 1846 720 Ro-·

230 770 378 805 mam
407 748 797 827 pertrahantur.
841 753 919 806 At
958 751 1118 806 latere
1139 749 1304 805 altero
1323 746 1389 804 ab
1422 745 1576 804 Ostia
1600 748 1842 803 Romam

229 834 382 887 eunti
418 830 601 888 filvosa
633 849 794 909 atque
830 831 1030 888 inculta
1066 828 1139 888 est
1178 833 1295 898 via,
1329 825 1653 909 longiusque
1689 825 1846 906 aripa

227 913 408 970 abest:
447 914 588 971 unde
608 934 706 970 nec
729 915 830 970 ulla
849 913 925 970 ibi
957 914 1312 970 affituariarum
1331 913 1545 969 trac-(trio,
1597 909 1730 967 illud
1751 931 1846 969 ve-
1884 921 1888 923 ’

228 1015 293 1052 ro
314 1013 502 1072 portus
537 995 837 1074 oppidum,
869 1016 993 1051 cum
1028 994 1418 1052 incustoditum
1451 992 1657 1050 Gotthi
1689 1013 1846 1071 repe-

227 1075 408 1133 riffent
428 1119 446 1145 ,
478 1099 541 1133 ex
579 1076 873 1153 improviso
901 1096 1121 1153 cepere,
1156 1098 1272 1133 non
1304 1076 1411 1134 sine
1443 1076 1613 1132 multa
1632 1076 1850 1131 Romae·

226 1158 432 1215 norum
471 1160 546 1215 ibi
579 1157 939 1215 habitantium
964 1159 1136 1215 caede:
1181 1156 1446 1235 simulque
1472 1155 1582 1234 vipse
1604 1154 1846 1212 fluminis

228 1244 403 1298 exitus
425 1243 478 1297 in
496 1261 687 1297 eorum
710 1243 857 1295 venit
888 1237 1231 1317 potestatem.
1275 1242 1418 1296 mille
1437 1238 1658 1294 suorum
1679 1236 1744 1294 ad
1760 1239 1846 1293 loa

227 1327 274 1378 ci
299 1325 522 1379 tutelam
543 1322 735 1378 relitfftis
757 1363 771 1387 ,
803 1325 976 1378 caeteti
997 1324 1052 1377 in
1069 1320 1230 1377 castra
1246 1318 1506 1378 receflere.
1549 1320 1631 1376 Ex
1651 1341 1718 1376 eo
1736 1318 1846 1375 ob-¹

227 1402 366 1461 sessis
381 1403 509 1462 nihil
529 1403 556 1461 ὲ
586 1406 713 1461 mari
735 1402 928 1459 adferri
949 1405 1133 1480 potuit
1152 1401 1248 1460 nisi
1267 1423 1360 1482 per
1380 1401 1613 1469 Ostiam,
1633 1404 1690 1458 in
1707 1422 1847 1479 qun,

228 1504 291 1543 ut
327 1489 517 1559 exjam
551 1487 706 1544 (ὶίἂίε
737 1487 966 1565 intelligi
997 1483 1172 1564 potest
1193 1526 1207 1547 ,
1253 1486 1551 1565 plurimum
1583 1501 1696 1541 erat
1722 1502 1846 1542 tum

227 1568 462 1637 labori3‚
495 1587 612 1625 tum
647 1570 881 1646 periculi.
928 1574 1038 1625 Iam
1075 1570 1221 1625 enim
1259 1589 1372 1625 non
1404 1590 1471 1625 eo
1503 1567 1730 1644 amplius
1748 1587 1846 1645 ap·-

232 1651 429 1729 pellere
464 1672 626 1707 naves
662 1648 962 1714 audebant,
999 1649 1085 1707 sed
1116 1652 1356 1706 Antium
1391 1650 1440 1706 se
1469 1647 1843 1728 conferebant,

228 1734 383 1811 quod
399 1732 666 1810 oppidum
689 1730 791 1787 diei
812 1734 1000 1788 itinere
1030 1730 1372 1788 abestOstia.
1408 1731 1484 1788 ibi
1504 1751 1669 1788 onera
1688 1732 1842 1787 tolle-

229 1814 363 1874 bant
378 1820 472 1893 qui
490 1815 730 1870 Romam
752 1817 957 1892 magnis
976 1834 1099 1891 cum
1124 1810 1525 1871 difficultatibus
1545 1830 1844 1891 portarent.

230 1897 455 1953 Horum
486 1897 753 1953 malorum
787 1893 933 1951 causa
958 1915 1068 1951 erat
1094 1897 1329 1952 militum
1351 1899 1605 1975 paucitas.
1642 1898 1846 1952 moeni—

233 1977 335 2034 bus
354 1981 500 2034 enim
537 1979 804 2034 Romanis
841 1994 1088 2034 metuens
1112 1977 1413 2045 Beiiszxrim,
1464 1980 1653 2035 Portui
1688 1977 1845 2035 fimul

234 2058 509 2117 consulere
533 2064 833 2139 nequierat.
868 2080 992 2116 nam
1012 2058 1078 2116 fic
1103 2058 1349 2116 existimo
1373 2099 1389 2126 2
1421 2059 1457 2116 fi
1477 2061 1701 2116 trecenti
1718 2081 1843 2116 moa

231 2142 305 2199 do
338 2144 524 2199 locum
554 2139 826 2198 servaffent
855 2163 947 2219 per
979 2139 1027 2198 se
1061 2140 1281 2198 firmum
1304 2183 1319 2208 ,
1352 2141 1485 2198 nihil
1517 2141 1593 2198 ibi
1624 2139 1843 2199 ausuros

232 2221 382 2280 fuisse
420 2223 699 2281 barbaros.
747 2225 878 2279 Haec
900 2228 1059 2280 tertio
1079 2224 1163 2280 die
1199 2222 1388 2282 effe&a
1415 2222 1537 2281 sunt
1566 2222 1594 2280 ἒι
1612 2224 1842 2281 Gotthis

231 2327 395 2384 quam
435 2305 462 2362 a
494 2305 770 2362 moenibus
800 2305 989 2382 repulsi
1024 2302 1260 2362 fuerant.
1312 2305 1584 2365 vicesimo
1608 2306 1692 2363 die
1723 2305 1855 2385 post·

230 2407 449 2466 captum
480 2393 706 2444 Portum
744 2392 797 2442 &
834 2391 880 2442 ei
917 2391 1249 2466 cognomine
1289 2388 1554 2467 oppidum
1591 2433 1604 2453 ‚
1652 2387 1842 2446 adsunt

229 2469 505 2526 Martinus
529 2476 583 2527 δέ
603 2471 925 2547 Valerianus
948 2474 1195 2548 equitum
1213 2471 1374 2527 duces
1393 2472 1533 2527 mille
1550 2477 1601 2527 δέ
1623 2468 1848 2527 sexcen-·

227 2569 452 2618 totum,
492 2573 729 2630 quorum
755 2572 870 2628 pars
905 2555 1135 2608 maxima
1167 2554 1397 2619 Hunni,
1437 2554 1640 2617 Sclavi,
1677 2556 1840 2612 Antae

231 2652 381 2689 erant
400 2675 416 2699 ‚
454 2631 481 2688 ὲ
502 2634 758 2711 gentibus
782 2634 916 2689 ultra
943 2632 1264 2690 Danubium
1285 2655 1397 2690 non
1415 2637 1486 2691 ita
1502 2637 1662 2715 longe
1682 2634 1710 2691 ὲ
1726 2639 1840 2715 ripa
1887 2680 1888 2687 ,

229 2712 377 2771 sedes
397 2712 741 2771 habentibus.
785 2718 937 2772 laetus
956 2737 1148 2773 eorum
1169 2718 1404 2774 adventu
1422 2714 1839 2793 Belisariu3,jam

231 2799 386 2853 omni
424 2799 474 2854 vi
506 2800 560 2852 in
586 2795 763 2852 hostes
788 2798 1102 2855 certandum
1138 2796 1354 2856 censuit.
1388 2798 1648 2857 Postridie
1674 2802 1839 2879 igitur

231 2877 262 2934 ὲ
278 2877 382 2935 suis
402 2876 714 2936 satellitibus
736 2880 912 2935 virum
933 2883 1116 2937 animo
1135 2877 1334 2938 fortem
1357 2921 1372 2943 ‚
1388 2881 1619 2941 validum
1637 2901 1855 2960 corpoes

232 2980 323 3034 xe,
358 2960 627 3037 Traianus
648 2958 938 3025 vocabatur
956 3003 974 3032 ‚
1002 2961 1256 3027 adsumtis
1291 2961 1565 3044 equitibus
1593 2964 1839 3023 ducentis

1646 3064 1837 3104 eorum
