1888 3428
209 157 647 214 GoT‘rntcAE
688 152 1094 213 Hrs‘roiuffi
1136 158 1281 214 LIB.
1325 161 1367 215 Ι.
1509 163 1614 240 163

20 237 227 303 buisset,
275 242 369 318 qui
390 280 407 305 ,
443 238 478 295 fi
498 238 650 319 quod
667 256 882 316 aequum
911 235 986 293 est
1019 236 1287 316 nobisque
1311 239 1625 300 conducens

17 318 192 379 facere
226 317 469 378 voluifl‘et
490 363 508 389 ,
542 342 657 376 non
688 320 1080 396 Neapolitanos
1115 323 1356 378 territare
1394 322 1619 392 debuit,

19 424 197 481 neque
216 423 283 460 ex
301 400 490 460 nostro
524 406 580 460 in
599 399 849 458 Gotthos
878 404 1019 458 malo
1039 397 1278 459 facinore
1297 400 1410 459 suas
1428 424 1625 483 augere

18 487 158 542 vires
175 526 190 546 ,
211 484 299 542 sed
317 506 442 543 cum
465 484 756 543 Theudato
777 482 1112 562 Gotthisque
1134 505 1356 541 manum
1378 487 1628 543 consere-

15 586 74 623 re
91 607 110 634 ,
130 585 189 624 ut
208 566 315 624 fine
335 565 522 624 nostro
543 567 780 644 periculo
800 605 816 632 ,
852 564 959 622 sine
979 565 1165 623 nostro
1184 566 1372 624 scelere
1389 606 1408 632 ,
1447 568 1626 625 victo-

16 669 131 705 rem
161 647 472 728 sequeretur
497 649 776 726 Neapolis.
832 649 938 704 His
959 648 1114 705 dietis
1146 648 1330 706 Pastor
1349 656 1405 706 &
1438 648 1628 706 Ascle-

15 730 274 807 piodotus
293 734 454 788 etiam
485 729 694 787 Iudaeos
712 733 767 785 in
788 730 1030 787 medium
1049 731 1345 798 adduxere,
1383 736 1477 810 qui
1496 729 1627 788 affe-2

13 831 191 870 rerent
212 812 340 870 nihil
362 812 512 891 quod
530 812 656 869 effet
673 810 1015 869 neceffarium
1033 817 1238 872 civitati
1256 813 1454 872 defore.
1479 817 1626 871 Ani-

13 899 147 951 mati
179 915 270 973 per
301 893 411 952 haec
438 894 785 972 Neapolitani
817 893 1126 952 Belisarium
1159 894 1418 972 juflerunt
1458 919 1623 976 quam

12 980 248 1052 primum
281 976 405 1034 inde
431 974 694 1033 facessere.
735 980 908 1056 Igitur
930 978 994 1036 ad
1022 977 1365 1037 obsidionem
1391 977 1439 1035 se
1460 997 1622 1057 parat.

13 1060 160 1136 Saepe
177 1056 427 1115 assultatis
445 1058 724 1115 moenibus
739 1102 754 1124 ‚
793 1058 1031 1134 dejectus
1050 1059 1124 1116 est
1143 1102 1160 1129 ,
1199 1063 1382 1118 multis
1398 1059 1623 1118 suorum

10 1138 227 1207 amiffis,
244 1142 415 1198 &illis
429 1145 683 1208 maxime,
703 1142 902 1219 quibus
922 1146 1087 1199 virtus
1107 1143 1276 1202 cordi.
1322 1146 1459 1200 Sunt
1474 1147 1624 1202 enim

10 1225 322 1301 Neapoleos
340 1228 540 1279 moenia
555 1226 749 1302 partim
769 1227 1037 1302 contiguo
1059 1229 1221 1292 mari,
1255 1228 1447 1305 partim
1467 1228 1621 1283 loco-

10 1325 133 1362 rum
150 1300 551 1361 difficultatibus
565 1305 630 1362 ad
652 1308 761 1361 vim
777 1304 1057 1364 inaccessa:
1092 1313 1167 1367 &‚
1185 1308 1252 1372 ad
1273 1306 1486 1365 insidias
1506 1329 1619 1386 quo

12 1389 195 1445 minus
217 1404 430 1464 pateant
447 1426 464 1453 ,
507 1386 703 1443 arduus
720 1384 925 1465 positus
956 1384 1106 1445 facit·
1148 1390 1328 1446 Etiam
1348 1391 1583 1447 canalem
1600 1430 1620 1458 ,

10 1490 121 1547 qua
142 1467 312 1526 fertur
328 1471 384 1525 in
403 1468 669 1547 oppidum
689 1489 824 1548 aqua
840 1510 857 1537 ,
904 1491 1028 1527 cum
1047 1469 1279 1528 diruisset
1311 1469 1620 1540 BelisariuS,

10 1550 155 1609 haud
185 1555 494 1608 commovit
524 1551 829 1629 oppidanos
863 1573 922 1608 ea
957 1573 1075 1620 reS,
1111 1554 1264 1631 quod
1298 1557 1448 1631 putei
1479 1557 1621 1610 intra

11 1635 201 1692 maenia
218 1632 282 1690 ad
314 1651 476 1710 potus
495 1631 648 1689 usum
677 1629 994 1689 sufficientes
1025 1636 1151 1689 mali
1176 1632 1384 1690 sensum
1404 1654 1618 1691 averte-

9 1732 144 1772 rant.
184 1720 328 1771 Inter
342 1713 449 1772 haec
467 1712 789 1771 Theudatus
807 1712 1010 1800 bellum
1032 1719 1349 1795 neutiquam
1368 1716 1585 1793 parabat
1602 1756 1623 1785 ,

10 1797 203 1874 suopte
235 1799 460 1876 ingenio
498 1795 670 1852 secors
702 1836 722 1865 ,
752 1801 827 1851 'ut
862 1814 987 1852 ante
1021 1801 1340 1856 memoravi.
1379 1818 1619 1857 narratur

12 1885 66 1938 &
86 1878 224 1937 aliud
252 1875 486 1936 accidisse
519 1877 671 1957 quod
701 1899 827 1934 eum
848 1882 1019 1957 magis
1037 1884 1196 1937 etiam
1233 1880 1475 1940 turbavit
1498 1923 1517 1950 ,
1562 1888 1618 1940 &

10 1962 74 2027 in,
99 1982 354 2040 pavorem
386 1962 604 2036 dejecit,
660 1982 747 2017 me
782 1960 1002 2038 quidem
1023 1984 1137 2019 non
1168 1965 1392 2021 credulo
1413 2005 1431 2031 ,
1466 1964 1622 2044 quod

12 2061 193 2100 tamen
234 2046 607 2123 qualecunque
649 2041 724 2099 est
756 2040 861 2099 fide
905 2046 1192 2102 auctorum
1238 2045 1325 2103 hic
1362 2046 1618 2104 tradetur,

11 2122 328 2183 Theudatus
345 2133 396 2183 &
419 2145 545 2183 ante
566 2126 818 2204 proclivis
839 2125 902 2182 ad
926 2125 1092 2184 fidem
1112 2127 1414 2186 habendam
1434 2132 1620 2208 iis‚qui

11 2207 224 2265 divinos
253 2206 303 2265 se
321 2206 652 2285 profitentur
671 2247 688 2275 ‚
728 2205 834 2263 hoc
854 2229 982 2266 vero
1003 2229 1251 2288 tempore
1272 2209 1620 2290 praesentibus

13 2293 198 2348 anxius
218 2329 236 2355 ,
267 2311 383 2368 quo
409 2293 489 2348 vel
524 2291 754 2347 maxime
790 2292 1108 2368 quaerendos
1144 2293 1209 2350 ad
1242 2312 1389 2350 vates
1417 2295 1621 2371 impelli

12 2371 263 2429 homines
294 2373 501 2446 solent,
535 2369 854 2430 consultavit
886 2373 1218 2442 Hebraeum,
1251 2378 1444 2433 talium
1476 2373 1621 2432 fama

14 2453 291 2519 nobilem,
327 2456 500 2534 qualis
534 2473 769 2532 caeptum
798 2453 998 2512 bellum
1033 2477 1276 2514 maneret
1294 2462 1485 2536 exitus.
1532 2460 1620 2514 ille

16 2557 305 2614 porcorum
323 2557 429 2594 tres
454 2537 691 2594 decurias
709 2535 880 2593 tribus
913 2540 1114 2596 includi
1138 2539 1273 2596 haris
1287 2537 1432 2616 juffit
1452 2578 1467 2604 ,
1514 2560 1622 2595 no-

18 2638 251 2697 menque
283 2623 491 2699 imponi
519 2618 803 2677 discretum
822 2622 1015 2700 cuique
1032 2621 1256 2680 decuriae
1279 2663 1293 2684 ‚
1322 2622 1448 2680 huic
1464 2623 1620 2678 Cot-³-

16 2698 237 2757 thorum
257 2743 275 2768 ,
304 2704 449 2760 alteri
472 2704 857 2763 Romanorum
879 2741 895 2763 ,
931 2708 1099 2761 tertiae
1117 2708 1462 2782 Imperatoris
1476 2707 1622 2760 mili—

20 2798 157 2838 tum.
194 2801 352 2862 atque
371 2789 445 2842 ita
462 2784 642 2864 quiete
675 2783 862 2842 servari
897 2806 990 2864 per
1007 2784 1263 2843 definitos
1297 2788 1427 2844 dies,
1473 2788 1622 2842 Fecit

20 2881 84 2921 ut
105 2878 426 2946 praeceptum
456 2866 778 2926 Theudatus
795 2906 812 2928 ,
847 2885 1006 2945 atque
1028 2867 1123 2924 ubi
1144 2869 1351 2927 dierum
1382 2867 1506 2925 finis
1528 2886 1621 2923 ve-

20 2965 173 3007 nerat
189 2990 208 3018 ,
242 2949 403 3009 ambo
423 2952 488 3013 ad
521 2951 672 3010 haras
691 2948 1000 3009 accedentes
1033 2954 1472 3031 contemplantur
1492 2967 1625 3027 por<-

880 3036 928 3087 L
975 3052 1007 3087 2.
1512 3047 1630 3085 cos,
