1931 3428
400 152 710 220 Ltnin
790 130 1188 220 Sex-svs
1513 182 1623 247 923

315 421 318 424 ⁴
405 340 472 406 C
576 364 625 407 A
724 364 780 407 P.
917 340 1227 409 XLIX.

67 511 202 581 Qas
218 496 447 558 civitates
476 506 806 554 Romanorum
824 493 1149 570 Liutprandus
1167 504 1271 551 Rex
1288 496 1498 571 invafit3
1534 499 1598 563 ὠν

335 580 393 636 de
423 580 736 639 deterioribus
740 579 889 657 fadia
920 582 1084 635 Leonis
1108 576 1324 656 Augusti.

163 744 222 804 O
257 762 508 827 tempore
537 747 656 806 Rex
679 741 1046 824 Liutprandus
1071 744 1393 809 Ravennam
1412 741 1645 815 obsedit,

1 877 8 887 r
164 827 371 888 claffem
407 828 596 889 invasit
641 845 803 905 atque
847 823 1125 885 destruxit.
1184 829 1350 885 Tunc
1386 831 1649 886 Patricius

25 912 225 971 Paulus
257 934 321 969 ex
341 913 602 971 Ravenna
619 909 762 966 mifit
792 910 888 988 qui
910 908 1231 988 pontificem
1256 912 1646 969 interimerent.
1693 909 1700 913 ‘

29 995 136 1053 Sed
152 994 529 1075 Langobardis
548 1013 648 1073 pro
682 987 995 1050 defensione
1013 990 1299 1051 Pontificis
1332 1015 1650 1076 repugnan-

28 1077 178 1136 tibus
196 1119 212 1145 ‚
245 1078 546 1155 spoletanis
568 1080 621 1132 in
640 1077 840 1132 Salario
867 1094 1036 1154 ponte
1056 1117 1072 1144 ‚
1108 1081 1163 1133 &
1184 1098 1247 1133 ex
1276 1079 1386 1134 aliis
1405 1077 1648 1157 partibus

28 1159 405 1240 Langobardis
438 1157 631 1217 Tuscis
663 1157 1058 1224 refistentibuS‚
1103 1158 1387 1217 confilium
1422 1161 1650 1218 Raven-

27 1247 240 1301 natium
273 1241 582 1322 dissipatum
606 1240 702 1299 est.
759 1243 881 1298 Hac
908 1239 1226 1322 tempestate
1256 1245 1373 1300 Leo
1403 1248 1649 1323 Impera-

29 1342 121 1382 tor
141 1325 282 1404 apud
305 1323 848 1403 Constantinopolim
869 1321 1176 1383 sannorum
1197 1328 1459 1404 imagines
1477 1326 1650 1404 depo-

30 1406 150 1465 sitas
182 1410 440 1465 incendit.
485 1409 747 1465 Romano
783 1427 1004 1486 quoque
1023 1405 1280 1466 Pontifici
1303 1408 1485 1467 fimilia
1503 1406 1652 1465 face-

31 1510 88 1548 re
107 1530 123 1557 ‚
144 1487 180 1546 si
205 1491 534 1570 imperialem
553 1493 781 1571 gratiam
800 1488 994 1547 habere
1012 1491 1174 1551 vellet
1194 1532 1212 1560 ‚
1237 1492 1532 1550 mandavit.
1559 1488 1652 1548 sed

31 1569 281 1652 pontifex
313 1572 422 1630 hoc
454 1569 627 1632 facere
663 1571 972 1630 contemfit.
1034 1574 1238 1631 Omnis
1273 1595 1502 1652 quoque
1533 1575 1651 1631 Ra-

32 1676 223 1714 vennae
240 1660 525 1724 exercitUS,
543 1657 626 1713 vel
645 1655 998 1712 Venetiarum
1022 1697 1039 1723 ‚
1074 1656 1269 1713 talibus
1285 1655 1436 1730 jussis
1455 1668 1649 1713 uno'a-

36 1741 195 1796 nimo
233 1739 538 1797 restiterunt
569 1778 587 1805 ‚
645 1743 700 1795 δε
719 1734 847 1803 ,nisl
880 1758 974 1795 eos
995 1737 1346 1816 prohibuiffet
1375 1736 1652 1817 pontifex,

22 1825 424 1900 Imperatorem
467 1819 623 1900 super
675 1818 725 1877 se
772 1818 1095 1878 constituere
1146 1818 1365 1878 fuiffent
1401 1819 1648 1902 aggreffi.

1 1976 8 1980 ὓ
35 1906 158 1962 Rex
195 1926 423 1984 quoque
454 1902 836 1982 Liutprandus'
858 1901 1021 1960 castra
1057 1906 1285 1962 AEmiliae
1307 1945 1323 1971 ,
1384 1906 1653 1961 Foronia-

37 2008 172 2044 num
197 2027 214 2055 ,
245 1994 300 2044 δε
321 1989 580 2044 Montem
600 1987 832 2044 Bellium
852 2026 869 2053 ‚
913 1989 1119 2043 Buxeta
1151 1994 1202 2044 ὃ(
1221 1985 1482 2044 Persiceta
1500 2031 1514 2051 ,
1538 1988 1652 2042 Bo-

38 2074 263 2126 noniam
300 2075 354 2126 &
374 2071 716 2148 Pentapolim
736 2109 752 2134 ‚
797 2071 1247 2148 Auximumque,
1278 2068 1490 2126 invasit.
1532 2072 1652 2126 Pari

40 2172 266 2231 quoque
301 2152 475 2209 modo
500 2170 630 2208 tunc
664 2157 718 2207 &
755 2154 994 2208 Sutrium
1015 2150 1276 2229 pervafit3
1309 2150 1394 2209 sed
1418 2151 1537 2231 post
1557 2154 1657 2208 ali-

2 2302 9 2303 fi
40 2252 186 2312 quot
214 2233 360 2300 dies,
396 2238 595 2292 iterum
631 2234 901 2290 Romanis
942 2234 1214 2291 redditum
1237 2232 1332 2291 est.
1386 2240 1490 2291 Per
1506 2234 1654 2291 idem

42 2334 261 2394 tempus
289 2320 406 2375 Leo
427 2314 710 2396 Augustus
743 2315 807 2373 ad
839 2321 1021 2393 pejora
1038 2316 1433 2398 progreffus'est
1453 2358 1469 2384 ,
1502 2321 1576 2374 ita
1596 2333 1656 2373 ut

44 2401 394 2479 compelleret
419 2419 614 2457 omnes
642 2396 1130 2479 Constantinopoli
1162 2399 1464 2457 habitantes
1485 2440 1503 2467 ,
1542 2417 1654 2456 tam

46 2485 132 2549 vi,
178 2503 343 2561 quam
379 2482 655 2540 blandiciis
687 2522 702 2543 ‚
748 2498 807 2537 ut
827 2481 1165 2559 deponerent
1207 2483 1520 2560 ubicunque
1557 2481 1657 2539 ha·-

46 2563 306 2622 berentur
325 2568 589 2645 imagines
623 2582 733 2621 tam
755 2567 1040 2622 Salvatoris
1059 2605 1076 2633 ,
1132 2586 1293 2645 quam
1316 2566 1522 2624 Sanctae
1540 2570 1658 2640 ejus

46 2650 323 2725 genitricis
356 2686 374 2714 ,
420 2651 503 2708 vel
538 2649 793 2705 omnium
829 2649 1168 2705 Sanctorum.
1225 2645 1416 2726 easque
1445 2651 1502 2704 in
1537 2668 1659 2704 me·-

49 2729 201 2785 dium
220 2733 449 2789 civitatis
477 2730 730 2788 incendio
767 2734 1098 2788 concremari
1116 2727 1261 2799 fecit.
1301 2732 1371 2787 Et
1390 2732 1516 2809 quia
1544 2731 1661 2808 ple-

49 2812 204 2889 rique
240 2834 305 2870 ex
337 2813 549 2892 populo
582 2817 685 2871 tale
715 2810 878 2872 scelus
914 2811 1030 2870 fieri
1060 2812 1461 2893 praepediebant
1492 2853 1510 2879 ,
1560 2811 1659 2867 ali-

53 2897 242 2969 quanti
262 2917 325 2953 ex
346 2900 420 2953 eis
438 2898 608 2976 capite
628 2901 890 2962 truncati,
908 2898 991 2953 alii
1013 2900 1257 2975 corporis
1275 2914 1422 2975 parte
1443 2892 1657 2950 multati

52 2973 196 3034 sunt.
243 2978 416 3055 Cujus
437 2981 605 3038 errori
622 2978 933 3038 Germanus
958 2978 1260 3037 Patriarcha
1294 2997 1408 3034 non
1428 2971 1658 3032 consen-

1498 3075 1661 3127 uem,
