1888 3428
237 166 354 241 408
588 166 975 223 Prtocopu
1020 161 1573 220 CAEsAREENsrs
1818 235 1828 241 ᾗ

221 259 223 261 ’
242 264 435 302 manus
450 243 754 326 collegerat,
765 253 876 323 jam
892 250 947 303 in
963 246 1231 302 Dalmatia
1247 239 1346 300 effe
1365 283 1383 310 ,
1401 245 1457 299 in
1474 241 1747 322 Liguriam
1763 241 1859 321 pa:

245 345 393 384 ratos
412 328 726 408 transgredi,
742 347 801 386 ut
819 328 1101 407 repentino
1119 324 1331 383 incursu
1347 323 1696 381 Gotthorum
1715 345 1857 381 uxo-

245 428 329 466 res
347 449 364 476 ,
385 407 583 466 liberos
600 450 616 476 ‚
652 405 838 489 resque
855 410 978 467 belli
994 428 1144 465 more
1165 423 1410 486 raperent
1427 408 1482 462 in
1501 407 1859 485 captivitatem
1876 432 1879 433 ⁷

242 488 606 570 praedamque.
651 494 756 548 His
778 493 926 548 malis
946 509 1005 548 ut
1025 508 1172 547 eatur
1192 489 1411 548 obviam
1429 528 1445 555 ,
1477 489 1672 546 re6'tius
1703 484 1823 544 fore
1840 526 1856 548 ,
1886 491 1888 493 ’

242 571 337 628 ubi
354 571 552 630 domus
569 613 586 639 ‚
606 572 696 630 ubi
715 571 946 632 fortunae
965 569 1129 629 effent
1144 613 1158 633 ‚
1176 571 1250 628 ibi
1270 571 1499 649 hyemen
1520 567 1750 648 transigi.
1790 568 1860 625 il·
1874 583 1884 624 ἱ

241 653 327 710 los
345 651 524 712 hostes
542 653 577 711 fi
598 653 962 734 superabimus
976 695 991 716 ‚
1010 654 1235 711 addebat
1250 694 1268 721 ‚
1290 652 1442 710 facile
1458 671 1582 708 cum
1605 671 1726 708 vere
1747 653 1861 730 pri-
1886 684 1888 687 ·

241 756 339 792 mo
360 737 588 794 Siciliam
610 777 627 803 ,
659 735 766 815 ipsa
780 735 1052 795 securitate
1073 733 1311 793 futuram
1330 734 1507 791 invadi
1524 731 1753 800 facilem5
1772 753 1882 788 re-·

239 817 507 896 petemus,
547 819 658 876 His*
672 822 894 876 monitis
909 817 1209 898 obsequens
1226 817 1461 878 Totilas‚
1479 832 1714 893 quatuor
1733 823 1861 871 mu·-

240 902 368 955 nitis
384 901 440 956 in
475 902 609 958 locis
636 899 868 978 praesidia
900 905 1115 980 reliquit
1131 942 1148 968 ,
1185 900 1291 977 ipse
1326 898 1499 978 praeda
1530 901 1698 978 gravis
1732 915 1868 953 cum‘

241 984 480 1038 exercitu
496 985 651 1039 omni
683 1003 827 1053 mare
848 986 903 1039 in
924 986 1124 1040 Itaiiam
1140 984 1351 1055 trajicit.
1392 981 1494 1037 illis
1527 984 1582 1036 in
1614 981 1746 1038 locis
1766 978 1859 1035 ista

238 1059 462 1120 fiebant.
512 1068 589 1121 At
610 1066 703 1142 qui
724 1068 780 1121 in
812 1062 1084 1121 Dalmatia
1102 1069 1210 1137 jam
1233 1081 1343 1119 erat
1364 1084 1487 1119 cum
1513 1062 1855 1141 Imperatoris

241 1147 479 1202 exercitu
496 1145 761 1202 Iohannes
773 1187 790 1213 ,
820 1149 1024 1204 Salonis
1057 1145 1305 1224 hyemem
1343 1146 1535 1224 degere
1559 1140 1859 1223 proposue-

239 1242 322 1282 rat
342 1267 358 1292 ,
382 1227 538 1294 inde,
569 1225 662 1283 ubi
683 1226 869 1305 hyems
886 1225 1165 1284 transiisset
1181 1266 1198 1292 ‚
1217 1230 1318 1284 iter
1335 1226 1650 1283 Ravennam
1673 1244 1860 1303 captu-

238 1326 354 1363 rus.
393 1311 600 1366 Verum
619 1329 749 1366 mox
769 1309 955 1374 Sclavi,
977 1327 1094 1366 tum
1114 1309 1188 1365 illi
1206 1330 1346 1387 quos
1365 1314 1418 1365 &
1436 1324 1558 1365 ante
1575 1311 1630 1364 in
1650 1308 1860 1386 imperii
1886 1305 1888 1310 ’

239 1407 405 1446 terras
422 1389 1060 1471 progreffomemoravi‚
1080 1408 1198 1449 tum
1211 1390 1292 1447 his
1311 1391 1547 1465 adjunffi
1563 1390 1668 1456 alii,
1688 1409 1882 1464 trans-V

239 1464 397 1527 misso
434 1494 591 1530 amne
641 1473 904 1532 Danubio
939 1516 956 1542 ‚
1002 1476 1254 1532 Romana
1287 1473 1534 1531 audacter
1573 1467 1874 1532 invadunt.-

238 1552 410 1611 Erant
426 1558 521 1634 qui
552 1553 936 1635 suspicarentur
961 1556 1061 1614 hos
1101 1554 1128 1613 a
1157 1557 1346 1614 Totila
1383 1553 1643 1612 immissos
1675 1555 1873 1612 multis*

226 1640 481 1712 'pecuniis
499 1658 616 1694 eam
633 1660 852 1716 operam
871 1656 1142 1696 emercato
1158 1682 1172 1703 ‚
1213 1659 1280 1695 ne
1314 1635 1482 1718 poffet
1503 1634 1825 1694 Iustinianus
1841 1676 1860 1704 ‚

238 1715 349 1772 hoc
368 1738 518 1775 novo
538 1717 989 1798 belloimplicitus
1007 1761 1024 1788 ,
1057 1742 1139 1776 res
1172 1738 1359 1776 contra
1391 1719 1643 1775 Gotthos
1670 1737 1879 1799 gerere

240 1817 307 1877 ex
326 1802 491 1856 animi
508 1798 582 1857 sui
598 1798 879 1858 sententia.
922 1804 1044 1881 Ego
1065 1842 1082 1868 ‚
1101 1802 1303 1859 Totilae
1322 1803 1377 1858 in
1396 1804 1620 1880 gratiam
1636 1844 1650 1865 ,
1674 1822 1739 1856 an
1759 1799 1856 1858 fibi

237 1877 517 1939 studentes
534 1882 940 1951 venerint,haud
957 1885 1203 1941 dixerim.
1217 1882 1376 1941 sedin
1395 1886 1494 1939 tria
1512 1880 1660 1940 divisi
1678 1885 1854 1963 agmi-

238 1980 312 2017 na
349 1983 442 2040 per
468 1963 747 2044 Europam
767 1986 991 2022 omnem
1011 1969 1155 2023 mirae
1175 1962 1398 2022 feritatis
1416 1960 1652 2021 facinora
1667 1964 1869 2041 edideffi

241 2060 394 2112 runt,
413 2067 527 2102 non
546 2067 636 2124 per
653 2046 890 2105 incursus
908 2048 1303 2126 populabundi,
1321 2044 1412 2105 sed
1429 2047 1574 2103 velut
1594 2049 1650 2103 in
1668 2044 1756 2104 sua
1773 2044 1855 2104 se-

241 2122 310 2180 de
327 2123 682 2205 hybernantes
700 2140 717 2196 '‚
737 2130 887 2185 nullo
908 2129 973 2185 ab
993 2129 1141 2206 hoste
1163 2147 1330 2186 metu.
1376 2128 1554 2186 Serius
1575 2129 1869 2209 aliquanto

230 2204 441 2281 justum
460 2212 515 2266 in
535 2231 630 2267 eos
645 2214 935 2268 exercitum
958 2209 1096 2267 misit
1132 2210 1452 2268 Iustinianus
1473 2252 1490 2279 ‚
1525 2215 1676 2285 cujus
1692 2211 1863 2282 duces·

243 2288 686 2360 ConstantianuS‚
703 2295 941 2359 Aratiu5‚
956 2294 1188 2350 Nazares
1207 2334 1223 2360 ,
1239 2292 1570 2372 Iustinusque
1590 2294 1856 2351 Germani

238 2368 381 2429 filius
399 2378 452 2430 δε
471 2373 735 2432 Iohannes
752 2394 1125 2454 cognomento
1145 2374 1475 2456 Phagas.Sed
1495 2374 1574 2432 his
1592 2374 1852 2433 omnibus
1886 2388 1888 2395 ‘

237 2453 498 2533 imposuit
520 2454 905 2513 Scholasticum
938 2461 1161 2514 nomine
1180 2498 1196 2524 ‚
1235 2458 1300 2515 de
1321 2457 1515 2535 palatio
1535 2455 1849 2536 spadonem„-

239 2538 350 2594 Hic
372 2541 634 2595 exercit-us
668 2541 724 2594 in
765 2558 971 2616 partem
1015 2540 1199 2596 incidit
1236 2538 1588 2596 barbarorum
1624 2555 1849 2618 propter

240 2620 662 2697 Adrianopolim
680 2660 696 2685 ‚
731 2640 847 2696 quae
867 2620 1013 2688 ηὼς,
1035 2620 1265 2678 Thracia
1282 2623 1337 2676 in
1361 2620 1535 2679 media
1555 2660 1572 2685 ,
1600 2624 1846 2700 quinque

241 2701 451 2757 dierum
480 2705 579 2757 iter
606 2697 749 2762 abest
779 2703 1063 2779 Byzantio.
1121 2704 1192 2759 Et
1212 2705 1344 2759 ultra
1373 2702 1592 2782 quidem
1616 2723 1846 2781 promo-

242 2804 364 2841 vere
383 2779 431 2837 se
451 2780 657 2838 barbari
679 2783 973 2860 nequibant
989 2826 1006 2851 ‚
1045 2784 1217 2862 praeda
1237 2783 1417 2842 onusti
1438 2783 1726 2841 hominum
1746 2824 1763 2851 ‚
1784 2805 1844 2840 a-

239 2862 562 2921 nimantium
584 2904 597 2924 ,
628 2883 915 2943 rerumque
954 2868 1170 2924 aliarum
1192 2907 1209 2934 ,
1246 2871 1627 2945 majorequam
1660 2884 1718 2922 ut
1737 2867 1868 2921 ηιι-χ

241 2966 420 3004 merus
438 2947 557 3020 iniri
577 2947 772 3026 quiret.
794 2967 955 3026 quare
975 2948 1140 3007 illisin
1159 2949 1291 3006 locis
1309 2945 1703 3009 constituerunt
1721 2944 1840 3003 sub-

1626 3026 1797 3087 sistere
1810 3067 1831 3097 a
