1888 3428
231 184 348 260 356
535 177 925 236 PRo'c0P11
978 174 1531 232 C-AESAREENsIs

223 281 339 316 rem
368 260 541 317 laetam
572 258 639 315 ad
674 258 725 316 se
754 255 973 338 perferri
995 255 1212 313 testatus
1231 257 1507 312 neminem
1527 250 1756 313 insistere
1773 275 1836 315 ea·

222 338 376 420 lapfis
392 336 558 419 paffus
573 339 682 397 est.'
711 341 842 419 quid
860 342 1027 406 enim,
1042 340 1239 415 inquit,
1253 335 1463 394 homini
1481 335 1689 394 suavius
1706 354 1837 394 con*

221 426 430 502 tingere
452 420 613 501 poffit
644 422 880 480 hostium
904 421 1070 500 fuga?
1113 422 1191 477 Vt
1220 420 1461 476 illuxerat
1480 460 1497 486 ‚
1544 424 1840 497 omnisque

221 505 339 563 doli
356 505 565 563 ademta
595 503 847 583 suspicio,
887 507 944 561 in
967 504 1110 560 Petri
1133 499 1388 580 Apostoli
1406 501 1572 560 aedern
1593 519 1842 578 precatu-

222 589 425 644 rusivit
445 588 679 663 TotilaS.
724 586 924 643 Gotthi
951 585 1166 641 interim
1188 582 1461 642 caedebant
1490 582 1710 640 obvios.
1743 603 1843 661 pe-

221 674 356 726 riere
389 668 457 726 fic
478 672 713 727 militum
745 671 939 748 viginti
970 665 1054 724 sex
1075 708 1091 733 ‚
1126 666 1192 724 de
1228 664 1384 744 plebe
1419 665 1707 744 sexaginta.
1748 670 1845 720 In·-

221 748 397 830 greffo
434 755 490 809 in
524 750 692 809 aedem
727 753 928 809 Totilae
955 750 1198 828 Pelagius
1219 745 1500 806 adversum
1521 751 1597 814 it,
1642 744 1844 804 Christi

223 834 441 890 oracula
461 832 710 890 manibus
746 829 921 889 ferens
940 867 958 897 -‚
1002 834 1299 909 omniaque
1335 827 1634 910 supplicum
1653 827 1845 906 praefe-

224 936 346 972 rens
369 956 385 983 ‚
415 921 576 973 Parce
607 918 787 994 inquit
807 918 914 971 tuis
948 915 1213 969 Domine.
1255 915 1334 969 At
1354 913 1439 969 ille
1459 911 1700 968 acerbius
1727 913 1845 967 irri-

224 993 357 1055 dens
377 1038 394 1065 ,
423 1019 567 1054 nunc
588 1037 602 1057 ‚
639 998 815 1075 inquit
851 996 1207 1074 supplicatum
1242 996 1393 1050 venis
1424 995 1624 1072 Pelagi.
1684 996 1843 1059 Sane,

222 1078 449 1153 subjecit
481 1080 727 1157 Pelagius
755 1119 772 1145 ‚
807 1081 934 1157 quia
956 1097 1042 1133 me
1072 1078 1229 1133 Deus
1252 1074 1465 1133 servum
1502 1093 1663 1133 tuum
1693 1072 1842 1131 fecit.

228 1162 331 1218 Sed
347 1180 407 1218 tu
421 1164 666 1218 Domine
687 1157 964 1234 servisjam
991 1162 1096 1213 tuis
1116 1157 1348 1237 ignosce.
1392 1159 1602 1214 Harum
1623 1176 1846 1236 precum

225 1246 522 1301 reverentia
539 1242 709 1298 taetus
744 1242 960 1296 Totilas
979 1239 1210 1295 Gotthis
1242 1239 1517 1300 interdixit
1537 1280 1554 1306 ,
1589 1260 1655 1294 ne
1677 1259 1844 1318 quem

226 1323 448 1403 posthac
478 1326 800 1381 Romanum
838 1322 1147 1378 occiderent
1174 1363 1190 1385 ‚
1254 1339 1434 1376 rerum
1471 1341 1586 1399 quae
1626 1323 1847 1378 maximi

225 1409 386 1485 pretii
401 1404 502 1462 fibi
521 1403 709 1462 servari
729 1446 746 1471 ‚
783 1423 998 1463 caeteras
1027 1400 1292 1459 militibus
1311 1402 1497 1482 praedae
1531 1402 1717 1461 cedere
1743 1422 1846 1460 vo-

223 1490 344 1545 luit.
388 1488 568 1544 Multa
588 1489 643 1543 in
668 1484 976 1544 senatorum
998 1484 1255 1543 domibus
1275 1502 1512 1564 reperta:
1541 1487 1770 1564 plurima
1788 1505 1849 1542 u-

228 1569 287 1627 bi
304 1567 433 1626 Besa
449 1566 738 1628 diversatus
755 1568 951 1627 fuerat.
996 1570 1256 1625 Scelerata
1274 1565 1466 1626 scilicet
1483 1567 1569 1624 illa
1587 1563 1849 1625 frumenti

229 1654 430 1730 pretia,
468 1670 674 1707 narrata
706 1651 837 1708 mihi
869 1649 1125 1718 antehac,
1166 1647 1348 1707 infelix
1386 1652 1586 1708 Totilae
1606 1667 1850 1730 cogerat.

234 1737 319 1791 Sic
337 1738 518 1790 evenit
537 1775 554 1800 ‚
598 1752 658 1789 ut
678 1751 796 1789 turn
818 1733 904 1789 alii
926 1735 1310 1788 Romanorum
1326 1772 1344 1799 ‚
1376 1749 1494 1807 tum
1514 1735 1678 1788 etiam
1695 1731 1849 1788 sena-

232 1819 365 1873 torii
384 1815 588 1873 ordinis
604 1813 940 1892 viri,ipsaque
958 1813 1094 1869 adeo
1111 1811 1655 1871 RusticianaBoethii
1674 1834 1849 1892 quon-

236 1899 361 1956 dam
382 1919 523 1954 uxor
540 1938 556 1963 ‚
593 1896 896 1975 Symmachi
913 1893 1021 1951 filia
1039 1935 1055 1962 ‚
1072 1915 1189 1973 quae
1206 1892 1321 1951 suas
1341 1892 1618 1953 facultates
1635 1899 1849 1975 egenti-

237 1980 342 2037 bus
358 1981 577 2058 elargita
594 1977 798 2042 fueratf,
835 1978 1009 2035 servili
1029 1996 1118 2050 aut
1137 1976 1334 2033 rust-ico
1352 1976 1540 2034 habitu
1561 1978 1688 2034 tersti
1709 2017 1723 2040 ‚
1741 1977 1848 2035 ho-

235 2061 339 2119 stili
371 2060 763 2127 misericordia,
803 2059 1187 2137 modopanem
1222 2059 1394 2116 modo
1426 2059 1568 2117 aliud
1597 2060 1731 2138 quid
1749 2082 1850 2117 ne-

236 2141 510 2201 cessarium
533 2161 786 2222 rogantes
820 2145 1079 2198 viverent.
1121 2143 1240 2199 Nec
1273 2162 1368 2197 eos
1403 2144 1562 2219 paulo
1597 2160 1717 2199 ante
1735 2159 1849 2201 tarn

240 2224 551 2304 spectabiles
586 2223 821 2303 pudebat
852 2225 917 2280 de
950 2224 1121 2280 domo
1156 2227 1210 2278 in
1244 2222 1474 2280 domum
1495 2224 1851 2301 pulsareostia

219 2314 297 2379 ¹&
320 2308 535 2364 miseriae
552 2309 801 2362 alimenta
818 2305 1064 2382 precibus
1083 2304 1361 2362 eblandiri.
1393 2307 1464 2361 Et
1482 2305 1849 2364 Rusticianam

241 2389 464 2468 quidem
487 2386 785 2444 interficere
813 2387 1013 2443 Gotthi
1030 2386 1327 2466 flagrabant
1352 2428 1370 2455 ,
1400 2388 1553 2467 quod
1571 2388 1637 2445 ad
1655 2387 1863 2447 Thea--

241 2469 442 2529 derichi
459 2473 724 2549 imagines
741 2468 1029 2540 abolendas
1043 2470 1330 2526 Romanos
1349 2469 1686 2548 magistratus
1710 2491 1850 2528 mer-

247 2554 374 2610 cede
394 2551 514 2610 data
542 2549 854 2631 impulisset,
892 2551 1022 2608 dum
1056 2555 1216 2628 patris
1235 2551 1538 2628 Symmachi
1560 2554 1850 2631 maritique

243 2633 466 2691 Boethii
502 2655 703 2690 mortes
739 2636 910 2690 ultum
931 2637 990 2690 it.
1050 2635 1151 2691 Sed
1184 2634 1398 2689 Totilas
1417 2632 1549 2693 nihil
1581 2637 1628 2690 ei
1665 2637 1849 2692 noceri

245 2714 417 2795 paffus
435 2715 508 2773 est
533 2739 548 2773 z
583 2732 794 2772 caeteras
813 2736 1034 2794 quoque
1058 2716 1307 2772 mulieres
1337 2715 1364 2771 a
1385 2716 1613 2772 Gotthis
1629 2719 1850 2794 explen-

246 2797 369 2879 dam
389 2798 453 2855 ad
484 2799 829 2875 cupiditatem
852 2800 1001 2856 avide
1023 2802 1281 2876 expetitas
1301 2836 1316 2858 ,
1349 2795 1575 2854 servavit
1604 2798 1861 2867 intastaS‚

169 2902 201 2923 r
246 2882 322 2936 ita
340 2897 399 2936 ut
416 2901 527 2937 non
547 2883 765 2959 virginis
780 2918 798 2947 ,
834 2901 946 2936 non
966 2877 1402 2948 matrisfamilias,
1438 2901 1553 2937 non
1573 2879 1744 2937 viduae
1763 2883 1850 2937 ul·-

246 2963 348 3031 lius
366 2966 578 3042 corpori
595 2960 801 3022 illusum
822 2960 914 3032 fit3
950 2962 1092 3022 unde
1112 2964 1393 3042 magnailli
1411 2961 1678 3022 modestiae
1691 2959 1846 3017 fama.

745 3048 747 3050 ’
1644 3040 1844 3102 Postri-
