1888 3428
445 208 493 266 E
574 223 608 262 L
689 222 728 260 o
807 219 847 255 G
910 217 950 253 v1
1028 218 1086 256 A.
1403 216 1470 256 12

21 294 194 357 laudis
210 289 410 373 cupido
427 287 731 349 vindicavit.
772 296 980 340 tantam
996 283 1196 359 quippe
1223 278 1421 336 nullius
1440 218 1519 336 ΝΞ

22 381 339 439 violentiam
379 368 714 431 existimabat
745 406 763 435 ‚
820 379 880 421 ut
917 367 1032 439 ejus
1062 359 1288 437 objec'cu
1322 365 1520 418 mentis

22 460 126 521 suae
159 460 329 518 robur
349 453 696 537 quaffandum
714 450 966 506 timeret.
1008 447 1246 522 quicum
1269 444 1523 518 trajectus

23 547 81 603 in
115 546 352 601 Daniam
389 540 547 596 armis
576 534 904 593 FroWinum
946 526 1088 607 apud
1118 523 1435 585 SlesWicum
1467 525 1524 579 in

25 631 135 684 acie
168 619 498 703 provocafl'et
517 659 532 680 ‚
587 611 900 694 magnisque
921 613 1155 669 invicem
1174 608 1406 665 caedibus
1426 619 1525 663 co-

27 713 127 788 piae
159 705 550 765 funderentur,
579 696 766 755 accidit
795 692 939 773 ipsos
957 694 1238 772 agminum
1274 689 1543 748 ducesita-

25 794 168 847 inter
184 786 233 846 se
252 786 396 844 ferro
417 786 738 842 concurrere
755 819 770 840 ‚
806 794 866 834 ut
893 796 1006 833 rem
1038 773 1200 833 duelli
1219 792 1372 829 more
1394 791 1528 849 pro—

23 869 402 951 sequerentur,
434 873 487 925 &
523 881 710 944 praeter
742 859 1017 939 publicam
1037 856 1163 913 belli
1193 854 1393 913 sortem
1416 855 1532 934 pri-

26 956 136 1011 vati
157 949 444 1010 conflicius
476 945 647 1028 specie
668 944 1024 1003 decertarent.
1062 937 1208 996 hunc
1226 939 1371 995 enim
1393 957 1530 994 con-

26 1034 313 1117 greffionis
350 1050 610 1090 eventum
643 1048 736 1108 par
765 1025 1059 1084 amborum
1090 1019 1377 1101 expetebat
1397 1016 1531 1077 affe-
1611 1078 1613 1080 .

27 1121 183 1183 etus,
222 1136 280 1176 ut
315 1119 575 1174 virtutem
612 1132 727 1170 non
760 1111 992 1190 partium
1026 1126 1170 1184 ope,
1205 1100 1291 1162 sed
1314 1104 1531 1181 propria

28 1204 226 1258 virium
261 1201 585 1278 experientia
606 1192 948 1252 testarentur.
990 1209 1105 1269 quo
1127 1190 1308 1246 evenit
1330 1203 1394 1241 ut
1412 1205 1530 1241 cre-

29 1280 400 1340 brescentibus
430 1278 640 1338 Aristus
662 1278 819 1334 armis
851 1271 1092 1353 superior
1109 1267 1374 1349 prostrato
1394 1269 1530 1324 Fro-

29 1369 190 1425 Wino
212 1367 425 1443 privatae
443 1362 681 1418 vi8coriae
699 1356 966 1440 publicam
986 1356 1240 1432 jungeret
1256 1393 1274 1419 ‚
1307 1349 1528 1429 pass'im-

30 1468 140 1526 que
174 1444 372 1506 divulsa
414 1447 708 1501 Danorum
753 1442 968 1520 agmina
1004 1432 1335 1517 profligaret.
1397 1430 1528 1490 Inde

32 1531 279 1593 Suetiam³
293 1523 529 1585 reversus
548 1569 562 1591 ‚
598 1523 851 1582 FroWini
870 1540 1059 1578 necem
1079 1537 1195 1575 non
1212 1513 1388 1573 solum
1414 1516 1528 1574 vir-

30 1628 215 1668 tutum
231 1607 446 1666 suarum
466 1604 796 1684 imaginibus
817 1598 1112 1679 adscripsit,
1155 1617 1345 1657 verum
1364 1597 1532 1654 etiam-

30 1689 342 1774 impenfiori
360 1688 652 1748 verborum
670 1686 923 1761 jactantia
944 1677 1197 1763 prosequi
1230 1676 1526 1739 consuevit.

649 1847 776 1916 Lib.
831 1852 902 1915 vj

110 2007 320 2065 Eodem
337 2024 586 2085 tempore
604 2003 791 2060 Alrico
811 2003 1096 2058 Sueonum
1113 1987 1230 2077 regi
1248 1991 1528 2056 adversum

36 2089 440 2231 geilsliblindum
499 2084 853 2144 Gotthorum
894 2103 1081 2164 regem
1126 2097 1285 2139 atrox
1337 2076 1530 2135 incidit

78 2195 103 2231 e
149 2193 257 2231 um.
1102 2176 1142 2193 ²

115 2337 300 2396 Nemo
335 2352 458 2393 ante
497 2333 539 2375 *
565 2330 740 2412 ipsum
778 2332 1121 2389 Sueticorum
1157 2348 1352 2411 regum
1383 2325 1528 2385 Erici

1560 2334 1583 2357 *²
1607 2327 1749 2368 Ericum

1556 2387 1716 2425 Frothoni
1733 2400 1788 2424 co-

39 2423 264 2478 nomine
284 2416 625 2478 censebatur:
670 2413 736 2471 ab
757 2413 872 2495 ipso
893 2431 1076 2472 autem
1095 2415 1153 2471 in
1186 2429 1408 2474 caeteros
1429 2430 1528 2470 vo-
1554 2456 1672 2482 avum
1699 2444 1790 2479 „m

39 2501 291 2561 cabulum
309 2499 483 2560 fluxit.

121 2669 258 2725 Sunt
273 2668 434 2725 Finni
453 2665 629 2722 ultimi
647 2665 1039 2743 Septentrionis
1055 2661 1267 2744 populi.
1302 2662 1392 2720 vix
1410 2659 1534 2739 qui-

45 2746 169 2806 dem
213 2747 558 2806 habitabilem
601 2746 751 2805 orbis
783 2764 1045 2805 terrarum
1082 2762 1287 2826 partem
1323 2742 1535 2801 cultura

45 2851 104 2888 ac
123 2829 394 2913 mansione
425 2831 711 2911 complexi.
744 2850 862 2888 acer
890 2828 1075 2887 iisdem
1104 2830 1337 2886 telorum
1373 2823 1449 2883 est
1469 2844 1536 2880 u·-

44 2910 149 2971 sus,
190 2916 416 2973 nonalia
435 2935 569 2994 gens
601 2911 1180 2993 promtiorejaculandi
1198 2913 1382 2990 peritia
1399 2905 1537 2964 frui-

41 3005 150 3054 tur.
193 2996 480 3075 grandibus
514 3003 569 3056 &
600 2998 718 3055 latis
747 2994 949 3078 sagittis
963 2996 1253 3056 dimicant:
1296 2995 1540 3078 incanta-

1428 3086 1543 3124 tio-

1556 2509 1688 2554 tempm
1696 2499 1792 2539 Chre}

1549 2556 1598 2606 sti
1619 2555 1708 2596 nati„
