<?xml version="1.0" encoding="UTF-8"?>
<!DOCTYPE html PUBLIC "-//W3C//DTD XHTML 1.0 Transitional//EN"
    "http://www.w3.org/TR/xhtml1/DTD/xhtml1-transitional.dtd">
<html xmlns="http://www.w3.org/1999/xhtml" xml:lang="en" lang="en">
 <head>
  <title>
</title>
<meta http-equiv="Content-Type" content="text/html;charset=utf-8" />
  <meta name='ocr-system' content='tesseract 3.04.00' />
  <meta name='ocr-capabilities' content='ocr_page ocr_carea ocr_par ocr_line ocrx_word'/>
</head>
<body>
  <div class='ocr_page' id='page_1' title='image "./historiagotthoru00grot_0335.png"; bbox 0 0 1888 3428; ppageno 0'>
   <div class='ocr_carea' id='block_1_1' title="bbox 0 140 1660 3104">
    <p class='ocr_par' dir='ltr' id='par_1_1' title="bbox 0 140 1660 3019">
     <span class='ocr_line' id='line_1_1' title="bbox 265 140 1634 226; baseline 0.001 -22"><span class='ocrx_word' id='word_1_1' title='bbox 265 143 708 204; x_wconf 72' lang='lat' dir='ltr'><strong>GoT‘rmcAE</strong></span> <span class='ocrx_word' id='word_1_2' title='bbox 747 140 1158 199; x_wconf 71' lang='lat' dir='ltr'><strong>H1s-r0R1AE</strong></span> <span class='ocrx_word' id='word_1_3' title='bbox 1197 145 1390 202; x_wconf 78' lang='lat' dir='ltr'><strong>L113.I.</strong></span> <span class='ocrx_word' id='word_1_4' title='bbox 1490 157 1634 226; x_wconf 75' lang='lat'><strong>.169</strong></span> 
     </span>
     <span class='ocr_line' id='line_1_2' title="bbox 20 219 1633 308; baseline 0.002 -23"><span class='ocrx_word' id='word_1_5' title='bbox 20 219 163 286; x_wconf 81' lang='lat' dir='ltr'><strong>inter</strong></span> <span class='ocrx_word' id='word_1_6' title='bbox 183 225 612 308; x_wconf 87' lang='lat' dir='ltr'><strong>oppugnandum</strong></span> <span class='ocrx_word' id='word_1_7' title='bbox 633 223 868 284; x_wconf 87' lang='lat' dir='ltr'><strong>amiserat</strong></span> <span class='ocrx_word' id='word_1_8' title='bbox 890 262 908 289; x_wconf 86' lang='lat'>‚</span> <span class='ocrx_word' id='word_1_9' title='bbox 941 222 1167 280; x_wconf 88' lang='lat' dir='ltr'><strong>obvium</strong></span> <span class='ocrx_word' id='word_1_10' title='bbox 1186 247 1462 306; x_wconf 84' lang='lat' dir='ltr'><strong>quemque</strong></span> <span class='ocrx_word' id='word_1_11' title='bbox 1481 231 1633 289; x_wconf 90' lang='lat' dir='ltr'><strong>nullo</strong></span> 
     </span>
     <span class='ocr_line' id='line_1_3' title="bbox 22 304 1633 370; baseline 0.001 -2"><span class='ocrx_word' id='word_1_12' title='bbox 22 313 191 368; x_wconf 87' lang='lat' dir='ltr'><strong>aetatis</strong></span> <span class='ocrx_word' id='word_1_13' title='bbox 221 309 518 368; x_wconf 83' lang='lat' dir='ltr'><strong>discrimine</strong></span> <span class='ocrx_word' id='word_1_14' title='bbox 540 349 555 370; x_wconf 86' lang='lat'><em>‚</em></span> <span class='ocrx_word' id='word_1_15' title='bbox 583 305 920 366; x_wconf 86' lang='lat' dir='ltr'><strong>trucidabant</strong></span> <span class='ocrx_word' id='word_1_16' title='bbox 940 346 955 362; x_wconf 88' lang='lat'><strong>.</strong></span> <span class='ocrx_word' id='word_1_17' title='bbox 999 304 1193 363; x_wconf 90' lang='lat' dir='ltr'><strong>deinde</strong></span> <span class='ocrx_word' id='word_1_18' title='bbox 1224 309 1280 364; x_wconf 89' lang='lat' dir='ltr'><strong>in</strong></span> <span class='ocrx_word' id='word_1_19' title='bbox 1317 311 1452 366; x_wconf 83' lang='lat' dir='ltr'><strong>aedes</strong></span> <span class='ocrx_word' id='word_1_20' title='bbox 1483 310 1633 370; x_wconf 79' lang='lat' dir='ltr'><strong>effusi</strong></span> 
     </span>
     <span class='ocr_line' id='line_1_4' title="bbox 0 387 1635 469; baseline 0.001 -21"><span class='ocrx_word' id='word_1_21' title='bbox 0 399 221 468; x_wconf 68' lang='lat' dir='ltr'><strong>&#39;pueros</strong></span> <span class='ocrx_word' id='word_1_22' title='bbox 248 413 306 448; x_wconf 90' lang='lat' dir='ltr'><strong>ac</strong></span> <span class='ocrx_word' id='word_1_23' title='bbox 338 389 564 448; x_wconf 88' lang='lat' dir='ltr'><strong>feminas</strong></span> <span class='ocrx_word' id='word_1_24' title='bbox 582 394 638 448; x_wconf 91' lang='lat' dir='ltr'><strong>in</strong></span> <span class='ocrx_word' id='word_1_25' title='bbox 656 388 1005 455; x_wconf 81' lang='lat' dir='ltr'><strong>servitutem,</strong></span> <span class='ocrx_word' id='word_1_26' title='bbox 1038 387 1257 446; x_wconf 89' lang='lat' dir='ltr'><strong>bonain</strong></span> <span class='ocrx_word' id='word_1_27' title='bbox 1279 390 1509 469; x_wconf 84' lang='lat' dir='ltr'><strong>praedam</strong></span> <span class='ocrx_word' id='word_1_28' title='bbox 1527 411 1635 450; x_wconf 86' lang='lat' dir='ltr'><strong>tra-</strong></span> 
     </span>
     <span class='ocr_line' id='line_1_5' title="bbox 20 467 1660 553; baseline 0.001 -24"><span class='ocrx_word' id='word_1_29' title='bbox 20 471 220 531; x_wconf 89' lang='lat' dir='ltr'><strong>hebant</strong></span> <span class='ocrx_word' id='word_1_30' title='bbox 237 514 252 535; x_wconf 89' lang='lat'>‚</span> <span class='ocrx_word' id='word_1_31' title='bbox 283 470 624 553; x_wconf 84' lang='lat' dir='ltr'><strong>rapaciffimis</strong></span> <span class='ocrx_word' id='word_1_32' title='bbox 644 472 896 529; x_wconf 81' lang='lat' dir='ltr'><strong>omnium</strong></span> <span class='ocrx_word' id='word_1_33' title='bbox 914 467 1221 550; x_wconf 73' lang='lat' dir='ltr'><strong>Massagetis</strong></span> <span class='ocrx_word' id='word_1_34' title='bbox 1242 514 1256 534; x_wconf 90' lang='lat'><strong>,</strong></span> <span class='ocrx_word' id='word_1_35' title='bbox 1291 475 1387 550; x_wconf 92' lang='lat' dir='ltr'><strong>qui</strong></span> <span class='ocrx_word' id='word_1_36' title='bbox 1406 493 1473 530; x_wconf 89' lang='lat' dir='ltr'><strong>ne</strong></span> <span class='ocrx_word' id='word_1_37' title='bbox 1492 491 1636 530; x_wconf 87' lang='lat' dir='ltr'><strong>tem-</strong></span> <span class='ocrx_word' id='word_1_38' title='bbox 1658 493 1660 497; x_wconf 78' lang='grc'>’</span> 
     </span>
     <span class='ocr_line' id='line_1_6' title="bbox 19 553 1632 635; baseline 0 -23"><span class='ocrx_word' id='word_1_39' title='bbox 19 557 235 632; x_wconf 88' lang='lat' dir='ltr'><strong>plorum</strong></span> <span class='ocrx_word' id='word_1_40' title='bbox 274 556 495 635; x_wconf 85' lang='lat' dir='ltr'><strong>quidem</strong></span> <span class='ocrx_word' id='word_1_41' title='bbox 523 553 932 612; x_wconf 73' lang='lat' dir='ltr'><strong>sanfflmoniam</strong></span> <span class='ocrx_word' id='word_1_42' title='bbox 965 556 1121 611; x_wconf 86' lang='lat' dir='ltr'><strong>veriti</strong></span> <span class='ocrx_word' id='word_1_43' title='bbox 1151 594 1168 620; x_wconf 92' lang='lat'>,</span> <span class='ocrx_word' id='word_1_44' title='bbox 1214 574 1406 611; x_wconf 88' lang='lat' dir='ltr'><strong>eorum</strong></span> <span class='ocrx_word' id='word_1_45' title='bbox 1445 559 1538 634; x_wconf 88' lang='lat' dir='ltr'><strong>qui</strong></span> <span class='ocrx_word' id='word_1_46' title='bbox 1565 577 1632 613; x_wconf 93' lang='lat' dir='ltr'><strong>eo</strong></span> 
     </span>
     <span class='ocr_line' id='line_1_7' title="bbox 21 632 1637 717; baseline 0.002 -25"><span class='ocrx_word' id='word_1_47' title='bbox 21 635 380 717; x_wconf 85' lang='lat' dir='ltr'><strong>confugerant</strong></span> <span class='ocrx_word' id='word_1_48' title='bbox 407 637 716 716; x_wconf 88' lang='lat' dir='ltr'><strong>sanguinem</strong></span> <span class='ocrx_word' id='word_1_49' title='bbox 748 632 1087 693; x_wconf 86' lang='lat' dir='ltr'><strong>fundebant:</strong></span> <span class='ocrx_word' id='word_1_50' title='bbox 1119 635 1298 693; x_wconf 88' lang='lat' dir='ltr'><strong>donec</strong></span> <span class='ocrx_word' id='word_1_51' title='bbox 1318 636 1512 703; x_wconf 84' lang='lat' dir='ltr'><strong>obiens</strong></span> <span class='ocrx_word' id='word_1_52' title='bbox 1531 636 1637 695; x_wconf 84' lang='lat' dir='ltr'><strong>fin-</strong></span> 
     </span>
     <span class='ocr_line' id='line_1_8' title="bbox 20 716 1636 799; baseline 0.001 -24"><span class='ocrx_word' id='word_1_53' title='bbox 20 717 470 799; x_wconf 30' lang='lat' dir='ltr'><strong>gulossBelisarius</strong></span> <span class='ocrx_word' id='word_1_54' title='bbox 493 721 663 777; x_wconf 88' lang='lat' dir='ltr'><strong>vetuit</strong></span> <span class='ocrx_word' id='word_1_55' title='bbox 681 718 818 775; x_wconf 89' lang='lat' dir='ltr'><strong>ultra</strong></span> <span class='ocrx_word' id='word_1_56' title='bbox 838 716 1011 776; x_wconf 82' lang='lat' dir='ltr'><strong>saevire</strong></span> <span class='ocrx_word' id='word_1_57' title='bbox 1031 724 1086 775; x_wconf 74' lang='grc' dir='ltr'><strong>δε</strong></span> <span class='ocrx_word' id='word_1_58' title='bbox 1106 719 1163 775; x_wconf 90' lang='lat' dir='ltr'><strong>in</strong></span> <span class='ocrx_word' id='word_1_59' title='bbox 1183 720 1508 776; x_wconf 84' lang='lat' dir='ltr'><strong>concionem</strong></span> <span class='ocrx_word' id='word_1_60' title='bbox 1531 741 1636 779; x_wconf 86' lang='lat' dir='ltr'><strong>vo·-</strong></span> 
     </span>
     <span class='ocr_line' id='line_1_9' title="bbox 20 798 1638 881; baseline 0.002 -25"><span class='ocrx_word' id='word_1_61' title='bbox 20 803 170 858; x_wconf 86' lang='lat' dir='ltr'><strong>catos</strong></span> <span class='ocrx_word' id='word_1_62' title='bbox 204 799 272 858; x_wconf 87' lang='lat' dir='ltr'><strong>fic</strong></span> <span class='ocrx_word' id='word_1_63' title='bbox 305 802 590 859; x_wconf 85' lang='lat' dir='ltr'><strong>admonuit</strong></span> <span class='ocrx_word' id='word_1_64' title='bbox 627 822 641 856; x_wconf 76' lang='lat' dir='ltr'><strong>t</strong></span> <span class='ocrx_word' id='word_1_65' title='bbox 688 798 930 874; x_wconf 76' lang='lat' dir='ltr'><strong>Quando</strong></span> <span class='ocrx_word' id='word_1_66' title='bbox 966 801 1248 858; x_wconf 63' lang='lat' dir='ltr'><strong>vifioriam</strong></span> <span class='ocrx_word' id='word_1_67' title='bbox 1267 799 1533 881; x_wconf 88' lang='lat' dir='ltr'><strong>decusque</strong></span> <span class='ocrx_word' id='word_1_68' title='bbox 1551 805 1638 859; x_wconf 84' lang='lat' dir='ltr'><strong>in-</strong></span> 
     </span>
     <span class='ocr_line' id='line_1_10' title="bbox 18 880 1638 963; baseline 0.002 -24"><span class='ocrx_word' id='word_1_69' title='bbox 18 904 152 963; x_wconf 80' lang='lat' dir='ltr'><strong>gens</strong></span> <span class='ocrx_word' id='word_1_70' title='bbox 170 881 328 940; x_wconf 90' lang='lat' dir='ltr'><strong>nobis</strong></span> <span class='ocrx_word' id='word_1_71' title='bbox 347 884 500 940; x_wconf 87' lang='lat' dir='ltr'><strong>Deus</strong></span> <span class='ocrx_word' id='word_1_72' title='bbox 519 880 772 940; x_wconf 83' lang='lat' dir='ltr'><strong>conceffit</strong></span> <span class='ocrx_word' id='word_1_73' title='bbox 791 923 809 951; x_wconf 85' lang='lat'>,</span> <span class='ocrx_word' id='word_1_74' title='bbox 831 882 1036 961; x_wconf 88' lang='lat' dir='ltr'><strong>oppido</strong></span> <span class='ocrx_word' id='word_1_75' title='bbox 1057 884 1207 963; x_wconf 92' lang='lat' dir='ltr'><strong>quod</strong></span> <span class='ocrx_word' id='word_1_76' title='bbox 1228 904 1394 942; x_wconf 88' lang='lat' dir='ltr'><strong>nemo</strong></span> <span class='ocrx_word' id='word_1_77' title='bbox 1415 883 1638 942; x_wconf 82' lang='lat' dir='ltr'><strong>antehac</strong></span> 
     </span>
     <span class='ocr_line' id='line_1_11' title="bbox 19 963 1636 1045; baseline 0.002 -24"><span class='ocrx_word' id='word_1_78' title='bbox 19 983 416 1045; x_wconf 83' lang='lat' dir='ltr'><strong>expugnaverat</strong></span> <span class='ocrx_word' id='word_1_79' title='bbox 454 968 509 1022; x_wconf 91' lang='lat' dir='ltr'><strong>in</strong></span> <span class='ocrx_word' id='word_1_80' title='bbox 546 987 738 1023; x_wconf 86' lang='lat' dir='ltr'><strong>manus</strong></span> <span class='ocrx_word' id='word_1_81' title='bbox 771 963 979 1043; x_wconf 78' lang='lat' dir='ltr'><strong>nostras</strong></span> <span class='ocrx_word' id='word_1_82' title='bbox 1008 965 1207 1023; x_wconf 84' lang='lat' dir='ltr'><strong>tradito</strong></span> <span class='ocrx_word' id='word_1_83' title='bbox 1230 1009 1244 1032; x_wconf 94' lang='lat'>‚</span> <span class='ocrx_word' id='word_1_84' title='bbox 1276 964 1524 1024; x_wconf 88' lang='lat' dir='ltr'><strong>nostrum</strong></span> <span class='ocrx_word' id='word_1_85' title='bbox 1557 965 1636 1024; x_wconf 91' lang='lat' dir='ltr'><strong>est</strong></span> 
     </span>
     <span class='ocr_line' id='line_1_12' title="bbox 17 1046 1630 1128; baseline 0.001 -24"><span class='ocrx_word' id='word_1_86' title='bbox 17 1066 133 1104; x_wconf 90' lang='lat' dir='ltr'><strong>non</strong></span> <span class='ocrx_word' id='word_1_87' title='bbox 163 1052 373 1126; x_wconf 86' lang='lat' dir='ltr'><strong>ingrate</strong></span> <span class='ocrx_word' id='word_1_88' title='bbox 411 1052 643 1128; x_wconf 86' lang='lat' dir='ltr'><strong>accipere</strong></span> <span class='ocrx_word' id='word_1_89' title='bbox 676 1049 783 1104; x_wconf 92' lang='lat' dir='ltr'><strong>Dei</strong></span> <span class='ocrx_word' id='word_1_90' title='bbox 807 1068 1006 1105; x_wconf 84' lang='lat' dir='ltr'><strong>munus</strong></span> <span class='ocrx_word' id='word_1_91' title='bbox 1023 1089 1040 1116; x_wconf 90' lang='lat'>,</span> <span class='ocrx_word' id='word_1_92' title='bbox 1075 1046 1159 1106; x_wconf 89' lang='lat' dir='ltr'><strong>sed</strong></span> <span class='ocrx_word' id='word_1_93' title='bbox 1181 1063 1300 1105; x_wconf 84' lang='lat' dir='ltr'><strong>tum</strong></span> <span class='ocrx_word' id='word_1_94' title='bbox 1320 1051 1429 1107; x_wconf 87' lang='lat' dir='ltr'><strong>aliis</strong></span> <span class='ocrx_word' id='word_1_95' title='bbox 1449 1048 1630 1116; x_wconf 74' lang='lat' dir='ltr'><strong>rebu8‚</strong></span> 
     </span>
     <span class='ocr_line' id='line_1_13' title="bbox 16 1127 1634 1189; baseline 0.001 -2"><span class='ocrx_word' id='word_1_96' title='bbox 16 1146 136 1187; x_wconf 88' lang='lat' dir='ltr'><strong>tum</strong></span> <span class='ocrx_word' id='word_1_97' title='bbox 170 1133 224 1186; x_wconf 91' lang='lat' dir='ltr'><strong>in</strong></span> <span class='ocrx_word' id='word_1_98' title='bbox 259 1132 433 1187; x_wconf 70' lang='grc' dir='ltr'><strong>νίἃος</strong></span> <span class='ocrx_word' id='word_1_99' title='bbox 466 1130 747 1188; x_wconf 63' lang='lat' dir='ltr'><strong>clementia</strong></span> <span class='ocrx_word' id='word_1_100' title='bbox 780 1127 1060 1188; x_wconf 82' lang='lat' dir='ltr'><strong>ostendere</strong></span> <span class='ocrx_word' id='word_1_101' title='bbox 1097 1135 1292 1188; x_wconf 89' lang='lat' dir='ltr'><strong>merito</strong></span> <span class='ocrx_word' id='word_1_102' title='bbox 1313 1152 1414 1187; x_wconf 89' lang='lat' dir='ltr'><strong>nos</strong></span> <span class='ocrx_word' id='word_1_103' title='bbox 1432 1129 1634 1189; x_wconf 87' lang='lat' dir='ltr'><strong>borum</strong></span> 
     </span>
     <span class='ocr_line' id='line_1_14' title="bbox 18 1208 1638 1292; baseline 0.002 -25"><span class='ocrx_word' id='word_1_104' title='bbox 18 1208 193 1268; x_wconf 57' lang='lat' dir='ltr'><strong>factos</strong></span> <span class='ocrx_word' id='word_1_105' title='bbox 213 1213 465 1270; x_wconf 66' lang='lat' dir='ltr'><strong>viiPoereS.</strong></span> <span class='ocrx_word' id='word_1_106' title='bbox 506 1215 697 1271; x_wconf 88' lang='lat' dir='ltr'><strong>Nolite</strong></span> <span class='ocrx_word' id='word_1_107' title='bbox 727 1215 907 1292; x_wconf 88' lang='lat' dir='ltr'><strong>itaque</strong></span> <span class='ocrx_word' id='word_1_108' title='bbox 942 1211 1050 1268; x_wconf 86' lang='lat' dir='ltr'><strong>fine</strong></span> <span class='ocrx_word' id='word_1_109' title='bbox 1082 1209 1189 1268; x_wconf 88' lang='lat' dir='ltr'><strong>fine</strong></span> <span class='ocrx_word' id='word_1_110' title='bbox 1210 1213 1351 1271; x_wconf 86' lang='lat' dir='ltr'><strong>irasci</strong></span> <span class='ocrx_word' id='word_1_111' title='bbox 1368 1214 1638 1291; x_wconf 81' lang='lat' dir='ltr'><strong>Neapoli-</strong></span> 
     </span>
     <span class='ocr_line' id='line_1_15' title="bbox 19 1291 1636 1374; baseline 0.002 -25"><span class='ocrx_word' id='word_1_112' title='bbox 19 1295 178 1361; x_wconf 80' lang='lat' dir='ltr'><strong>taniS,</strong></span> <span class='ocrx_word' id='word_1_113' title='bbox 194 1294 436 1374; x_wconf 89' lang='lat' dir='ltr'><strong>ultraque</strong></span> <span class='ocrx_word' id='word_1_114' title='bbox 455 1291 533 1351; x_wconf 90' lang='lat' dir='ltr'><strong>fas</strong></span> <span class='ocrx_word' id='word_1_115' title='bbox 550 1293 670 1353; x_wconf 92' lang='lat' dir='ltr'><strong>belli</strong></span> <span class='ocrx_word' id='word_1_116' title='bbox 689 1294 812 1351; x_wconf 88' lang='lat' dir='ltr'><strong>odia</strong></span> <span class='ocrx_word' id='word_1_117' title='bbox 829 1294 1134 1350; x_wconf 81' lang='lat' dir='ltr'><strong>extendere.</strong></span> <span class='ocrx_word' id='word_1_118' title='bbox 1175 1297 1309 1352; x_wconf 87' lang='lat' dir='ltr'><strong>Non</strong></span> <span class='ocrx_word' id='word_1_119' title='bbox 1329 1296 1402 1352; x_wconf 92' lang='lat' dir='ltr'><strong>est</strong></span> <span class='ocrx_word' id='word_1_120' title='bbox 1417 1298 1636 1353; x_wconf 55' lang='lat' dir='ltr'><strong>victoris</strong></span> 
     </span>
     <span class='ocr_line' id='line_1_16' title="bbox 20 1373 1636 1456; baseline 0.002 -25"><span class='ocrx_word' id='word_1_121' title='bbox 20 1373 166 1432; x_wconf 90' lang='lat' dir='ltr'><strong>irasci</strong></span> <span class='ocrx_word' id='word_1_122' title='bbox 185 1376 357 1433; x_wconf 62' lang='lat' dir='ltr'><strong>vistis.</strong></span> <span class='ocrx_word' id='word_1_123' title='bbox 404 1379 456 1433; x_wconf 93' lang='lat' dir='ltr'><strong>Si</strong></span> <span class='ocrx_word' id='word_1_124' title='bbox 487 1398 627 1456; x_wconf 83' lang='lat' dir='ltr'><strong>quos</strong></span> <span class='ocrx_word' id='word_1_125' title='bbox 649 1375 865 1456; x_wconf 80' lang='lat' dir='ltr'><strong>posthac</strong></span> <span class='ocrx_word' id='word_1_126' title='bbox 883 1378 1046 1432; x_wconf 92' lang='lat' dir='ltr'><strong>morti</strong></span> <span class='ocrx_word' id='word_1_127' title='bbox 1065 1374 1200 1432; x_wconf 85' lang='lat' dir='ltr'><strong>datis</strong></span> <span class='ocrx_word' id='word_1_128' title='bbox 1216 1418 1233 1444; x_wconf 88' lang='lat'><em>,</em></span> <span class='ocrx_word' id='word_1_129' title='bbox 1264 1399 1376 1434; x_wconf 91' lang='lat' dir='ltr'><strong>non</strong></span> <span class='ocrx_word' id='word_1_130' title='bbox 1395 1384 1507 1454; x_wconf 88' lang='lat' dir='ltr'><strong>jam</strong></span> <span class='ocrx_word' id='word_1_131' title='bbox 1527 1377 1636 1434; x_wconf 85' lang='lat' dir='ltr'><strong>ho·-</strong></span> 
     </span>
     <span class='ocr_line' id='line_1_17' title="bbox 20 1455 1635 1539; baseline 0.002 -26"><span class='ocrx_word' id='word_1_132' title='bbox 20 1455 180 1514; x_wconf 82' lang='lat' dir='ltr'><strong>stium</strong></span> <span class='ocrx_word' id='word_1_133' title='bbox 203 1455 291 1514; x_wconf 89' lang='lat' dir='ltr'><strong>sed</strong></span> <span class='ocrx_word' id='word_1_134' title='bbox 309 1456 648 1516; x_wconf 88' lang='lat' dir='ltr'><strong>subditorum</strong></span> <span class='ocrx_word' id='word_1_135' title='bbox 670 1459 918 1515; x_wconf 73' lang='lat' dir='ltr'><strong>accideris</strong></span> <span class='ocrx_word' id='word_1_136' title='bbox 943 1479 1231 1515; x_wconf 87' lang='lat' dir='ltr'><strong>numerum</strong></span> <span class='ocrx_word' id='word_1_137' title='bbox 1253 1498 1270 1524; x_wconf 88' lang='lat'>,</span> <span class='ocrx_word' id='word_1_138' title='bbox 1302 1461 1517 1539; x_wconf 85' lang='lat' dir='ltr'><strong>Imperii</strong></span> <span class='ocrx_word' id='word_1_139' title='bbox 1536 1459 1635 1517; x_wconf 82' lang='lat' dir='ltr'><strong>da·-</strong></span> 
     </span>
     <span class='ocr_line' id='line_1_18' title="bbox 21 1539 1632 1620; baseline 0.002 -23"><span class='ocrx_word' id='word_1_140' title='bbox 21 1560 177 1597; x_wconf 89' lang='lat' dir='ltr'><strong>mn0.</strong></span> <span class='ocrx_word' id='word_1_141' title='bbox 220 1540 442 1618; x_wconf 86' lang='lat' dir='ltr'><strong>Nequid</strong></span> <span class='ocrx_word' id='word_1_142' title='bbox 462 1561 593 1620; x_wconf 87' lang='lat' dir='ltr'><strong>ergo</strong></span> <span class='ocrx_word' id='word_1_143' title='bbox 615 1544 836 1598; x_wconf 87' lang='lat' dir='ltr'><strong>ulterius</strong></span> <span class='ocrx_word' id='word_1_144' title='bbox 855 1539 961 1596; x_wconf 83' lang='lat' dir='ltr'><strong>istis</strong></span> <span class='ocrx_word' id='word_1_145' title='bbox 981 1558 1196 1609; x_wconf 89' lang='lat' dir='ltr'><strong>nocete,</strong></span> <span class='ocrx_word' id='word_1_146' title='bbox 1220 1561 1392 1619; x_wconf 87' lang='lat' dir='ltr'><strong>neque</strong></span> <span class='ocrx_word' id='word_1_147' title='bbox 1413 1545 1498 1600; x_wconf 81' lang='lat' dir='ltr'><strong>irae</strong></span> <span class='ocrx_word' id='word_1_148' title='bbox 1519 1558 1632 1600; x_wconf 86' lang='lat' dir='ltr'><strong>tam</strong></span> 
     </span>
     <span class='ocr_line' id='line_1_19' title="bbox 20 1620 1636 1701; baseline 0.001 -23"><span class='ocrx_word' id='word_1_149' title='bbox 20 1620 162 1679; x_wconf 84' lang='lat' dir='ltr'><strong>saevae</strong></span> <span class='ocrx_word' id='word_1_150' title='bbox 197 1620 599 1701; x_wconf 85' lang='lat' dir='ltr'><strong>gratificamini.</strong></span> <span class='ocrx_word' id='word_1_151' title='bbox 647 1622 934 1700; x_wconf 85' lang='lat' dir='ltr'><strong>indignum</strong></span> <span class='ocrx_word' id='word_1_152' title='bbox 982 1624 1185 1699; x_wconf 84' lang='lat' dir='ltr'><strong>quippe</strong></span> <span class='ocrx_word' id='word_1_153' title='bbox 1219 1643 1344 1677; x_wconf 88' lang='lat' dir='ltr'><strong>curn</strong></span> <span class='ocrx_word' id='word_1_154' title='bbox 1382 1621 1636 1679; x_wconf 88' lang='lat' dir='ltr'><strong>homines</strong></span> 
     </span>
     <span class='ocr_line' id='line_1_20' title="bbox 21 1702 1635 1781; baseline 0.002 -19"><span class='ocrx_word' id='word_1_155' title='bbox 21 1707 232 1770; x_wconf 63' lang='lat' dir='ltr'><strong>vincam,</strong></span> <span class='ocrx_word' id='word_1_156' title='bbox 268 1702 675 1773; x_wconf 85' lang='lat' dir='ltr'><strong>vinciabanimi</strong></span> <span class='ocrx_word' id='word_1_157' title='bbox 697 1705 1038 1781; x_wconf 87' lang='lat' dir='ltr'><strong>impotentia.</strong></span> <span class='ocrx_word' id='word_1_158' title='bbox 1079 1706 1231 1759; x_wconf 86' lang='lat' dir='ltr'><strong>Bona</strong></span> <span class='ocrx_word' id='word_1_159' title='bbox 1252 1706 1436 1762; x_wconf 87' lang='lat' dir='ltr'><strong>virtuti</strong></span> <span class='ocrx_word' id='word_1_160' title='bbox 1454 1703 1635 1765; x_wconf 87' lang='lat' dir='ltr'><strong>vestrae</strong></span> 
     </span>
     <span class='ocr_line' id='line_1_21' title="bbox 21 1783 1634 1865; baseline 0.001 -23"><span class='ocrx_word' id='word_1_161' title='bbox 21 1789 299 1865; x_wconf 86' lang='lat' dir='ltr'><strong>praemium</strong></span> <span class='ocrx_word' id='word_1_162' title='bbox 321 1827 337 1853; x_wconf 90' lang='lat'>‚</span> <span class='ocrx_word' id='word_1_163' title='bbox 369 1783 645 1842; x_wconf 84' lang='lat' dir='ltr'><strong>sufficiant.</strong></span> <span class='ocrx_word' id='word_1_164' title='bbox 692 1787 938 1842; x_wconf 82' lang='lat' dir='ltr'><strong>Feminas</strong></span> <span class='ocrx_word' id='word_1_165' title='bbox 968 1784 1271 1862; x_wconf 88' lang='lat' dir='ltr'><strong>puerosque</strong></span> <span class='ocrx_word' id='word_1_166' title='bbox 1305 1785 1634 1865; x_wconf 83' lang='lat' dir='ltr'><strong>conjugibus</strong></span> 
     </span>
     <span class='ocr_line' id='line_1_22' title="bbox 23 1865 1633 1946; baseline 0.001 -22"><span class='ocrx_word' id='word_1_167' title='bbox 23 1868 402 1946; x_wconf 78' lang='lat' dir='ltr'><strong>&amp;parentibus</strong></span> <span class='ocrx_word' id='word_1_168' title='bbox 420 1867 624 1926; x_wconf 89' lang='lat' dir='ltr'><strong>reddite</strong></span> <span class='ocrx_word' id='word_1_169' title='bbox 644 1907 661 1933; x_wconf 85' lang='lat'>,</span> <span class='ocrx_word' id='word_1_170' title='bbox 701 1885 762 1923; x_wconf 91' lang='lat' dir='ltr'><strong>ut</strong></span> <span class='ocrx_word' id='word_1_171' title='bbox 778 1867 938 1923; x_wconf 88' lang='lat' dir='ltr'><strong>rebus</strong></span> <span class='ocrx_word' id='word_1_172' title='bbox 955 1865 1074 1944; x_wconf 83' lang='lat' dir='ltr'><strong>ipsis</strong></span> <span class='ocrx_word' id='word_1_173' title='bbox 1098 1865 1296 1925; x_wconf 86' lang='lat' dir='ltr'><strong>discant</strong></span> <span class='ocrx_word' id='word_1_174' title='bbox 1314 1867 1341 1924; x_wconf 70' lang='grc' dir='ltr'><strong>ἆ</strong></span> <span class='ocrx_word' id='word_1_175' title='bbox 1362 1868 1521 1932; x_wconf 79' lang='lat' dir='ltr'><strong>nobis</strong></span> <span class='ocrx_word' id='word_1_176' title='bbox 1541 1866 1633 1925; x_wconf 87' lang='lat' dir='ltr'><strong>su-</strong></span> 
     </span>
     <span class='ocr_line' id='line_1_23' title="bbox 22 1950 1633 2029; baseline 0.001 -23"><span class='ocrx_word' id='word_1_177' title='bbox 22 1953 189 2027; x_wconf 88' lang='lat' dir='ltr'><strong>perati</strong></span> <span class='ocrx_word' id='word_1_178' title='bbox 209 1992 226 2017; x_wconf 92' lang='lat'>,</span> <span class='ocrx_word' id='word_1_179' title='bbox 258 1953 439 2029; x_wconf 87' lang='lat' dir='ltr'><strong>quales</strong></span> <span class='ocrx_word' id='word_1_180' title='bbox 467 1953 669 2007; x_wconf 87' lang='lat' dir='ltr'><strong>amicos</strong></span> <span class='ocrx_word' id='word_1_181' title='bbox 703 1970 866 2028; x_wconf 87' lang='lat' dir='ltr'><strong>quam</strong></span> <span class='ocrx_word' id='word_1_182' title='bbox 899 1950 1268 2027; x_wconf 84' lang='lat' dir='ltr'><strong>imprudenter</strong></span> <span class='ocrx_word' id='word_1_183' title='bbox 1285 1955 1633 2009; x_wconf 85' lang='lat' dir='ltr'><strong>mutaverint.</strong></span> 
     </span>
     <span class='ocr_line' id='line_1_24' title="bbox 21 2029 1630 2111; baseline 0.001 -23"><span class='ocrx_word' id='word_1_184' title='bbox 21 2033 126 2090; x_wconf 84' lang='lat' dir='ltr'><strong>His</strong></span> <span class='ocrx_word' id='word_1_185' title='bbox 148 2033 298 2091; x_wconf 62' lang='lat' dir='ltr'><strong>dictis</strong></span> <span class='ocrx_word' id='word_1_186' title='bbox 329 2032 606 2104; x_wconf 87' lang='lat' dir='ltr'><strong>Belisarius</strong></span> <span class='ocrx_word' id='word_1_187' title='bbox 641 2030 960 2088; x_wconf 81' lang='lat' dir='ltr'><strong>muliebrem</strong></span> <span class='ocrx_word' id='word_1_188' title='bbox 991 2029 1173 2088; x_wconf 81' lang='lat' dir='ltr'><strong>sexum</strong></span> <span class='ocrx_word' id='word_1_189' title='bbox 1196 2074 1213 2100; x_wconf 91' lang='lat'>‚</span> <span class='ocrx_word' id='word_1_190' title='bbox 1250 2053 1452 2111; x_wconf 80' lang='lat' dir='ltr'><strong>pueros</strong></span> <span class='ocrx_word' id='word_1_191' title='bbox 1472 2074 1489 2101; x_wconf 89' lang='lat'>,</span> <span class='ocrx_word' id='word_1_192' title='bbox 1525 2032 1630 2111; x_wconf 79' lang='lat' dir='ltr'><strong>ipsa</strong></span> 
     </span>
     <span class='ocr_line' id='line_1_25' title="bbox 23 2112 1633 2194; baseline 0 -23"><span class='ocrx_word' id='word_1_193' title='bbox 23 2119 154 2194; x_wconf 85' lang='lat' dir='ltr'><strong>quin</strong></span> <span class='ocrx_word' id='word_1_194' title='bbox 175 2121 226 2171; x_wconf 88' lang='lat'>&amp;</span> <span class='ocrx_word' id='word_1_195' title='bbox 248 2113 456 2173; x_wconf 85' lang='lat' dir='ltr'><strong>servitia</strong></span> <span class='ocrx_word' id='word_1_196' title='bbox 471 2157 488 2183; x_wconf 86' lang='lat'>‚</span> <span class='ocrx_word' id='word_1_197' title='bbox 529 2114 658 2171; x_wconf 85' lang='lat' dir='ltr'><strong>nihil</strong></span> <span class='ocrx_word' id='word_1_198' title='bbox 680 2115 885 2186; x_wconf 83' lang='lat' dir='ltr'><strong>injuriae</strong></span> <span class='ocrx_word' id='word_1_199' title='bbox 906 2112 1173 2192; x_wconf 70' lang='lat' dir='ltr'><strong>perpefl‘os</strong></span> <span class='ocrx_word' id='word_1_200' title='bbox 1192 2159 1205 2179; x_wconf 92' lang='lat'>,</span> <span class='ocrx_word' id='word_1_201' title='bbox 1240 2114 1472 2174; x_wconf 80' lang='lat' dir='ltr'><strong>reddidit</strong></span> <span class='ocrx_word' id='word_1_202' title='bbox 1484 2117 1633 2173; x_wconf 52' lang='grc' dir='ltr'>Νεεμ-</span> 
     </span>
     <span class='ocr_line' id='line_1_26' title="bbox 25 2197 1631 2277; baseline 0.001 -23"><span class='ocrx_word' id='word_1_203' title='bbox 25 2200 274 2275; x_wconf 89' lang='lat' dir='ltr'><strong>politanis</strong></span> <span class='ocrx_word' id='word_1_204' title='bbox 292 2238 308 2265; x_wconf 90' lang='lat'>‚</span> <span class='ocrx_word' id='word_1_205' title='bbox 330 2197 553 2277; x_wconf 83' lang='lat' dir='ltr'><strong>ipsisque</strong></span> <span class='ocrx_word' id='word_1_206' title='bbox 575 2198 936 2254; x_wconf 88' lang='lat' dir='ltr'><strong>reconciliavit</strong></span> <span class='ocrx_word' id='word_1_207' title='bbox 957 2198 1205 2253; x_wconf 88' lang='lat' dir='ltr'><strong>militem.</strong></span> <span class='ocrx_word' id='word_1_208' title='bbox 1249 2200 1322 2253; x_wconf 90' lang='lat' dir='ltr'><strong>ita</strong></span> <span class='ocrx_word' id='word_1_209' title='bbox 1339 2199 1631 2275; x_wconf 69' lang='lat' dir='ltr'><strong>Neapolim</strong></span> 
     </span>
     <span class='ocr_line' id='line_1_27' title="bbox 22 2275 1631 2358; baseline 0.001 -23"><span class='ocrx_word' id='word_1_210' title='bbox 22 2278 384 2337; x_wconf 85' lang='lat' dir='ltr'><strong>habitantibus</strong></span> <span class='ocrx_word' id='word_1_211' title='bbox 403 2281 587 2338; x_wconf 89' lang='lat' dir='ltr'><strong>eadem</strong></span> <span class='ocrx_word' id='word_1_212' title='bbox 609 2278 721 2336; x_wconf 87' lang='lat' dir='ltr'><strong>dies</strong></span> <span class='ocrx_word' id='word_1_213' title='bbox 737 2275 924 2334; x_wconf 81' lang='lat' dir='ltr'><strong>amiffae</strong></span> <span class='ocrx_word' id='word_1_214' title='bbox 941 2276 1044 2335; x_wconf 86' lang='lat' dir='ltr'><strong>fuit</strong></span> <span class='ocrx_word' id='word_1_215' title='bbox 1059 2299 1115 2339; x_wconf 86' lang='lat' dir='ltr'><strong>ac</strong></span> <span class='ocrx_word' id='word_1_216' title='bbox 1129 2298 1447 2358; x_wconf 84' lang='lat' dir='ltr'><strong>recuperatae</strong></span> <span class='ocrx_word' id='word_1_217' title='bbox 1467 2278 1631 2337; x_wconf 86' lang='lat' dir='ltr'><strong>liber-</strong></span> 
     </span>
     <span class='ocr_line' id='line_1_28' title="bbox 23 2358 1624 2440; baseline 0.001 -22"><span class='ocrx_word' id='word_1_218' title='bbox 23 2366 144 2418; x_wconf 88' lang='lat' dir='ltr'><strong>tatis</strong></span> <span class='ocrx_word' id='word_1_219' title='bbox 177 2368 231 2421; x_wconf 87' lang='lat'>&amp;</span> <span class='ocrx_word' id='word_1_220' title='bbox 258 2383 450 2420; x_wconf 83' lang='lat' dir='ltr'><strong>eorum</strong></span> <span class='ocrx_word' id='word_1_221' title='bbox 468 2383 584 2440; x_wconf 89' lang='lat' dir='ltr'><strong>quae</strong></span> <span class='ocrx_word' id='word_1_222' title='bbox 603 2360 855 2418; x_wconf 87' lang='lat' dir='ltr'><strong>homines</strong></span> <span class='ocrx_word' id='word_1_223' title='bbox 872 2358 1126 2419; x_wconf 82' lang='lat' dir='ltr'><strong>cariffima</strong></span> <span class='ocrx_word' id='word_1_224' title='bbox 1144 2360 1365 2419; x_wconf 88' lang='lat' dir='ltr'><strong>habent.</strong></span> <span class='ocrx_word' id='word_1_225' title='bbox 1405 2363 1550 2420; x_wconf 89' lang='lat' dir='ltr'><strong>Nam</strong></span> <span class='ocrx_word' id='word_1_226' title='bbox 1568 2369 1624 2420; x_wconf 77' lang='grc' dir='ltr'><strong>δε</strong></span> 
     </span>
     <span class='ocr_line' id='line_1_29' title="bbox 22 2442 1633 2523; baseline 0.002 -23"><span class='ocrx_word' id='word_1_227' title='bbox 22 2442 61 2500; x_wconf 86' lang='lat' dir='ltr'>fi</span> <span class='ocrx_word' id='word_1_228' title='bbox 94 2448 187 2521; x_wconf 91' lang='lat' dir='ltr'><strong>qui</strong></span> <span class='ocrx_word' id='word_1_229' title='bbox 217 2465 404 2502; x_wconf 89' lang='lat' dir='ltr'><strong>aurum</strong></span> <span class='ocrx_word' id='word_1_230' title='bbox 434 2465 525 2503; x_wconf 92' lang='lat' dir='ltr'><strong>aut</strong></span> <span class='ocrx_word' id='word_1_231' title='bbox 558 2445 666 2501; x_wconf 84' lang='lat' dir='ltr'><strong>alia·</strong></span> <span class='ocrx_word' id='word_1_232' title='bbox 690 2446 908 2519; x_wconf 87' lang='lat' dir='ltr'><strong>majoris</strong></span> <span class='ocrx_word' id='word_1_233' title='bbox 933 2447 1088 2523; x_wconf 90' lang='lat' dir='ltr'><strong>pretii</strong></span> <span class='ocrx_word' id='word_1_234' title='bbox 1104 2442 1403 2503; x_wconf 90' lang='lat' dir='ltr'><strong>habuerant</strong></span> <span class='ocrx_word' id='word_1_235' title='bbox 1431 2442 1633 2504; x_wconf 80' lang='lat' dir='ltr'><strong>defoffa</strong></span> 
     </span>
     <span class='ocr_line' id='line_1_30' title="bbox 23 2524 1632 2606; baseline 0.001 -23"><span class='ocrx_word' id='word_1_236' title='bbox 23 2545 86 2583; x_wconf 87' lang='lat' dir='ltr'><strong>ea</strong></span> <span class='ocrx_word' id='word_1_237' title='bbox 125 2525 220 2584; x_wconf 89' lang='lat' dir='ltr'><strong>sub</strong></span> <span class='ocrx_word' id='word_1_238' title='bbox 261 2545 455 2585; x_wconf 90' lang='lat' dir='ltr'><strong>terram</strong></span> <span class='ocrx_word' id='word_1_239' title='bbox 491 2572 506 2593; x_wconf 94' lang='lat'>‚</span> <span class='ocrx_word' id='word_1_240' title='bbox 552 2547 678 2583; x_wconf 87' lang='lat' dir='ltr'><strong>cum</strong></span> <span class='ocrx_word' id='word_1_241' title='bbox 710 2531 937 2606; x_wconf 87' lang='lat' dir='ltr'><strong>primam</strong></span> <span class='ocrx_word' id='word_1_242' title='bbox 971 2527 1287 2585; x_wconf 88' lang='lat' dir='ltr'><strong>violentiam</strong></span> <span class='ocrx_word' id='word_1_243' title='bbox 1308 2524 1632 2606; x_wconf 83' lang='lat' dir='ltr'><strong>effugissent,</strong></span> 
     </span>
     <span class='ocr_line' id='line_1_31' title="bbox 24 2605 1633 2690; baseline 0.002 -26"><span class='ocrx_word' id='word_1_244' title='bbox 24 2605 146 2686; x_wconf 91' lang='lat' dir='ltr'><strong>post</strong></span> <span class='ocrx_word' id='word_1_245' title='bbox 174 2630 295 2665; x_wconf 85' lang='lat' dir='ltr'><strong>cum</strong></span> <span class='ocrx_word' id='word_1_246' title='bbox 326 2609 447 2690; x_wconf 84' lang='lat' dir='ltr'><strong>ipsis</strong></span> <span class='ocrx_word' id='word_1_247' title='bbox 484 2607 685 2669; x_wconf 78' lang='lat' dir='ltr'><strong>aedibus</strong></span> <span class='ocrx_word' id='word_1_248' title='bbox 719 2629 982 2686; x_wconf 85' lang='lat' dir='ltr'><strong>recepere.</strong></span> <span class='ocrx_word' id='word_1_249' title='bbox 1040 2609 1210 2666; x_wconf 91' lang='lat' dir='ltr'><strong>Hunc</strong></span> <span class='ocrx_word' id='word_1_250' title='bbox 1246 2611 1452 2666; x_wconf 86' lang='lat' dir='ltr'><strong>exitum</strong></span> <span class='ocrx_word' id='word_1_251' title='bbox 1484 2608 1633 2667; x_wconf 75' lang='lat' dir='ltr'><strong>obsi-</strong></span> 
     </span>
     <span class='ocr_line' id='line_1_32' title="bbox 25 2688 1633 2770; baseline 0.002 -25"><span class='ocrx_word' id='word_1_252' title='bbox 25 2689 120 2746; x_wconf 88' lang='lat' dir='ltr'><strong>dio</strong></span> <span class='ocrx_word' id='word_1_253' title='bbox 147 2688 334 2749; x_wconf 87' lang='lat' dir='ltr'><strong>habuit</strong></span> <span class='ocrx_word' id='word_1_254' title='bbox 366 2693 534 2749; x_wconf 65' lang='lat' dir='ltr'><strong>trafia</strong></span> <span class='ocrx_word' id='word_1_255' title='bbox 569 2693 760 2770; x_wconf 84' lang='lat' dir='ltr'><strong>viginti</strong></span> <span class='ocrx_word' id='word_1_256' title='bbox 795 2711 888 2768; x_wconf 91' lang='lat' dir='ltr'><strong>per</strong></span> <span class='ocrx_word' id='word_1_257' title='bbox 919 2691 1051 2748; x_wconf 85' lang='lat' dir='ltr'><strong>dies.</strong></span> <span class='ocrx_word' id='word_1_258' title='bbox 1092 2692 1363 2770; x_wconf 89' lang='lat' dir='ltr'><strong>Repertos</strong></span> <span class='ocrx_word' id='word_1_259' title='bbox 1383 2691 1457 2748; x_wconf 91' lang='lat' dir='ltr'><strong>ibi</strong></span> <span class='ocrx_word' id='word_1_260' title='bbox 1478 2691 1633 2749; x_wconf 88' lang='lat' dir='ltr'><strong>Got-</strong></span> 
     </span>
     <span class='ocr_line' id='line_1_33' title="bbox 25 2769 1634 2855; baseline 0.003 -29"><span class='ocrx_word' id='word_1_261' title='bbox 25 2769 154 2827; x_wconf 89' lang='lat' dir='ltr'><strong>thos</strong></span> <span class='ocrx_word' id='word_1_262' title='bbox 186 2794 352 2853; x_wconf 89' lang='lat' dir='ltr'><strong>prope</strong></span> <span class='ocrx_word' id='word_1_263' title='bbox 384 2776 736 2855; x_wconf 69' lang='lat' dir='ltr'><strong>offingentos</strong></span> <span class='ocrx_word' id='word_1_264' title='bbox 761 2770 1034 2831; x_wconf 87' lang='lat' dir='ltr'><strong>Belisarius</strong></span> <span class='ocrx_word' id='word_1_265' title='bbox 1055 2794 1169 2831; x_wconf 92' lang='lat' dir='ltr'><strong>non</strong></span> <span class='ocrx_word' id='word_1_266' title='bbox 1192 2773 1363 2832; x_wconf 91' lang='lat' dir='ltr'><strong>modo</strong></span> <span class='ocrx_word' id='word_1_267' title='bbox 1396 2775 1634 2833; x_wconf 58' lang='lat' dir='ltr'><strong>intactos</strong></span> 
     </span>
     <span class='ocr_line' id='line_1_34' title="bbox 25 2850 1633 2936; baseline 0.002 -28"><span class='ocrx_word' id='word_1_268' title='bbox 25 2850 265 2932; x_wconf 89' lang='lat' dir='ltr'><strong>praestitit</strong></span> <span class='ocrx_word' id='word_1_269' title='bbox 296 2895 314 2923; x_wconf 92' lang='lat'><em>‚</em></span> <span class='ocrx_word' id='word_1_270' title='bbox 356 2854 442 2915; x_wconf 90' lang='lat' dir='ltr'><strong>sed</strong></span> <span class='ocrx_word' id='word_1_271' title='bbox 492 2864 546 2914; x_wconf 85' lang='lat'>&amp;</span> <span class='ocrx_word' id='word_1_272' title='bbox 591 2857 700 2936; x_wconf 87' lang='lat' dir='ltr'><strong>pari</strong></span> <span class='ocrx_word' id='word_1_273' title='bbox 738 2875 863 2912; x_wconf 89' lang='lat' dir='ltr'><strong>cum</strong></span> <span class='ocrx_word' id='word_1_274' title='bbox 909 2853 1012 2913; x_wconf 85' lang='lat' dir='ltr'><strong>suis</strong></span> <span class='ocrx_word' id='word_1_275' title='bbox 1053 2854 1314 2914; x_wconf 83' lang='lat' dir='ltr'><strong>militibus</strong></span> <span class='ocrx_word' id='word_1_276' title='bbox 1346 2859 1404 2914; x_wconf 90' lang='lat' dir='ltr'><strong>in</strong></span> <span class='ocrx_word' id='word_1_277' title='bbox 1451 2854 1633 2914; x_wconf 85' lang='lat' dir='ltr'><strong>hono-</strong></span> 
     </span>
     <span class='ocr_line' id='line_1_35' title="bbox 25 2934 1634 3019; baseline -0.001 -25"><span class='ocrx_word' id='word_1_278' title='bbox 25 2955 84 3018; x_wconf 62' lang='lat' dir='ltr'><strong>re</strong></span> <span class='ocrx_word' id='word_1_279' title='bbox 115 2934 320 2997; x_wconf 86' lang='lat' dir='ltr'><strong>habuit.</strong></span> <span class='ocrx_word' id='word_1_280' title='bbox 364 2941 441 3000; x_wconf 91' lang='lat' dir='ltr'><strong>At</strong></span> <span class='ocrx_word' id='word_1_281' title='bbox 471 2936 692 3001; x_wconf 83' lang='lat' dir='ltr'><strong>Pastor,</strong></span> <span class='ocrx_word' id='word_1_282' title='bbox 723 2939 818 3018; x_wconf 90' lang='lat' dir='ltr'><strong>qui</strong></span> <span class='ocrx_word' id='word_1_283' title='bbox 849 2938 1118 3019; x_wconf 88' lang='lat' dir='ltr'><strong>populum</strong></span> <span class='ocrx_word' id='word_1_284' title='bbox 1147 2956 1207 2997; x_wconf 89' lang='lat' dir='ltr'><strong>ut</strong></span> <span class='ocrx_word' id='word_1_285' title='bbox 1225 2955 1346 2999; x_wconf 89' lang='lat' dir='ltr'><strong>ante</strong></span> <span class='ocrx_word' id='word_1_286' title='bbox 1365 2938 1511 3005; x_wconf 85' lang='lat' dir='ltr'><strong>dixi,</strong></span> <span class='ocrx_word' id='word_1_287' title='bbox 1540 2937 1634 2994; x_wconf 91' lang='lat' dir='ltr'><strong>de-</strong></span> 
     </span>
    </p>

    <p class='ocr_par' dir='ltr' id='par_1_2' title="bbox 951 3023 1636 3104">
     <span class='ocr_line' id='line_1_36' title="bbox 951 3023 1636 3104; baseline 0 -26"><span class='ocrx_word' id='word_1_288' title='bbox 951 3023 997 3078; x_wconf 96' lang='lat' dir='ltr'>L</span> <span class='ocrx_word' id='word_1_289' title='bbox 1046 3037 1074 3095; x_wconf 82' lang='lat'>5</span> <span class='ocrx_word' id='word_1_290' title='bbox 1474 3039 1636 3104; x_wconf 65' lang='lat' dir='ltr'><strong>men:</strong></span> 
     </span>
    </p>
   </div>
  </div>
 </body>
</html>
