1888 3428
210 164 331 226 '188
497 149 930 222 'PRocoPu
988 152 1535 234 CAEs‘ARVEENsr&

210 249 373 308 sarius
391 247 735 325 imperaverat
755 286 771 310 ‚
788 265 952 323 quam
973 245 1205 300 maxime
1224 243 1437 322 poterat
1449 241 1700 300 festinum
1720 241 1817 301 iter

212 334 454 389 Romam
471 328 706 389 intendit
720 367 737 391 ,
756 323 1169 398 jamiamhostes
1185 321 1367 382 adfore
1385 329 1659 383 nuntians.
1672 327 1818 382 Nam

210 414 397 470 Roma
413 411 479 468 ab
492 411 699 490 oppido
714 410 916 466 Narnia
933 405 1076 463 abest
1095 406 1269 463 stadiis
1295 407 1593 465 admodum
1611 424 1822 465 trecen-
1845 406 1849 443 '2
1870 420 1879 445 ν’

213 498 354 553 tis&
374 491 990 573 quinquaginta.Vitigis
1012 509 1110 545 nec
1128 487 1395 545 Perufiam
1416 490 1832 567 necSpoletium‘
1863 516 1866 519 ·

213 577 434 657 aggredi
453 597 517 632 ex
537 573 631 631 usu
650 573 800 630 duxit
817 616 832 636 ‚
867 568 1022 628 firma
1041 573 1166 628 loco
1186 571 1383 649 oppida
1397 612 1412 636 ,
1443 569 1550 649 ipse
1569 591 1733 629 morae
1753 592 1823 626 o-

1870 532 1886 579 *⁹⁵2¹
1868 462 1885 512 ‘¹2⁴‘

213 663 358 718 mnis
386 659 673 735 impatiens
690 697 706 723 ‚
742 655 872 712 dum
896 675 1066 710 unum
1101 653 1234 710 illud
1251 653 1425 711 studet
1445 693 1462 718 ‚
1494 651 1744 710 Belisario
1764 670 1825 710 ut
1863 672 1877 713 ,ἲ

213 741 577 820 superveniret
594 738 844 794 nondum
863 735 928 791 ab
949 734 1080 792 urbe
1104 734 1354 815 digresso.
1376 737 1713 814 Quanquam
1733 756 1826 793 ve-

215 844 280 881 ro
300 830 352 881 δε
369 824 630 880 Narniam
646 818 672 875 Ξι
690 820 959 876 Romanis
975 815 1185 875 insideri
1206 819 1446 875 audierat
1462 859 1480 886 ‚
1517 838 1584 873 ne
1605 817 1680 873 ibi
1703 820 1828 896 qui-
1875 820 1877 822 ’

200 905 343 964 'dem
360 907 652 983 quicquam
667 901 988 959 tentandum
1004 897 1205 957 censuit
1226 942 1242 969 ‚
1273 921 1470 980 gnarus
1505 897 1702 957 acce-flii
1721 896 1830 955 dif-

214 986 413 1045 ficilem
433 1028 449 1054 ‚
473 984 571 1060 fitu
593 985 834 1041 arduam.
856 982 1053 1039 struffita
1071 985 1217 1039 enim
1248 982 1324 1040 est
1354 987 1410 1041 in
1429 1000 1620 1039 monte
1656 982 1826 1039 edito·
1884 1012 1886 1014 v

215 1071 331 1128 Nar
349 1070 519 1126 amnis
539 1109 554 1133 ,
590 1071 680 1144 qui
717 1067 922 1144 oppido
959 1086 1165 1121 nomen
1187 1065 1334 1123 dedit
1352 1109 1365 1130 ,
1400 1067 1607 1122 montis
1625 1064 1826 1121 radices

217 1150 521 1230 praelabitur
541 1150 665 1207 :Ad
684 1146 950 1205 ascenfiim
970 1151 1065 1204 viae
1081 1146 1197 1204 duae
1214 1146 1336 1205 sunt
1354 1188 1370 1214 ‚
1392 1149 1553 1203 altera
1571 1146 1635 1203 ad
1651 1148 1829 1202 orien-
1879 1178 1884 1185 Δ

219 1253 332 1291 tem
354 1235 534 1289 Solem
555 1272 572 1298 ,
605 1231 668 1287 ad
690 1229 1050 1286 Occidentem
1073 1230 1249 1285 altera.
1292 1231 1375 1286 illa
1392 1229 1569 1285 Arcto
1603 1224 1829 1285 difficilis
1881 1280 1885 1292 ,ἵ

215 1312 484 1396 praerupta
501 1316 639 1369 inter
654 1310 789 1378 saxa,
803 1311 867 1367 ad
882 1310 1016 1367 hanc
1035 1314 1204 1368 veniri
1219 1332 1334 1368 non
1354 1308 1555 1390 potest,
1573 1308 1666 1366 nifi
1686 1329 1831 1388 pon-

216 1415 273 1454 te
293 1400 386 1475 qui
406 1398 549 1452 amni
571 1394 890 1450 incumbens
909 1394 999 1450 det
1029 1391 1330 1450 transitum.
1375 1394 1518 1450 Eum
1540 1395 1671 1450 olim
1693 1413 1832 1471 pon·
1867 1402 1886 1456 ᾖ

215 1497 330 1538 tem
367 1476 539 1535 Caesar
558 1474 684 1534 fecit
715 1475 1026 1556 Augustu8‚
1058 1473 1411 1555 conspicuum
1443 1473 1596 1541 sane,
1629 1478 1832 1553 quippe
1878 1490 1886 1539 ζ

214 1559 529 1619 altiffimum
547 1557 942 1617 fornicatorum
970 1579 1085 1637 quae
1105 1562 1362 1616 novimus
1395 1578 1643 1636 operum.
1686 1559 1831 1614 Viti·

217 1642 396 1723 gisibi
420 1661 635 1719 ternpus
667 1659 833 1697 terere
869 1639 1205 1717 aspernatuS,
1243 1642 1369 1697 inde
1387 1640 1570 1696 abiens
1587 1639 1829 1695 Romam

218 1746 314 1805 per
337 1723 566 1780 Sabinos
582 1722 745 1779 vadit.
788 1739 847 1777 ut
864 1742 1028 1799 prope
1049 1719 1239 1778 urbem
1257 1722 1320 1779 ad
1343 1720 1502 1779 stadia
1518 1724 1668 1779 Venit
1697 1742 1832 1799 qua-
1875 1739 1880 1755 ²

218 1808 527 1865 tuordecim
541 1847 566 1885 Α,
585 1823 814 1882 pontem
832 1800 979 1859 fluvii
997 1803 1218 1859 Tiberis
1235 1806 1441 1860 invenit
1456 1845 1473 1870 ,
1510 1806 1565 1859 in
1581 1823 1695 1882 quo
1715 1823 1830 1861 non
1884 1809 1888 1816 ”

220 1891 399 1948 multo
415 1906 537 1945 ante
557 1891 748 1943 turrim
769 1883 1115 1944 aedificaverat
1133 1884 1428 1950 Belifiarius,
1448 1884 1831 1965 addideratque
1877 1953 1880 1956 v

218 1989 408 2050 portas
439 1976 493 2028 &
524 1967 764 2046 praefidio
803 1969 1029 2025 militem
1051 2008 1066 2029 ,
1099 1989 1215 2023 non
1248 1968 1400 2046 quod
1429 1967 1552 2023 alibi
1580 1966 1831 2024 tranfitus

217 2049 702 2110 hostinulluseffet
723 2073 736 2105 ε
757 2071 881 2106 nam
918 2052 1070 2107 multi
1091 2067 1285 2128 pontes
1317 2051 1595 2126 multaque
1616 2051 1830 2129 navigia
1882 2069 1885 2072 ·

218 2138 277 2191 in
297 2155 362 2190 eo
381 2131 501 2190 sunt
519 2130 745 2189 flumine
766 2172 783 2199 ‚
802 2130 886 2188 sed
902 2132 1051 2212 quod
1064 2137 1163 2190 iter
1180 2154 1342 2212 quam
1359 2130 1711 2190 tardiffimum
1725 2130 1832 2188 ho—

217 2216 389 2274 stibus
405 2212 577 2272 facere
596 2216 755 2272 vellet
775 2254 793 2280 ,
811 2233 930 2272 tum
949 2216 1099 2294 quod
1118 2215 1186 2272 ab
1203 2222 1529 2295 Imperatore
1545 2236 1714 2273 novas
1731 2235 1830 2270 co-
1862 2245 1864 2247 ·

219 2302 332 2378 pias
351 2297 695 2377 expectabat,
718 2315 837 2354 tum
857 2318 916 2354 ut
935 2300 1155 2376 longior
1178 2300 1445 2356 Romanis
1461 2295 1685 2355 facultas
1703 2293 1831 2354 effet
1854 2325 1888 2358 ‚t

218 2380 499 2438 neceffaria
533 2384 589 2436 in
621 2379 812 2436 urbem
838 2379 1187 2461 importandi.
1228 2382 1375 2438 Nam
1397 2377 1433 2436 s1
1466 2379 1533 2436 ab
1561 2378 1668 2437 hoc
1700 2379 1831 2435 loco

218 2461 420 2543 depulsi
436 2461 643 2518 barbari
665 2460 881 2521 transire
900 2480 1144 2541 pararent
1159 2463 1392 2542 aliquem
1411 2482 1604 2519 eorum
1621 2464 1715 2540 qui
1734 2462 1831 2517 ali-

219 2545 279 2602 bi
299 2563 447 2602 erant
469 2547 722 2622 pontium
744 2586 760 2613 ,
783 2544 1011 2603 biduum
1032 2566 1145 2601 non
1166 2538 1346 2602 minus
1372 2541 1830 2623 periturumjudi-

220 2625 375 2684 c'abat
397 2627 577 2706 :quod
597 2625 632 2682 fi
653 2629 862 2707 navigia
880 2632 934 2684 in
953 2629 1202 2685 Tiberim
1222 2625 1534 2684 contrahere
1572 2627 1789 2682 mallent
1808 2666 1828 2694 ,

217 2713 495 2788 aliquanto
513 2711 675 2766 etiam
695 2715 863 2783 majus
880 2751 897 2777 ,
930 2728 1198 2787 quantum
1229 2712 1498 2781 conjicere
1523 2725 1634 2765 erat
1652 2750 1665 2773 ‚
1685 2726 1829 2765 tem·
1850 2744 1859 2759 χ

217 2795 367 2871 poris
380 2789 714 2869 dispendium
733 2789 868 2856 fore,
913 2794 1047 2849 Haec
1063 2791 1213 2848 causa
1227 2788 1471 2851 Belifario
1503 2787 1678 2846 fuera-t
1698 2810 1830 2867 prae-

220 2872 411 2930 fidium
432 2872 505 2929 ibi
525 2873 841 2930 collocandi.
869 2873 960 2930 *ibi
980 2896 1151 2931 unum
1169 2875 1311 2932 diem
1333 2873 1494 2930 castra
1512 2871 1716 2929 Gotthi
1733 2871 1830 2928 ha·-

220 2954 387 3025 buere
402 2996 418 3026 ‚
439 2956 570 3035 quid
587 2953 805 3037 agerent
820 2959 1003 3014 incerti
1019 2999 1036 3025 ,
1075 2958 1314 3037 plerique
1348 2959 1537 3025 ,turrim
1573 2951 1826 3034 postridie

468 3038 474 3045 ,,
1723 3054 1830 3117 op:
