1888 3428
187 169 628 227 GoTTHICAE
667 166 1069 224 Hr-sToRIAE
1112 167 1398 225 L1B.1V.
1530 184 1638 242 515

34 251 170 311 suvii
192 250 730 308 montisidonearum
752 251 907 329 potui
938 267 1196 325 aquarum
1215 246 1337 304 sunt
1371 245 1638 313 scatebrae‚

4 362 5 366 ¹
33 334 317 412 exquibus
351 336 523 388 amnis
557 331 783 389 nascitur
815 331 998 386 Draco
1030 331 1286 395 nomine,
1319 349 1377 385 ac
1413 349 1581 406 prope
1610 328 1639 384 ὲ

23 418 268 475 ‘Nuceria
288 413 503 472 labitur.
545 415 783 470 Romani
819 415 873 466 in
908 415 1141 489 riparum
1164 413 1319 467 altera
1336 450 1353 477 ‚
1387 413 1443 464 in
1474 411 1639 466 altera

33 497 236 554 Gotthi
256 495 439 574 positis
457 495 632 553 castris
652 514 866 551 amnem
900 493 1045 549 hunc
1076 491 1348 550 habebant
1375 490 1637 547 medium.

22 578 291 636 Modicus
311 581 483 634 amnis
506 578 579 639 est
595 580 776 634 Draco
794 617 812 643 ‚
851 596 963 631 non
986 577 1156 654 equiti
1175 594 1355 631 tamen
1378 615 1394 640 ,
1415 591 1528 628 non
1547 592 1638 649 pe-

35 660 133 717 diti
154 663 364 739 pervius
383 701 399 726 ,
419 660 569 738 quod
587 662 643 716 in
660 661 864 719 arEcum
887 678 1050 736 aquas
1068 678 1271 737 cogens
1291 695 1309 720 ,
1332 674 1640 733 terramque

30 744 87 799 in
108 764 359 821 magnam
379 742 711 803 altitudinem
730 740 988 796 deradens
1009 781 1024 805 ,
1045 742 1282 796 multum
1303 741 1460 817 erigit
1480 738 1639 812 ripas,

35 841 256 881 terraene
276 846 342 881 an
378 844 632 902 aquarum
653 827 724 879 ita
751 821 960 878 ferente
980 824 1203 902 ingenio
1225 820 1366 877 haud
1390 821 1640 876 dixerim.

33 904 120 964 sed
143 925 407 986 praecepto
440 903 680 961 fluminis
712 923 883 984 ponte
920 905 1124 961 Gotthi
1159 908 1494 978 (namjuxta
1513 921 1640 963 eum

34 986 194 1044 castra
212 987 505 1057 habebant)
526 986 763 1044 turribus
783 986 847 1043 ad
864 1008 992 1043 eum
1013 989 1250 1043 excitatis
1266 988 1457 1064 ligneis
1476 1010 1505 1049 ,’
1526 1003 1646 1039 ma*

34 1070 374 1128 chinamenta
393 1073 446 1125 in
465 1070 568 1125 illis
603 1090 720 1125 tum
743 1071 838 1126 alia
857 1110 873 1135 ,
902 1087 1020 1125 tum
1052 1068 1258 1125 balistas
1278 1069 1609 1125 collocavere
1625 1104 1644 1131 ,

34 1170 96 1209 ut
128 1173 192 1208 ex
214 1151 359 1207 edito
396 1150 605 1207 hostem
635 1150 773 1207 infra
805 1150 1040 1229 politum
1061 1148 1369 1207 infestarent
1389 1191 1405 1217 ‚
1451 1168 1644 1204 manus

34 1233 239 1291 conseri
259 1254 371 1288 non
394 1252 641 1311 poterant
659 1275 675 1301 ‚
696 1232 920 1289 flumine
944 1277 957 1296 ,
985 1251 1042 1289 ut
1063 1233 1204 1300 dixi,
1226 1232 1420 1289 ambos
1438 1231 1646 1287 exerci-

36 1334 125 1372 tus
141 1314 429 1373 dividente.
446 1310 531 1372 sed
551 1322 795 1393 proxime
815 1315 877 1371 ad
895 1317 1059 1390 ripam
1077 1315 1388 1372 accedentes
1408 1314 1642 1390 utrique,

35 1401 154 1455 telis
189 1402 328 1453 inter
358 1395 408 1453 se
440 1397 737 1455 certabant.
778 1397 1055 1454 Interdum
1092 1403 1147 1453 &
1170 1396 1443 1477 fingularis
1464 1414 1648 1473 pugna

37 1478 323 1559 apparebat
356 1522 370 1543 ‚
425 1479 644 1537 Gottho
682 1477 824 1536 forte
854 1480 1036 1558 aliquo
1070 1499 1296 1558 pontem
1328 1472 1658 1556 transgreffo·

40 1561 378 1640 provocandi
398 1560 561 1618 causa.
599 1567 745 1619 Inter
761 1564 882 1618 talia
901 1561 1012 1619 duo
1036 1559 1241 1618 menses
1260 1560 1436 1618 abiere
1457 1582 1471 1614 :
1492 1559 1649 1615 dura-

42 1665 278 1722 runtque
309 1642 512 1700 Gotthi
533 1682 551 1709 ,
585 1643 715 1700 dum
750 1646 882 1699 mari
901 1642 1285 1721 potiebantur:
1319 1642 1462 1700 unde
1480 1637 1649 1697 facilis

39 1745 450 1783 commeatuum
470 1725 708 1782 inveffio
725 1766 739 1786 ‚
753 1729 959 1804 quippe
977 1723 1154 1781 castris
1175 1725 1369 1806 pelago
1389 1744 1502 1781 non
1522 1721 1650 1779 lon-'-

40 1829 108 1889 ge
129 1807 256 1865 sitis·
297 1805 384 1865 sed
402 1811 606 1865 nonita
625 1808 799 1866 multo
821 1806 940 1885 post
956 1808 1198 1864 Romani
1227 1820 1388 1864 naves
1408 1805 1649 1863 hostium

49 1911 242 1948 omnes
275 1889 340 1946 ab
362 1893 556 1968 eo-qui
590 1892 665 1946 eis
683 1908 900 1969 praeerat
932 1888 1026 1946 sibi
1060 1890 1297 1970 proditas
1329 1893 1384 1946 in
1408 1883 1647 1967 potesta-'-

41 1991 153 2030 tem
171 1970 316 2029 suam
339 1992 606 2051 accepere,
625 1979 677 2028 &
697 1976 805 2030 aliae
824 1971 1009 2029 iisdem
1029 1974 1294 2030 Romanis
1314 1973 1651 2029 advenerunt

42 2052 71 2113 ὲ
92 2057 261 2112 Sicilia
279 2058 589 2133 caeterisque
620 2055 1091 2133 Romaniimperii
1112 2055 1449 2134 regionibus,
1492 2053 1650 2108 Tum

41 2158 171 2194 vero
192 2143 244 2193 &
265 2140 456 2216 ligneis
474 2137 710 2193 turribus
727 2141 781 2193 in
801 2134 834 2193 s
827 2159 889 2193 ua
907 2140 1016 2215 ripa
1033 2136 1244 2194 structis
1268 2135 1459 2193 Narses
1477 2133 1649 2192 infre-

42 2223 122 2299 git
143 2217 382 2275 hostiurn
401 2221 642 2275 animos:
682 2221 776 2298 qui
802 2237 953 2276 metu
984 2219 1137 2277 simul
1165 2220 1650 2299 viftusqueinopia

42 2299 198 2380 pressi
220 2341 237 2369 ‚
257 2303 312 2358 in
329 2304 563 2358 vicinum
597 2321 841 2358 montem
866 2298 1199 2382 confugiunt
1218 2343 1234 2369 ,
1277 2323 1441 2381 quem
1466 2301 1649 2356 Latini

14 2386 346 2452 rLaostarium
368 2404 700 2461 vocant,quo
721 2404 815 2439 eos
832 2384 1072 2441 Romani
1091 2383 1332 2464 persequi
1354 2405 1466 2440 non
1487 2400 1647 2462 pote-

11 2484 195 2532 'rant,
249 2465 575 2545 prohibente
610 2467 861 2522 locorum
890 2466 1080 2523 arduo.
1139 2466 1227 2523 sed
1264 2467 1416 2523 brevi
1450 2468 1543 2544 qui
1576 2484 1644 2519 eo

40 2546 381 2607 'ascenderant
407 2548 669 2605 Barbaros
703 2549 838 2606 ultra
864 2547 1066 2606 consilii
1086 2548 1161 2606 sui
1197 2551 1441 2628 paenituit
1462 2588 1477 2608 ,
1520 2567 1650 2603 cum

0 2653 1 2672 ³
47 2633 221 2688 multo
241 2651 405 2708 quam
426 2649 548 2688 ante
582 2632 766 2688 durior
786 2650 1051 2707 premeret
1081 2632 1281 2710 egestas
1303 2675 1318 2695 ‚
1353 2650 1529 2710 neque
1557 2647 1651 2685 aut

47 2704 363 2770 hominibus
382 2713 517 2779 cibi,
548 2732 639 2771 aut
657 2716 808 2792 equis
829 2714 1022 2792 pabula
1052 2713 1414 2793 suppeterent.
1462 2714 1648 2782 Quare

49 2796 344 2874 pugnando
360 2800 500 2853 mori
517 2836 531 2857 ,
562 2817 724 2871 quam
741 2792 883 2854 fame
900 2800 1053 2853 atteri
1082 2797 1372 2875 optabilius
1391 2793 1648 2857 arbitrati,

51 2897 177 2933 cum
211 2880 434 2935 minime
467 2878 521 2935 id
549 2879 881 2946 crederetur,
917 2882 971 2935 in
1002 2878 1213 2940 hostem
1249 2876 1478 2957 profesti
1509 2874 1651 2936 sunt,

51 2956 320 3044 subitique
338 2965 582 3021 incautos
599 2957 912 3023 invaserunt.
955 2962 1195 3019 Romani
1212 3004 1229 3032 ‚
1246 2980 1303 3023 ut
1324 2982 1403 3018 res
1417 2977 1525 3018 tam
1544 2959 1650 3011 im·—

948 3041 1053 3099 Kk
1098 3064 1128 3102 Ζ
1481 3042 1672 3118 ΡΥΟΥᾸἾ
