1888 3428
184 132 609 201 GoTTmcffi
647 131 1043 191 H1sToR1AE
1082 134 1232 192 LIB.
1268 140 1381 197 1V.
1502 137 1627 221 475'

15 216 200 278 berina
219 220 452 276 maxime
470 258 490 287 ‚
511 216 840 275 incenderet.
879 217 958 270 At
976 216 1072 281 illi,
1094 220 1260 295 quiin
1281 223 1624 299 captivorum

14 298 179 377 effent
197 298 416 357 fortuna
435 341 453 369 ,
497 300 657 357 rebus
677 297 778 356 suis
797 296 1002 376 spoliati
1021 298 1312 366 omnibu3‚
1362 326 1429 360 ne
1450 310 1627 384 priva-

13 401 79 442 tae
99 384 319 460 quidem
341 385 415 439 rei
433 386 723 463 quicquam
740 421 758 448 ,
788 378 992 435 nedum
1013 379 1237 458 publicae
1253 422 1268 442 ,
1287 385 1507 442 traRare
1531 410 1627 465 po-

13 484 203 524 terant.
249 468 478 544 Alioqui
495 466 746 546 gentium
766 483 898 540 quas
918 482 1175 519 novimus
1190 465 1426 521 Romani
1449 473 1625 543 patriae

12 546 134 606 sunt
165 547 506 604 amantiffimi
528 589 544 611 ,
575 548 837 623 omnique
873 542 1051 602 studio
1074 566 1155 601 res
1185 545 1335 602 urbis
1378 569 1626 607 tutantur

13 649 177 709 atque
210 628 521 688 custodiunt
543 671 559 697 ‚
592 650 659 686 ne
676 626 807 707 quid
828 629 1019 685 veteris
1049 628 1232 708 gloriae
1252 629 1445 688 Romae
1465 631 1626 688 dece-

12 714 121 770 dat.
164 714 314 774 Nam
344 733 468 770 cum
506 729 661 769 tanto
681 729 930 787 tempore
961 709 1056 767 sub
1084 709 1442 769 Barbarorum
1463 734 1627 791 pote-

11 794 141 853 state
159 792 360 853 fuerint
380 836 397 862 ‚
431 791 643 874 publica
677 790 898 849 aedificia
921 792 1276 871 praestiterunt
1293 799 1627 875 incorrupta.

9 879 191 941 Etiam
230 895 352 956 quae
386 877 604 934 ornatui
635 873 756 934 sunt
791 877 1040 955 pleraque
1064 897 1249 933 contra
1285 896 1370 934 tot
1403 877 1628 936 saeculo-

11 981 134 1017 rum
151 962 401 1036 injuriam
418 965 473 1016 &
490 953 895 1016 dominantium
915 960 1303 1039 negligentiam
1321 1004 1336 1024 ,
1367 964 1628 1040 ingenio-

11 1063 133 1100 rum
168 1043 466 1100 reverentia
497 1040 739 1112 servavit.
783 1044 974 1099 Primae
998 1048 1129 1120 quin
1159 1047 1212 1101 δι
1241 1046 1470 1122 originis
1498 1065 1627 1100 mo-

10 1141 275 1182 numenta
292 1124 486 1181 durant
505 1165 522 1191 ‚
549 1128 605 1181 in
629 1123 830 1203 quibus
844 1128 1025 1182 AEneae
1045 1127 1225 1192 navi3‚
1260 1147 1424 1202 quem
1445 1130 1626 1207 gentis
1700 1138 1738 1153 ”““

8 1204 111 1265 suae
130 1206 472 1264 conditorem
488 1209 731 1265 Romani
748 1224 945 1264 vocant
968 1246 985 1274 ‚
1025 1208 1078 1262 in
1101 1206 1243 1263 hunc
1262 1210 1405 1265 diem
1427 1230 1540 1265 non
1562 1208 1628 1266 si-

11 1310 80 1346 ne
97 1289 456 1346 admiratione
486 1288 834 1368 conspicitur.
877 1289 1064 1344 Media
1082 1292 1227 1346 enim
1248 1288 1380 1346 urbe
1399 1287 1546 1347 facto
1567 1295 1627 1348 in

9 1374 125 1450 ripa
142 1371 361 1428 Tiberis
395 1373 564 1428 navali
584 1373 900 1445 collocatam
935 1371 1002 1427 ab
1033 1370 1311 1429 immensae
1339 1375 1630 1451 antiquita-

9 1455 80 1511 tis
99 1474 269 1533 usque
289 1453 627 1533 temporibus
645 1455 979 1511 incolumem
997 1453 1312 1512 ostendunt.
1355 1474 1474 1534 quae
1495 1476 1627 1535 qua-

9 1537 74 1594 lis
92 1534 190 1604 fit,
225 1535 336 1595 visu
368 1535 481 1614 ipso
501 1537 727 1594 edoctus
758 1536 1059 1615 expediam.
1104 1557 1217 1594 uno
1237 1535 1312 1594 est
1339 1559 1624 1596 remorum

10 1618 225 1684 ordine,
241 1618 504 1698 oblonga.
549 1640 671 1675 nam
695 1619 856 1697 pedes
875 1622 930 1675 in
950 1619 1301 1699 longitudine
1319 1618 1482 1677 habet
1500 1642 1627 1678 cen-

9 1717 128 1758 tum
151 1707 206 1756 δε
234 1703 464 1780 viginti,
501 1719 646 1779 patet
672 1704 728 1758 in
747 1703 992 1780 quinque
1021 1708 1074 1758 &
1102 1704 1330 1781 viginti,
1366 1705 1422 1759 in
1452 1704 1622 1761 altum

11 1783 186 1841 erecta
203 1802 468 1860 quantum
488 1785 701 1864 remigii
723 1786 857 1840 ratio
893 1786 1109 1862 patitur.
1153 1786 1353 1864 Neque
1379 1806 1508 1842 vero
1529 1805 1624 1844 aut

10 1867 222 1944 'glutine
241 1882 333 1922 aut
370 1863 496 1923 ferri
529 1887 634 1945 ope
669 1863 940 1923 cohaerent
973 1866 1117 1945 ligna
1138 1908 1153 1934 ‚
1177 1864 1277 1924 sed
1310 1867 1625 1928 uniusmodi

9 1947 133 2004 sunt
151 1951 338 2004 omnia
363 1989 378 2011 ‚
414 1947 750 2028 supra-quam
772 1946 935 2005 fando
957 1952 1183 2027 exprimi
1203 1967 1293 2006 aut
1311 1953 1512 2030 percipi
1531 1974 1623 2023 au-

9 2029 211 2089 diendo
232 2029 392 2108 poffit
416 2073 433 2100 ‚
465 2035 639 2110 qualia
671 2029 933 2110 nusquam
954 2032 1081 2088 alibi
1100 2050 1245 2089 extra
1265 2032 1400 2091 hanc
1426 2054 1623 2092 navem

10 2111 116 2169 visa
132 2110 251 2170 sunt
273 2132 538 2191 quantum
571 2113 732 2171 nobis
767 2113 1023 2171 noscitur.
1073 2113 1186 2192 Ipsa
1214 2115 1366 2172 alvus
1399 2114 1622 2195 simplex

11 2192 39 2253 ὲ
57 2198 226 2274 puppi
248 2197 311 2253 ad
331 2217 545 2275 proram
569 2198 829 2276 pertingit
848 2238 865 2264 ,
901 2200 1153 2276 paulatim
1174 2239 1190 2265 ,
1209 2198 1372 2277 ‘quod
1392 2203 1623 2267 mirem,

11 2282 249 2357 primum
268 2282 323 2335 in
344 2297 680 2336 curvaturam
701 2276 966 2357 assurgens
988 2320 1002 2341 ‚
1034 2281 1226 2339 deinde
1244 2282 1444 2339 rectam
1467 2280 1516 2339 se
1538 2302 1623 2339 at-

10 2362 206 2418 tollens
240 2381 402 2439 prout
431 2361 552 2420 usus
570 2365 749 2442 exigit.
799 2360 983 2420 Costae
1014 2383 1143 2420 vero
1178 2362 1344 2423 craffae
1366 2367 1620 2442 injunffitae

13 2443 168 2500 alveo
203 2440 231 2499 ὲ
269 2444 433 2501 latere
465 2448 615 2504 navis
643 2445 706 2503 ad
740 2447 875 2502 latus
901 2448 1126 2504 alterum
1157 2450 1499 2524 perveniunt.
1539 2447 1622 2506 hae

7 2519 281 2605 >quoquea
311 2524 518 2585 summa
549 2545 696 2608 parte
718 2545 939 2605 utraque
962 2528 1155 2586 leniter
1173 2527 1502 2587 subsidentes
1520 2527 1622 2587 fle·-

13 2628 85 2664 xu
103 2607 326 2687 pulchro
354 2608 404 2665 se
436 2630 560 2668 cum
595 2615 647 2667 in
672 2610 899 2668 modum
919 2610 1218 2670 demittunt
1240 2653 1255 2673 ,
1293 2630 1353 2670 ut
1366 2633 1499 2669 cavo
1523 2634 1622 2669 na-

15 2691 95 2746 vis
124 2689 212 2746 sua
241 2686 449 2749 constet
478 2689 690 2760 forma,
725 2691 829 2751 five
859 2690 965 2770 ipsa
995 2714 1184 2752 natura
1203 2694 1268 2751 ad
1300 2694 1622 2753 necessitatis

14 2769 315 2829 dimensum
349 2776 495 2853 ligna
516 2780 571 2832 in
601 2793 939 2833 curvaturam
959 2776 1172 2856 abrupit
1201 2819 1218 2846 ‚
1255 2775 1360 2836 five
1380 2798 1543 2834 manu
1564 2782 1622 2834 &

13 2851 379 2913 instrumentis
413 2855 761 2915 statuminum
799 2857 1089 2937 obliquitas
1123 2863 1196 2917 ita
1230 2877 1290 2917 ut
1328 2857 1620 2937 oportebat

14 2932 188 2996 efficta
219 2936 311 2998 est.
354 2941 506 2998 Tum
538 2962 664 3002 vero
702 2940 1005 3019 tabulatum
1046 2962 1270 3023 quoque
1301 2939 1328 2998 ὲ
1345 2961 1527 3021 puppe
1550 2939 1623 2996 ad.

1399 3040 1616 3101 proram
