1888 3428
68 220 74 229 ¹
229 149 683 212 CoTTi—IICAE
723 146 1115 209 'Hm-roam
1156 146 1461 212 L113.1'11.
1561 159 1667 233 355·

64 238 195 297 Hoc
213 239 374 294 etiarn
397 237 655 295 indicium
671 234 801 292 Besa
818 240 870 291 &
893 235 1103 290 Conon
1123 276 1140 301 ,
1182 252 1328 292 tanta
1349 256 1459 294 erat
1477 234 1680 318 supini-

61 338 140 378 tas
161 361 177 382 ‚
213 321 278 377 ad
297 323 538 376 animum
557 340 669 377 non
686 325 904 375 vertere.
947 317 1315 396 Tertiumque
1332 318 1488 375 Isauri
1505 362 1520 387 ‚
1540 342 1678 378 con-2

57 413 285 461 'ventum
308 402 590 469 Totilam5
627 419 825 458 utrem
847 397 1119 464 conficiat,
1140 399 1458 457 admonent.
1502 403 1572 458 Et
1591 405 1677 460 ille
1712 440 1715 441 ν

57 497 185 543 'cum
204 483 517 542 ii‘s‘suorum
539 484 915 541 denuo‘rnittit
947 483 1158 562 aliquos
1178 521 1196 546 ,
1233 487 1286 537 1&
1315 488 1370 539 in
1403 483 1483 539 his
1502 505 1680 562 quen-

56 568 184 625 dam
214 568 471 647 sanguine
507 566 604 624 fibi
621 568 1017 645 propinquum.
1053 568 1147 645 qui
1183 566 1377 622 cunRa
1394 563 1534 621 bene
1556 586 1681 643 per-

54 652 233 729 spesta
264 668 600 729 reportantes
628 646 1036 705 hortatussuos
1066 647 1332 705 addidere.
1358 725 1360 727 ‚
1390 650 1546 705 Tum
1583 649 1682 705 de-

53 745 214 790 mum
234 734 450 789 Totilas
484 733 646 789 noete
665 749 830 808 caepta
848 748 1114 787 armatum
1142 728 1351 787 filentio
1380 735 1680 789 exercitum

53 807 225 894 prope
260 831 471 894 portam
505 815 664 872 duxit¹
693 811 1027 880 Asinariam,
1064 818 1119 871 &
1153 812 1517 871 Gotthorum'
1543 835 1680 892 qua-

52 915 218 966 tuor,
262 900 424 953 animi
454 902 652 954 virtute
686 899 1041 975 corporisque
1062 894 1260 953 robore
1282 900 1551 963 eximios,
1588 916 1680 973 per

49 976 210 1036 funes
228 982 282 1036 in
305 981 492 1036 maenia
510 983 643 1035 eniti
674 977 832 1055 jubet
855 977 1043 1036 Isauris
1078 979 1469 1036 comitantibus
1487 1021 1502 1045 ‚
1548 983 1601 1035 in
1624 977 1681 1036 id

49 1066 265 1139 te'mpus
303 1062 482 1118 nostis
515 1083 628 1141 quo
667 1060 923 1140 vigilandi
959 1066 1101 1119 vices
1135 1061 1198 1118 ad
1225 1059 1431 1118 Isauros
1460 1059 1678 1119 reversae

47 1148 251 1201 caeteris
284 1148 540 1201 maenium
574 1142 890 1201 custodibus
920 1142 1175 1201 somnum
1207 1143 1554 1202 indulserann.
1597 1146 1677 1199 Hi

48 1225 145 1283 ubi
163 1225 321 1305 super
342 1230 530 1284 r'naenia
553 1225 741 1283 stetere
776 1269 793 1294 ,
844 1229 1114 1283 continuo
1135 1227 1199 1283 ad
1221 1248 1432 1305 portam
1467 1224 1679 1284 cursant

46 1307 349 1366 Asinariam
368 1352 382 1373 ‚
423 1308 747 1386 prohibente
768 1310 983 1365 nemine
1002 1349 1018 1376 ‚
1045 1311 1366 1388 veotemque
1384 1309 1551 1367 securi
1567 1306 1678 1366 dife-

45 1388 329 1471 fringunt,
366 1411 480 1469 quo
500 1390 698 1448 inserto
712 1394 922 1471 jugari,
964 1388 1502 1471 ferreasqueinsuper
1517 1412 1678 1449 com-

47 1474 360 1531 miflurasin
392 1494 524 1552 quas
541 1471 788 1531 immistis
815 1473 1054 1531 clavibus
1076 1478 1265 1553 aperiri
1294 1481 1348 1532 δε
1366 1477 1569 1543 claudi,
1613 1493 1675 1531 ut

50 1554 174 1613 usus
191 1554 338 1613 fafto
357 1573 465 1613 erat
483 1597 500 1623 ,
548 1574 716 1635 portae
747 1577 840 1634 per
867 1556 1113 1615 custodes
1132 1557 1394 1615 solebants
1437 1562 1513 1615 ita
1527 1556 1675 1614 fafto

46 1639 198 1696 aditu
220 1679 235 1700 ‚
270 1641 421 1695 nullo
439 1659 562 1695 cum
585 1642 826 1717 pericu—lo
843 1640 1090 1696 Totilam
1112 1639 1243 1696 urbe
1277 1643 1548 1719 accipiunt
1568 1681 1583 1705 ‚
1614 1661 1677 1695 e-
1724 1708 1727 1712 ⁴

39 1724 238 1800 jusque
273 1723 590 1777 exercitum.
626 1741 793 1799 quem
814 1721 986 1777 statim
1020 1724 1074 1777 in
1096 1743 1267 1778 unum
1301 1727 1483 1802 coegit
1502 1725 1677 1779 Toti-

46 1806 120 1861 las
141 1843 155 1869 ,
187 1801 358 1883 spargi
395 1821 609 1869 vetans,
646 1822 798 1860 metu
835 1824 902 1859 ne
931 1804 1064 1882 quid
1098 1803 1409 1863 insidiarum
1432 1807 1498 1862 ab
1518 1804 1675 1862 hoste

47 1884 356 1950 strueretur.
415 1888 496 1941 At
530 1906 657 1944 vero
694 1906 786 1964 per
822 1885 1012 1943 urbem
1055 1888 1258 1944 clamor
1295 1886 1673 1966 tumultusque

46 1988 148 2046 pro
165 1985 272 2023 tam
288 1970 501 2047 inopini
519 1965 664 2025 casus
685 1967 1056 2049 magnitudine
1079 1975 1349 2028 exoritur:
1383 1974 1668 2048 territique
1742 1966 1745 1968 ¹

47 2052 418 2129 pars'maxima
439 2052 673 2108 militum
696 2058 750 2108 δε
778 2051 940 2108 duces
960 2073 1052 2131 per
1082 2051 1313 2111 aversam
1340 2072 1556 2132 portam
1578 2052 1671 2111 fu-

45 2135 237 2212 giunt,
284 2154 398 2211 quo
420 2155 698 2212 quemque
731 2130 964 2212 perferre
997 2135 1161 2213 pedes
1188 2153 1463 2214 poterant.
1508 2139 1670 2194 Pauci

46 2230 170 2271 'curn
207 2219 482 2273 nonnullis
512 2217 848 2273 urbanorum
886 2219 942 2273 in
962 2216 1127 2274 sacras
1163 2219 1299 2277 aedes
1325 2217 1586 2297 supplices
1618 2218 1673 2276 se

43 2300 334 2375 recipiunt.
377 2302 732 2356 Patriciorum
754 2301 956 2355 Decius
976 2306 1029 2356 δε
1048 2299 1264 2358 Basilius
1283 2345 1296 2366 ,
1321 2303 1473 2380 quod
1492 2324 1669 2381 equos

44 2378 337 2448 haberent,
370 2379 556 2437 Besam
578 2385 821 2438 comitati
842 2380 960 2439 sunt
979 2389 1032 2440 &
1067 2382 1239 2461 ipsum
1269 2406 1415 2461 equo
1445 2383 1671 2465 fugien-

43 2473 174 2519 tem.
219 2464 489 2529 Maxim0‚
508 2465 742 2544 Olybrio
758 2504 772 2526 ,
794 2463 996 2523 Orestae
1015 2508 1030 2533 ‚
1051 2468 1440 2546 nonnullisque
1460 2469 1573 2524 aliis
1591 2489 1667 2525 ae-

42 2544 137 2601 des
153 2548 316 2602 Petro
337 2548 610 2626 Apostolo
633 2548 800 2604 dicata
819 2544 1145 2627 confugium
1171 2546 1296 2606 fuit.
1341 2550 1521 2607 Plebis
1538 2550 1668 2607 Ro·-

42 2647 213 2686 manae
248 2632 532 2709 quingenti
550 2627 719 2686 ferme
751 2629 1078 2709 supererant.
1117 2632 1171 2688 hi
1193 2654 1417 2711 quoque
1439 2655 1575 2714 aegre
1601 2633 1668 2691 acl

9 2764 12 2769 ,
42 2708 164 2766 loca
182 2708 316 2767 sacra
347 2715 581 2791 recipere
615 2711 664 2769 se
700 2715 999 2770 valuerunt.
1040 2718 1211 2771 caeteri
1238 2717 1447 2793 pridem
1468 2719 1668 2792 partim

40 2793 103 2848 in
126 2795 246 2850 alias
263 2792 503 2851 abierant
522 2814 688 2852 terras
705 2837 722 2863 ‚
759 2799 953 2874 partim
984 2797 1158 2855 inedia
1180 2798 1529 2855 extabuerant
1547 2832 1563 2864 ‚÷
1604 2818 1667 2853 u:

46 2891 172 2930 ante
190 2881 512 2934 memoravi.·
544 2879 747 2936 Eadem
767 2879 929 2935 noete
950 2880 1107 2936 multi
1127 2881 1192 2937 ad
1222 2878 1472 2938 Totilam
1503 2899 1668 2936 vene-

46 2974 107 3040 15?
125 2962 332 3041 nuntii,
355 2956 541 3041 fugere
558 2961 745 3023 Besam
766 2969 816 3023 δε
836 2982 963 3020 cum
986 2983 1054 3018 eo
1077 2961 1316 3022 hostium
1337 2966 1559 3022 multos.
1580 2961 1689 3018 ille.

596 3046 599 3047 ⁷
940 3048 984 3103 Z
1030 3064 1059 3099 2..
1544 3062 1660 3099 rem
