1888 3428
218 153 650 216 GoTTHmAE
689 153 786 212 H1
807 173 1098 213 sTotuffi
1137 159 1418 221 Lualv.
1512 165 1636 242 '459

12 241 140 299 Lazi
175 239 232 297 in
266 241 695 319 rupibus“vitam
722 238 989 320 agebant,
1028 239 1179 296 nullo
1213 244 1434 320 quidem
1468 243 1638 306 hostis

13 341 168 380 metu
190 364 206 390 ‚
238 320 363 381 cum
382 323 704 381 bellantibus
730 327 863 401 juga
887 318 983 377 ista
1017 342 1111 399 per
1130 320 1382 400 hyemem
1404 333 1638 389 maxime
1714 357 1715 361 ¹

12 403 199 462 infesta
219 403 322 463 sint
351 421 513 484 atque
533 407 676 463 invia
694 446 711 472 ‚
747 401 834 462 sed
852 401 996 460 fame
1015 443 1029 465 ,
1047 401 1251 484 frigore
1271 447 1286 472 ,
1317 408 1637 468 incommo-

12 486 205 566 disque
226 492 390 544 tantis
412 532 425 552 ‚
465 506 524 545 ut
539 492 701 545 etiarn
737 490 857 545 vitae
876 487 1113 545 taederet.
1158 491 1236 543 At
1271 487 1636 561 Mermeroes,

11 569 337 648 prohibente
359 573 573 627 nemine
595 611 609 632 ,
647 569 848 626 dornos
868 572 1062 627 multas
1079 568 1374 628 aedificabat
1396 594 1486 650 per
1505 573 1642 631 Mu-

12 650 254 710 cherifim
275 694 292 720 ‚
326 650 732 730 instruebatque
767 673 947 709 rerum
969 650 1075 709 fine
1092 652 1295 731 quibus
1318 658 1424 711 vivi
1445 660 1638 735 nequit

12 736 198 813 copia:
240 754 492 813 praeterea
512 757 574 793 ex
592 738 655 792 iis
674 772 690 797 ,
726 737 821 813 qui
839 735 903 792 ad
922 733 970 793 se
990 732 1391 814 transfugerant
1410 782 1422 801 ‚
1449 742 1634 795 mitte⁴

12 815 106 874 bat
123 819 336 896 aliquos
355 818 419 875 ad
438 821 711 874 montium
734 821 955 875 vertices
980 856 996 884 ,
1031 822 1123 898 qui
1155 816 1260 875 fide
1291 818 1412 877 data
1434 822 1639 878 multos

12 897 268 978 adipsum
288 897 701 979 pertrahebant:
740 921 880 979 quos
914 902 1000 957 ille
1019 901 1214 959 deinde
1250 920 1308 959 ut
1340 900 1464 960 suos
1485 925 1641 961 curae

12 980 108 1038 bat
128 1022 143 1043 ‚
180 981 470 1038 neceffariis
499 1003 594 1039 eos
627 1003 786 1062 egere
820 1005 933 1062 non
971 981 1177 1043 finens:
1232 1004 1528 1065 caeteraque
1570 1008 1638 1043 o-

12 1065 162 1144 mnia
189 1062 286 1120 suo
324 1064 520 1146 agebat
551 1064 812 1122 arbitratu
833 1108 851 1133 ‚
892 1068 1093 1146 quippe
1127 1088 1357 1145 compos
1401 1072 1641 1147 regionis

12 1149 205 1205 totius,
250 1144 401 1204 fimul
419 1148 483 1204 ad
500 1148 788 1206 Gubazem
810 1147 903 1204 has
939 1146 1116 1206 scribit
1147 1151 1340 1206 literas,
1386 1153 1521 1208 Duo
1557 1155 1642 1209 vi-³

10 1246 122 1286 tam
142 1248 342 1309 regunt
364 1228 657 1287 hominum
679 1272 694 1299 ,
714 1235 792 1288 vis
814 1236 867 1287 ὃς
890 1231 1187 1309 prudentia.
1236 1234 1378 1288 Nam
1400 1237 1495 1311 qui
1516 1238 1640 1311 opi-

13 1309 120 1368 bus
139 1313 259 1390 plus
281 1315 453 1369 valent
469 1354 487 1380 ,
525 1312 580 1369 hi
611 1312 776 1391 &ipsi
797 1334 895 1391 pro
913 1313 1155 1370 lubidine
1177 1333 1345 1393 agunt
1362 1358 1377 1380 ,
1415 1321 1469 1371 &
1489 1314 1641 1374 infir-

14 1397 216 1451 miores
236 1396 364 1451 alios
381 1436 396 1462 ‚
415 1416 529 1474 quo
551 1393 646 1451 fibi
667 1393 836 1452 visum
858 1394 930 1451 est
947 1437 960 1460 ‚
983 1396 1267 1453 ductitant.
1317 1415 1368 1453 at
1384 1419 1526 1477 quos
1545 1397 1640 1457 sua'

12 1476 284 1534 calamitas
303 1479 358 1533 in
376 1477 653 1536 servitium
672 1477 820 1535 dedit
838 1477 1241 1556 potentioribus
1261 1520 1277 1544 ,
1301 1481 1495 1537 malam
1518 1477 1641 1539 for-

13 1574 205 1615 tunam
224 1562 447 1640 ingenio
471 1579 530 1617 ut
553 1558 890 1618 medicentur
909 1602 925 1627 ,
964 1561 1194 1619 blandiri
1229 1560 1437 1619 discunt
1457 1563 1642 1621 domi-

11 1641 269 1699 nantibus
292 1682 308 1709 ,
339 1664 397 1699 ac
428 1641 496 1701 fic
514 1663 595 1699 res
613 1640 726 1699 suas
745 1643 952 1700 servant
973 1683 987 1704 ‚
1023 1647 1361 1723 gratiamque
1394 1647 1639 1705 ineundo

12 1723 200 1782 eadem
222 1741 538 1803 recuperant
553 1728 739 1781 omnia
758 1767 775 1792 ‚
807 1745 924 1804 quae
944 1746 1037 1802 per
1053 1723 1479 1790 imbecillitatem
1497 1732 1637 1786 ami-

13 1801 207 1864 serant.
250 1807 383 1864 Haec
402 1810 522 1864 talia
538 1807 660 1865 sunt
675 1849 691 1875 ‚
721 1826 779 1863 ut
805 1828 918 1863 non
940 1806 1082 1886 apud
1101 1826 1295 1887 gentes
1315 1812 1515 1889 aliquas
1532 1811 1641 1868 obm

12 1890 221 1947 tineant
238 1930 254 1956 ‚
289 1888 412 1946 alibi
432 1890 581 1947 aliter
598 1891 647 1947 se
669 1910 747 1946 res
767 1888 959 1947 habeat
981 1931 998 1958 ‚
1023 1887 1110 1948 sed
1128 1893 1357 1949 cunc'tos
1376 1895 1516 1972 apud
1530 1892 1639 1950 ho-

15 1975 188 2029 mines
205 1992 353 2051 aeque
374 1973 598 2030 valeant.
643 1976 781 2030 Sunt
802 1976 950 2029 enim
971 1971 1080 2029 haec
1096 2013 1114 2040 ‚
1151 1971 1187 2029 fi
1211 1978 1500 2054 quicquam
1516 2017 1532 2042 ‚
1565 1998 1636 2032 0-

16 2051 228 2111 mnium
264 2073 523 2113 terrarum
547 2055 867 2112 mortalibus
891 2077 981 2134 per
1021 2074 1268 2113 naturam
1306 2060 1638 2138 ingenerata*

15 2130 110 2193 Tu
131 2156 276 2194 nunc
295 2159 457 2219 erg0‚
490 2143 565 2195 mi
600 2138 831 2195 Gubaze
851 2179 867 2204 ‚
898 2136 934 2195 fi
965 2136 1195 2196 confidis
1227 2158 1280 2196 te
1315 2140 1462 2197 bello
1486 2141 1639 2220 supra

15 2217 194 2292 Persas
212 2216 363 2287 fore,
398 2242 465 2277 ne
502 2218 686 2286 differ3
720 2219 850 2277 nihil
870 2240 921 2277 te
954 2240 1213 2279 moretur.
1260 2226 1504 2281 invenies
1535 2247 1638 2282 nos

17 2321 121 2379 qua
136 2321 279 2381 parte
298 2306 498 2361 Lazicae
519 2305 755 2360 volueris
775 2322 987 2382 paratos
1007 2306 1249 2383 excipere
1267 2309 1559 2386 impetum,
1580 2315 1638 2366 &

16 2402 115 2462 pro
131 2402 279 2441 terrae
300 2383 456 2461 hujus
474 2384 791 2465 poss'effione
809 2389 941 2443 totis
961 2384 1164 2444 viribus
1182 2405 1404 2447 certare.
1424 2391 1638 2449 virtutis

17 2485 112 2543 per
134 2488 278 2525 arma
297 2467 724 2527 demonstrandae
756 2472 949 2551 ingens
982 2467 1032 2526 se
1068 2468 1166 2527 tibi
1203 2475 1371 2550 aperit
1397 2477 1635 2531 materia.

20 2549 111 2605 Sin
129 2551 388 2628 imparem
409 2568 463 2608 te
498 2550 771 2609 Persarum
806 2551 1009 2609 viribus
1041 2550 1220 2610 obniti
1250 2561 1301 2612 Sc
1322 2553 1430 2633 ipse
1448 2555 1638 2619 sentis,

20 2634 140 2687 veni
160 2633 223 2689 ad
243 2633 296 2689 id
314 2634 464 2712 quod
482 2633 775 2691 secundum
810 2632 919 2698 est,
957 2640 1010 2692 δε
1040 2653 1212 2692 temet
1245 2636 1424 2694 nosce.
1469 2659 1638 2696 vene-—

20 2731 133 2769 rare
153 2713 479 2783 Chosroem,
500 2737 682 2797 regem
708 2714 937 2796 semper,
958 2738 1103 2775 nunc
1122 2724 1176 2775 &
1193 2720 1458 2778 victorem
1476 2738 1634 2779 tuum

19 2810 274 2875 terraeque
288 2799 597 2856 dominum.
646 2820 855 2878 precare
892 2821 1008 2879 quae
1042 2801 1158 2856 affa
1174 2799 1296 2859 sunt
1316 2802 1630 2869 condonet,

20 2892 83 2932 ut
101 2881 154 2933 in
173 2878 445 2956 posterum
479 2884 738 2938 immunis
774 2903 896 2962 agas
930 2883 1199 2941 malorum
1240 2907 1357 2963 quae
1396 2903 1449 2941 te
1488 2905 1631 2941 nunc

20 2958 413 3040 circumsident.
456 2965 579 3048 Ego
602 2962 907 3026 Chosroem
933 2963 1028 3023 tibi
1048 2969 1350 3049 propitium
1369 2963 1631 3045 spondeo,

1534 3068 1646 3113 DCC>
