1888 3428
62 248 65 249 ⁷
226 164 637 232 H1s’roR1AE
677 172 1155 232 VANDALICAE
1199 170 1453 232 L1B.11.·
1533 191 1646 248 119

31 248 199 317 stcuti
231 254 429 324 milites
463 276 660 337 magna
692 255 746 314 vi
762 255 896 312 alius
913 253 1227 330 adjuvantes
1246 256 1406 312 alium
1429 254 1648 314 scande-

32 356 160 398 runt
178 379 194 401 ‚
223 335 574 418 mulieresque
592 342 648 396 &
669 337 877 395 Gazam
895 339 1174 415 ingentem
1196 333 1528 395 abstulerunt
1556 378 1573 403 ,
1618 336 1647 395 ἐ

3 429 5 431 ’
33 420 186 496 cujus
201 423 425 499 pecunia
445 422 674 478 Solomo
695 420 878 477 multis
909 415 1094 497 postea
1109 440 1203 498 per
1221 416 1462 476 Africam
1485 423 1644 496 oppi-

31 503 114 560 dis
134 506 322 559 maenia
341 500 589 560 restituit.
631 503 780 560 Idem
797 501 1007 558 Mauris
1024 501 1304 566 Numidia,
1329 519 1389 558 ut
1406 504 1646 559 narravi-

31 605 152 642 mus
173 625 190 652 ,
217 586 399 661 ejeffis
433 584 615 643 Zaben
635 586 915 664 regionem
936 585 1069 640 ultra
1088 601 1337 640 montem
1357 581 1648 640 Aurafium

30 665 200 734 fitam,
223 670 309 723 cui
328 685 486 746 caput
505 667 1014 745 SitiphiS,Romanis
1036 667 1354 746 veffigalem
1374 662 1518 722 fecit.
1555 663 1647 720 Est

25 747 190 806 -altera
206 750 539 807 Mauritaniae
559 770 694 828 pars,
720 753 805 806 cui
825 766 982 827 caput
1005 746 1242 805 Caesarea
1265 747 1431 806 :hanc
1450 766 1649 806 terram

33 853 156 889 cum
187 831 393 889 Mauris
431 850 622 888 tenens
655 830 908 889 Mastinas
946 829 1035 888 sua
1066 829 1162 888 sub
1198 829 1401 888 tributa
1420 850 1648 888 omnem

33 908 305 994 redegerat
325 958 339 978 ,
372 913 554 972 demta
592 920 803 972 tantum
822 910 1091 981 Caesarea',
1126 934 1290 993 quam
1311 912 1518 992 pridem
1543 954 1560 980 ,
1590 916 1652 968 ut

32 1014 155 1053 ante
173 998 328 1054 retuli
350 1037 366 1063 ‚
388 999 652 1059 Romanae
670 1001 744 1054 rei
765 995 1062 1053 reddiderat
1077 994 1375 1054 Belisarius.
1418 1017 1535 1053 eam
1556 1015 1652 1050 na·

34 1077 190 1137 vibus
209 1079 405 1136 adeunt
421 1079 665 1136 Romani
695 1124 708 1146 ,
744 1076 975 1136 terrestri
995 1081 1185 1136 itinere
1208 1100 1299 1158 per
1318 1078 1546 1135 Mauros
1564 1080 1652 1133 in-

31 1177 293 1238 tercepto·
335 1162 415 1217 Ex
453 1183 520 1218 eo
553 1181 672 1241 quae
705 1163 975 1218 Romanis
1007 1180 1156 1239 paret
1192 1158 1377 1217 Africa
1406 1162 1574 1217 multa
1593 1163 1651 1215 in

33 1263 182 1321 pace,
206 1243 327 1299 belli
351 1241 527 1299 secura
547 1243 803 1302 vivebat:
840 1242 957 1299 satis
977 1246 1138 1301 etiam
1164 1241 1259 1300 suo
1275 1242 1480 1318 judicio
1499 1239 1651 1304 felix,

33 1324 167 1381 dum
186 1321 393 1403 praefuit
413 1325 642 1382 Solomo
660 1366 675 1392 ‚
696 1325 928 1382 dubium
947 1324 1243 1383 modestior
1262 1346 1328 1381 an
1346 1323 1652 1404 sapientior.

35 1408 255 1474 Quarto
274 1427 420 1464 anno
443 1410 671 1465 mutavit
689 1406 908 1465 fortuna
929 1448 945 1473 ‚
977 1424 1356 1486 quantumque
1374 1407 1508 1462 boni
1527 1402 1652 1461 fue-

32 1508 115 1547 rat
135 1529 149 1551 ‚
179 1505 390 1546 tantum
422 1490 548 1547 mali
568 1508 845 1570 acceptum
868 1488 958 1545 est.
1002 1490 1129 1545 Erat
1146 1493 1189 1546 is
1211 1485 1655 1568 regnantislusti-

34 1574 181 1630 niani
203 1572 447 1628 decimus
467 1579 521 1627 &
542 1590 763 1650 quartus
783 1611 799 1638 ,
816 1592 928 1649 quo
945 1588 1197 1649 tempore
1216 1569 1408 1626 Bacchi
1445 1569 1655 1640 (Solo-

32 1655 216 1712 monis
236 1650 398 1710 frater
415 1657 568 1725 erat)
607 1651 751 1710 filios
768 1652 908 1710 duos
928 1651 1176 1731 regendis
1192 1647 1390 1708 Africae
1408 1649 1654 1730 partibus

32 1733 174 1794 misit
195 1741 511 1813 Imperator,
527 1735 816 1813 Pentapoli
838 1734 1046 1811 Cyrum
1063 1751 1194 1791 natu
1214 1738 1497 1809 majorem,
1521 1735 1655 1789 Tri-

33 1820 142 1897 poli
166 1820 429 1898 Sergium.
474 1819 642 1874 Tunc
661 1817 876 1884 Mauri,
894 1821 1105 1874 Levatae
1123 1818 1404 1895 appellati,
1436 1817 1656 1893 Leptim

35 1916 287 1980 magnam
308 1904 511 1979 (neque
531 1902 678 1957 enim
698 1902 862 1978 longe
883 1897 1119 1971 absunt)
1154 1920 1278 1956 cum
1300 1901 1534 1955 exercitu
1558 1918 1655 1955 ve-

36 2002 182 2048 nere,
203 1984 369 2061 palam
389 1982 627 2040 dicentes
646 1981 811 2039 adeffe
832 1979 879 2038 se
899 1998 958 2037 ut
979 1981 1125 2039 dona
1141 1998 1456 2060 expeterent
1470 2021 1487 2049 ,
1509 1981 1654 2058 pacis

35 2060 246 2123 servatae
277 2067 488 2142 praemia
521 2072 576 2122 &
598 2066 809 2121 vincula
827 2067 883 2120 in
906 2062 1199 2143 posterum.
1246 2066 1459 2142 Sergius
1476 2059 1655 2119 confi-

37 2145 120 2201 lio'
143 2146 392 2204 Pudentii
420 2149 750 2226 Tripolitani
771 2187 783 2207 ,
817 2167 980 2225 quem
1015 2149 1071 2203 in
1112 2144 1389 2203 Vandalos
1407 2143 1471 2201 ab
1493 2148 1654 2201 initio

39 2225 163 2302 belli
184 2228 418 2286 militaffe
448 2231 760 2307 Imperatori
790 2226 942 2308 supra
974 2232 1434 2293 memoravimus,
1461 2228 1657 2284 octua-

39 2312 189 2388 ginta
210 2312 378 2368 le6tos
399 2310 752 2368 barbarorum
789 2313 844 2367 in
866 2311 1054 2368 urbem
1076 2310 1285 2369 admisit
1316 2308 1585 2390 postulata
1603 2308 1653 2366 se

40 2392 389 2478 impleturum
423 2394 693 2472 pollicitus
711 2433 730 2459 ‚
762 2412 980 2451 caeteros
1005 2394 1205 2469 jubens
1236 2391 1558 2450 suburbanis
1595 2396 1653 2449 in

0 2528 6 2543 ,X
41 2473 173 2531 locis
191 2473 477 2533 subsistere.
522 2493 643 2533 tum
675 2495 805 2534 vero
827 2475 1043 2534 eosdem
1075 2478 1390 2554 oc‘ftuaginta
1409 2473 1515 2532 fide
1533 2474 1656 2532 data

42 2554 108 2613 ad
144 2557 323 2636 epulas
355 2559 516 2615 etiam
554 2576 727 2617 vocat.
774 2560 853 2614 At
868 2558 1104 2616 barbaris
1122 2564 1271 2634 ajunt
1292 2599 1307 2626 ‚
1337 2578 1462 2614 cum
1483 2560 1538 2614 in
1560 2577 1655 2613 ur·-

43 2636 172 2693 bem
207 2641 479 2706 venirent,
514 2638 854 2721 propositum
888 2639 1037 2698 fuiffe
1068 2641 1277 2698 infidias
1313 2639 1511 2697 struere
1531 2643 1655 2699 vitae

49 2721 237 2800 Sergii.
278 2726 338 2777 In
365 2722 706 2802 colloquium
722 2722 925 2781 admiffi
945 2742 1061 2781 tum
1079 2725 1175 2780 alia
1197 2724 1462 2780 criminari
1483 2742 1656 2801 caepe-

50 2819 126 2873 re,
143 2818 260 2858 tum
280 2805 428 2880 quod
444 2812 554 2883 agri
574 2803 651 2862 sui
671 2822 860 2862 contra
874 2811 956 2879 jus
976 2807 1356 2885 diriperentur.
1401 2823 1657 2876 contem-

48 2903 183 2939 nens
207 2905 265 2940 ea
284 2887 496 2965 Sergius
513 2884 735 2945 surrexit
765 2885 793 2943 ὲ
827 2888 1080 2945 tribunali
1103 2929 1118 2955 ‚
1146 2885 1419 2945 discessum
1439 2886 1621 2964 parans
1643 2903 1657 2937 ε

47 2961 138 3022 ‘sed
185 2963 478 3047 Chlamyde
520 2963 838 3050 apprehensa
882 2973 1104 3029 retinuit
1156 2990 1283 3026 eum
1333 2972 1661 3027 Maurorum

1009 3053 1068 3107 H
1111 3071 1149 3127 4
1220 3115 1223 3120 ,
1486 3061 1666 3106 unus:

1171 3165 1200 3189 K,
