1888 3428
284 153 418 211 DE
498 150 1308 213 R222G2T1c1s:
1503 160 1620 237 665

411 288 473 354 C
576 314 624 355 A
723 314 778 355 P.
924 310 1255 355 xxxv11.

135 445 208 493 De
223 433 276 490 iis
297 431 428 491 rebm
447 449 546 506 quae
562 432 617 486 in
647 428 850 506 ipsbrum
869 427 1101 485 bellorum
1138 429 1340 485 motibus
1364 433 1503 506 prius

257 511 412 591 qudm
441 516 660 590 praelium
691 515 818 568 inter
834 521 1074 567 Romanos
1095 512 1155 574 (ἐν
1188 521 1386 568 Hunnos

449 598 839 654 committeretur
854 595 1147 652 acciderunt.

16 734 176 864 SEd
207 751 498 814 antequam
518 753 708 813 pugnae
724 730 885 809 ipsius
903 731 1154 792 ordinem
1173 731 1466 792 referamus
1487 778 1503 801 ,
1531 758 1629 795 ne-

94 814 370 875 ceffarium
400 817 666 875 videretur
686 815 923 883 edicere,
962 838 1080 894 quae
1113 820 1167 872 in
1201 814 1322 896 ipfis
1353 816 1626 878 bellorum

13 895 260 957 motibus
289 899 557 964 accidere,
595 900 721 976 quia
755 895 887 954 ficut
919 895 1186 956 famosum
1226 902 1477 979 proelium
1499 943 1516 970 ,
1551 906 1626 960 ita

14 985 293 1060 multiplex
326 1001 483 1060 atque
503 981 839 1058 perplexum,
886 980 1222 1061 Sangibanus
1259 1004 1496 1062 namque
1529 1005 1625 1042 rex

12 1067 315 1122 Alanorum
337 1082 489 1121 metu
519 1060 833 1124 futurorum
865 1068 1169 1142 perterritus
1188 1106 1205 1131 ‚
1237 1067 1422 1124 Attila:
1445 1062 1626 1124 setra-

11 1147 137 1209 dere
157 1148 439 1223 pollicetur
456 1187 473 1213 ‚
509 1151 563 1204 &
583 1148 932 1204 Aurelianam
955 1149 1225 1204 civitatem
1258 1148 1450 1206 Galliae
1471 1190 1486 1214 ,
1526 1149 1625 1206 ubi

11 1247 143 1285 tunc
166 1227 519 1296 consistebat,
559 1230 616 1284 i'n
648 1233 760 1303 ejus
779 1235 900 1304 jura
921 1227 1278 1287 transducere.
1324 1231 1497 1298 Quod
1529 1231 1623 1290 ubi

9 1309 387 1371 Theodericus
422 1317 476 1367 &
514 1311 706 1366 Aetius
742 1331 1049 1389 agnovere,
1090 1317 1301 1390 magnis
1334 1312 1624 1391 aggeribus

11 1392 238 1450 eandem
263 1393 465 1449 urbem
500 1411 622 1448 ante
641 1392 933 1449 adventum
974 1395 1157 1452 Attilae
1182 1391 1497 1461 destruunt,
1533 1394 1623 1452 su·-

11 1474 365 1554 spe&umqt1e
387 1473 696 1531 custodiunt
714 1475 1081 1555 Sangibanum
1102 1517 1119 1543 ,
1153 1481 1206 1532 &
1225 1479 1366 1532 inter
1379 1474 1506 1533 suos
1525 1498 1623 1534 au-

10 1558 220 1614 xiliares
255 1557 497 1614 medium
537 1556 779 1613 statuunt
814 1578 938 1614 cum
975 1561 1188 1635 propria
1220 1577 1406 1637 gente.
1448 1563 1623 1637 Igitur

12 1640 182 1696 Attila
201 1660 290 1707 rex
309 1642 648 1696 Hunnorum
685 1642 773 1696 tali
811 1638 1081 1717 perculsus
1113 1658 1346 1706 eventu,
1375 1639 1622 1702 diffidens

10 1721 114 1779 suis
134 1724 304 1799 copiis
322 1763 338 1788 ,
365 1740 615 1780 metuens
632 1723 764 1777 inire
786 1719 1104 1777 conflicitum
1126 1761 1142 1786 ,
1163 1721 1412 1801 intusque
1431 1720 1621 1803 fugam

9 1800 318 1870 revolvem,
347 1801 459 1881 ipso
477 1800 668 1861 funere
687 1801 996 1872 tristiorem,
1014 1801 1196 1860 statuit
1215 1825 1308 1881 per
1325 1804 1622 1882 haruspices

8 1883 190 1942 futura
207 1889 497 1962 inquirere.
519 1888 631 1950 Qui
653 1906 804 1941 more
822 1882 980 1942 solito
998 1906 1143 1943 nunc
1162 1906 1422 1965 pecorum
1437 1886 1621 1956 fibra5‚

7 1988 154 2034 nunc
173 1966 422 2045 quasdam
445 1989 605 2025 venas
622 1970 676 2023 in
695 1966 884 2024 abrasis
903 1967 1108 2026 offibus
1125 1971 1401 2026 intuentes
1418 2014 1432 2035 ,
1451 1972 1620 2028 Hun-

10 2055 92 2107 nis
109 2048 334 2107 infausta
359 2050 701 2108 denuntiant.
744 2052 873 2106 Hoc
906 2070 1089 2109 tamen
1125 2054 1453 2130 quantulum
1487 2074 1621 2130 prae-

11 2133 190 2190 dixere
211 2130 415 2199 solatii,
443 2134 598 2210 quod
635 2132 874 2203 summus
893 2132 1133 2190 hostium
1155 2134 1351 2198 duCtor
1384 2135 1449 2192 de
1467 2153 1621 2214 parte

11 2212 221 2272 adversa
263 2215 654 2281 occumberet,
699 2215 990 2295 relictaque
1028 2218 1287 2283 vi<9coria‚
1320 2215 1410 2274 sua
1441 2236 1621 2275 morte

9 2295 346 2375 triumphum
377 2293 624 2354 foedaret.
672 2301 973 2377 Quumque
1005 2301 1176 2356 Attila
1212 2321 1401 2356 necem
1432 2303 1616 2367 Aetii,

10 2377 160 2460 quod
178 2385 292 2454 ejus
311 2378 556 2437 motibus
585 2378 838 2437 obviabat
859 2422 876 2448 ‚
914 2384 995 2437 vel
1030 2403 1155 2441 cum
1189 2379 1278 2438 sua
1310 2382 1619 2460 perditione

12 2462 228 2520 duceret
259 2462 618 2539 expetendam
639 2503 655 2528 ‚
689 2464 779 2519 tali
820 2464 1071 2543 praesagio
1106 2462 1362 2521 sollicitus
1383 2506 1399 2533 ‚
1432 2482 1492 2520 ut
1511 2483 1621 2525 erat

13 2543 359 2612 consiliorum
387 2547 442 2600 in
461 2545 619 2602 rebus
640 2544 843 2602 bellicis
880 2544 1175 2625 exquifitor
1191 2588 1207 2615 ‚
1227 2551 1377 2607 circa
1412 2567 1618 2610 nonam

0 2624 114 2683 ‘diei
132 2625 322 2682 horam
343 2630 594 2704 proelium
626 2625 723 2695 sub
745 2628 1103 2706 trepidatione
1133 2632 1462 2695 committit,
1498 2647 1559 2685 ut
1580 2627 1619 2686 fi

13 2727 128 2766 non
144 2706 288 2765 secus
306 2709 518 2767 cederet
537 2749 555 2776 ,
592 2732 702 2767 nox
721 2711 1012 2767 imminens
1030 2709 1334 2771 subveniret
1350 2752 1366 2779 ‚
1388 2731 1623 2788 conver-¹

15 2805 257 2871 teretque
276 2811 469 2871 parteS,
488 2810 548 2850 ut
566 2792 820 2863 diximuS‚
843 2795 898 2850 in
918 2814 1138 2875 campos
1160 2796 1560 2862 Catalaunicos,

745 3042 920 3122 Τις
1022 3056 1043 3071 ’·
1398 3037 1619 3103 CAR,
