1888 3428
227 160 1133 220 GOTTH-icAEHls’roMAE
1176 161 1323 216 [ΑΒ.
1361 163 1405 216 Ι.
1544 177 1654 235 215

43 240 250 320 pedites
267 241 389 302 sunt
407 284 424 312 ‚
441 265 541 301 nec
558 242 651 301 nifi
672 242 864 324 &gravi
882 259 1150 299 armatura
1178 242 1409 319 protecti
1443 242 1500 298 in
1522 261 1658 317 prae-

41 325 113 381 lia
131 328 377 383 veniunt:
395 327 481 383 Eo
501 325 618 385 fieri
640 337 698 383 ut
716 326 924 404 equites
943 322 1166 388 Gotthi‚
1186 344 1368 403 pugna
1384 323 1668 380 ardescen--·

43 424 96 464 te
118 449 136 475 ,
171 429 294 467 cum
315 410 526 467 nullum
563 426 749 466 contra
780 404 987 463 hostilia
1001 408 1105 463 tela
1123 423 1371 470 tutamen
1385 403 1620 461 habeant
1635 445 1660 472 ,

42 485 194 548 facile
229 492 577 566 vulnerentur
608 508 769 570 atque
801 491 1082 546 intereant.
1129 488 1337 566 pedites
1368 506 1549 544 autem
1571 507 1662 543 ex-

43 571 282 631 cursibus
318 576 376 631 in
407 577 648 653 equitem
679 577 911 650 impares
944 570 1086 629 haud
1123 570 1307 630 dubie.
1350 571 1455 626 His
1484 565 1658 628 fretus

43 657 368 730 conjecturis
411 654 684 713 Belisarius
729 652 873 733 spem
911 656 1148 713 vietoriae
1180 653 1246 711 de
1278 650 1508 710 Gotthis
1542 670 1658 708 non

40 738 258 794 inanem
281 735 655 816 praesumserat.
696 740 775 794 At
795 735 998 794 Gotthi
1019 735 1082 794 ad
1103 757 1164 794 ea
1181 757 1298 816 quae
1314 733 1435 815 ipsis
1453 734 1660 792 accide-

41 840 159 875 rant
199 821 471 898 stupentes
489 861 506 887 ‚
544 839 724 900 neque
756 817 877 898 post
909 819 962 877 id
998 839 1201 897 paucos
1234 816 1456 875 suorum
1477 815 1660 888 austin

41 905 584 969 moeniaimmittere‚
624 923 805 983 neque
836 903 1125 972 Romanos
1147 919 1492 980 erumpentes
1525 897 1664 957 inse-

40 988 160 1062 qui,
205 988 339 1042 vallo
360 1006 456 1042 eos
488 989 736 1042 contenti
773 1005 968 1042 arcere.
1011 983 1137 1043 Post
1152 984 1266 1042 haec
1280 984 1522 1042 Romani
1541 980 1661 1040 suc-

38 1066 264 1122 cestibus
283 1070 405 1124 elati
426 1067 775 1126 vehementer
805 1085 1056 1146 expetere
1078 1085 1349 1147 caeperunt
1369 1070 1500 1124 totis
1534 1069 1666 1124 viri-

38 1146 142 1204 bus
161 1156 215 1204 ὃς
234 1153 291 1205 in
310 1169 497 1230 aperto
517 1171 644 1208 cum
677 1149 908 1209 Gotthis
942 1153 1200 1229 praelium.
1245 1155 1323 1210 At
1343 1146 1623 1207 Belisarius
1643 1188 1662 1217 ‚

39 1233 320 1309 copiarum
338 1232 511 1290 adhuc
546 1232 829 1291 discrimen
847 1252 1115 1313 quantum
1151 1229 1276 1291 effet
1314 1232 1622 1310 expendens
1641 1272 1662 1298 ‚

41 1313 396 1371 cun&abatur
430 1335 543 1373 rem
578 1313 846 1372 summam
879 1319 935 1372 in
957 1317 1255 1394 periculum
1289 1314 1414 1372 dare
1435 1356 1451 1382 ‚
1492 1335 1665 1391 praeo-

38 1413 195 1474 ptans
226 1395 533 1454 excurfibus
565 1396 779 1455 hostem
815 1418 1026 1477 carpere
1054 1417 1113 1454 ac
1143 1394 1388 1477 fatigare.
1444 1397 1663 1452 Fractus

39 1480 259 1536 tandem
281 1487 333 1537 δε
350 1480 584 1536 militum
603 1486 658 1537 &
690 1482 949 1538 Romano
960 1501 1080 1537 rum
1109 1480 1444 1561 quotidianis
1463 1498 1667 1558 expro—

40 1559 390 1619 brationibus
411 1602 425 1628 ,
464 1562 646 1620 statuit
673 1580 797 1620 toto
833 1562 1055 1641 quidem
1088 1566 1306 1643 agmine
1341 1562 1626 1619 decernere
1647 1601 1666 1627 ‚

38 1644 130 1701 sed
149 1644 214 1701 de
229 1643 548 1722 improviso.
589 1645 886 1723 Impeditus
906 1645 1195 1723 aliquoties
1215 1647 1278 1700 iis
1297 1662 1414 1722 quae
1434 1646 1668 1701 interve-

39 1742 231 1793 nerant
250 1766 268 1794 ,
287 1746 400 1782 rem
419 1728 474 1782 in
494 1725 603 1784 dies
619 1728 821 1798 rejecit.
866 1747 1056 1783 verum
1077 1725 1362 1805 postquam
1382 1723 1666 1784 confilium

38 1805 195 1866 suum
213 1805 559 1888 perfugarum
580 1808 782 1866 indicio
803 1812 1088 1888 cognitum
1109 1807 1356 1866 hostibus
1371 1848 1387 1875 ‚
1421 1805 1670 1888 ipsosque

41 1909 255 1971 paratos
270 1893 540 1971 comperit
556 1932 572 1959 ‚
597 1910 710 1948 non
733 1890 877 1949 aliud
895 1893 1161 1971 reliquum
1180 1891 1366 1949 videns
1384 1931 1400 1958 ‚
1422 1912 1586 1970 quam
1608 1909 1670 1948 ut

41 1991 230 2052 aperto
246 1974 431 2031 Marte
449 1991 787 2039 cerneretur,
828 1974 1142 2031 volentibus
1178 1973 1282 2030 hoc
1302 1981 1355 2032 &
1392 1972 1625 2030 barbaris
1646 2014 1664 2041 ‚

40 2055 136 2113 ubi
153 2057 360 2137 promti
379 2059 597 2137 utrique
618 2055 968 2114 constiterant
987 2099 1002 2123 ‚
1032 2055 1177 2114 hunc
1198 2060 1255 2113 in
1276 2056 1508 2113 modum
1542 2053 1667 2113 suos

40 2135 306 2197 hortatur.
347 2140 485 2197 Non
519 2137 700 2198 vestrae
739 2141 925 2198 virtuti
961 2136 1206 2198 diffidens
1223 2181 1240 2207 ‚
1277 2139 1475 2196 milites
1496 2180 1511 2207 ,
1549 2160 1667 2196 non

41 2217 282 2280 hostium
299 2223 411 2280 vim
432 2225 656 2290 verituS,
678 2224 916 2300 praelium
935 2219 1141 2280 distuli:
1164 2222 1267 2279 Sed
1286 2220 1439 2302 quod
1459 2242 1552 2300 per
1571 2243 1667 2279 ex·-

43 2301 221 2362 cursus
251 2326 366 2363 rem
386 2304 546 2361 nobis
584 2303 723 2362 bene
759 2305 1046 2384 provenire
1078 2302 1370 2369 senseram,
1410 2306 1667 2361 omittere

44 2386 198 2444 nolui
214 2384 597 2467 prosperorum
616 2384 808 2445 causas.
852 2389 998 2446 Nam
1028 2387 1231 2467 quibus
1253 2385 1529 2467 praesentia
1565 2408 1672 2466 pro-

44 2486 182 2526 voto
217 2488 350 2528 eunt
370 2511 387 2538 ,
421 2473 484 2527 iis
517 2470 710 2528 inutile
743 2468 1112 2528 existimabam
1145 2471 1213 2528 ad
1245 2473 1342 2529 alia
1372 2466 1670 2528 transferri.

44 2550 210 2609 Nunc
223 2573 351 2610 vero
371 2553 558 2612 videns
575 2554 873 2632 periculum
910 2553 1045 2611 adeo
1064 2574 1178 2611 non
1198 2556 1386 2611 timere
1404 2593 1421 2621 ‚
1442 2570 1503 2610 ut
1522 2552 1665 2609 ultro

48 2634 106 2707 in
126 2633 180 2694 id
197 2637 507 2714 rapiamini,
528 2636 764 2715 impleor
776 2635 935 2695 bonae
953 2633 1060 2714 spei
1081 2678 1098 2704 ‚
1121 2657 1300 2716 neque
1318 2639 1556 2715 impetus
1573 2655 1667 2692 ve·-

46 2711 186 2773 stros
202 2717 402 2776 diutius
431 2739 651 2786 moror,
687 2739 888 2799 gnarus
920 2721 1123 2799 quippe
1144 2718 1520 2776 maximabelli
1540 2737 1670 2774 mo-

51 2815 234 2856 menta
251 2802 305 2856 in
321 2805 683 2882 pugnantium
703 2804 887 2858 animo
904 2807 1035 2859 verti
1057 2843 1074 2869 ‚
1094 2807 1150 2859 δε
1169 2805 1466 2881 plerunque
1486 2800 1672 2856 alacri-

51 2883 149 2938 tati
162 2880 343 2959 bonos
361 2880 615 2942 successus
632 2883 762 2941 dari.
806 2888 991 2941 Paucis
1008 2925 1024 2950 ‚
1050 2884 1251 2962 quibus
1267 2888 1435 2941 virtus
1449 2900 1634 2939 comes
1652 2921 1671 2944 ‚

52 2964 334 3046 ingentem
351 2963 535 3049 saepius
559 2963 799 3029 hostium
839 2967 1251 3047 multitudinem
1278 2962 1676 3049 procumbere,

142 3075 145 3078 ·
881 3049 939 3107 O
984 3069 1023 3125 4
1506 3062 1676 3104 nemo
