1888 3428
258 169 374 234 170
603 154 986 216 Pnocopn
1043 152 1575 213 CAESAREENsrs·

248 249 584 295 mentaverat
603 276 622 303 ‚
655 255 716 294 ut
750 234 942 294 urbem
961 252 1172 316 captam
1189 235 1354 303 vidit,
1388 235 1605 315 stupore
1624 235 1766 295 letali
1781 235 1870 297 at?-

247 320 460 376 tonitus
474 315 654 396 subito
673 321 891 386 interiit,
907 319 1055 376 nullo
1076 335 1199 375 ante
1218 317 1400 375 morbi
1416 317 1690 387 sensu,nec
1712 325 1869 398 quic-

240 418 415 480 quam
442 399 470 457 a
500 421 783 480 quoquam
805 403 927 460 mali
947 397 1136 478 paffus.
1181 399 1601 478 Asclepiodotus
1621 422 1753 459 vero
1770 407 1869 481 qui

247 486 296 540 ei
316 486 569 540 omnium
589 482 838 541 ausorum
857 484 1033 541 socius
1050 481 1224 540 fuerat
1241 523 1259 550 ‚
1288 504 1414 539 cum
1446 485 1751 561 primorum
1777 484 1868 541 su-

245 564 574 643 perstitibus,
592 565 898 624 Belisarium
918 566 1069 633 adiit,
1087 564 1181 622 ubi
1201 563 1551 644 conspectum
1569 564 1760 622 talibus
1778 568 1866 623 lu—

243 646 432 704 dibriis
463 646 751 707 inseetatur
788 649 1107 729 Stephanus.
1153 648 1290 705 Vide
1308 647 1599 705 hominum
1622 646 1866 726 peffime,

242 750 358 808 quo
380 729 596 790 miseriae
621 734 844 811 patriam
866 732 1158 807 conjeceris
1176 772 1193 799 ‚
1217 730 1351 788 dum
1371 730 1721 787 Gotthorum
1741 751 1888 811 gra--

241 816 326 870 tiae
345 815 685 891 popularium
706 815 876 871 donas
903 813 1140 873 salutem.
1183 814 1333 894 Ergo
1354 811 1391 870 fi
1409 808 1763 870 barbarorum
1780 826 1882 876 ress⁴

235 888 537 972 superiores
567 894 780 954 fuiffent
799 941 812 962 ,
840 899 937 955 illis
964 893 1231 954 meruiffes
1251 915 1311 953 tu
1330 937 1346 958 ,
1374 918 1477 953 nos
1496 912 1678 952 autem
1697 935 1712 961 ‚
1743 894 1863 952 sua-

238 974 431 1033 dentes
458 978 683 1035 meliora
705 1018 723 1046 ,
755 980 985 1058 prodita:
1018 980 1287 1038 Romanis
1317 983 1497 1058 patriae
1533 973 1863 1057 postulaffeS.

235 1061 352 1114 Iam
372 1079 502 1116 vero
523 1080 649 1117 cum
669 1062 933 1141 oppidum
965 1067 1022 1119 in
1043 1059 1365 1141 potestatem
1387 1064 1536 1119 venit
1553 1066 1888 1139 Imperato-K·

236 1142 307 1197 ris
326 1182 343 1208 ‚
376 1161 478 1198 nos
497 1159 679 1199 autem
702 1143 863 1219 hujus
891 1147 993 1205 viri
1014 1145 1242 1204 servavit
1260 1147 1543 1202 clementia
1558 1187 1572 1208 ‚
1610 1142 1859 1200 accedere

234 1221 301 1278 ad
329 1221 474 1280 hunc
503 1224 742 1281 Romani
761 1231 1023 1284 exercitus
1039 1226 1234 1283 ducem
1255 1247 1370 1282 non
1392 1247 1448 1282 es
1466 1229 1665 1285 veritus
1684 1265 1701 1291 ‚
1734 1242 1858 1280 tan-

233 1323 398 1380 quam
431 1304 563 1362 nihil
595 1308 649 1361 in
680 1309 978 1364 exercitum
1000 1350 1017 1376 ,
1055 1307 1262 1364 nihilin
1283 1310 1557 1365 civitatem
1578 1304 1856 1385 peccaffeS.

230 1385 368 1443 Haec
400 1390 648 1462 concitus
680 1388 882 1446 doloris
898 1388 1023 1448 aestu
1044 1391 1101 1447 in
1118 1389 1570 1469 Asclepiodotum
1590 1387 1854 1465 eje&abat

231 1466 556 1546 Stephanus.
599 1487 651 1527 at
684 1471 757 1528 illi
792 1472 944 1550 quod
972 1471 1318 1551 responderet
1350 1494 1465 1530 non
1483 1470 1673 1530 defuit.
1715 1473 1852 1529 Non
1874 1508 1886 1541 χ

229 1549 382 1608 vides
399 1552 532 1629 quid
550 1574 671 1632 agas
693 1593 709 1619 ,
745 1555 1013 1634 Stephane
1031 1600 1044 1619 ‚
1077 1555 1298 1613 laudum
1322 1576 1560 1613 mearum
1581 1571 1756 1633 praeco
1775 1575 1852 1621 ες,

227 1629 364 1687 dum
384 1653 570 1689 meum
588 1655 688 1712 pro
710 1635 940 1692 Gotthis
960 1636 1195 1694 studium
1219 1658 1511 1694 memoras·
1544 1636 1730 1694 Fidem
1750 1655 1849 1714 pe-

224 1713 585 1771 riclitantibus
603 1716 841 1773 dominis
860 1739 1024 1775 nemo
1043 1718 1249 1796 praestet
1265 1759 1281 1785 ‚
1299 1717 1395 1775 nifi
1411 1722 1497 1776 cui
1516 1716 1765 1775 constans
1785 1716 1850 1775 fit

224 1798 477 1852 animm.
518 1818 608 1854 me
637 1801 733 1876 qui
765 1820 910 1856 nunc
940 1802 1231 1879 Neapolim
1261 1818 1449 1858 tenent
1481 1803 1642 1858 talem
1676 1799 1847 1866 habe,-

225 1874 369 1934 bunt
385 1881 622 1936 amicum
644 1920 659 1941 ‚
689 1884 902 1959 qualern
923 1886 1016 1959 qui
1037 1883 1207 1940 modo
1224 1883 1482 1941 tenebant
1501 1881 1804 1941 habuerunt
1827 1904 1843 1939 ε

224 1962 427 2039 quippe
448 1964 532 2017 cui
550 1960 702 2018 insita
721 1963 1024 2039 penitus'est
1046 1963 1179 2022 fides
1201 2006 1218 2031 ,
1248 1969 1291 2021 is
1311 1986 1409 2044 pro
1430 1962 1648 2025 fortuna
1667 1983 1844 2043 partes

221 2061 343 2110 non
362 2061 557 2100 mutat.
598 2045 694 2101 Tu
711 2065 892 2102 autem
913 2087 928 2113 ,
957 2044 994 2102 fi
1017 2048 1237 2125 quando
1259 2069 1341 2104 res
1360 2049 1509 2105 aliter
1532 2048 1839 2115 ceciderint,

219 2141 429 2200 apertas
461 2124 685 2183 habebis
713 2149 864 2185 aures
899 2128 963 2185 ad
998 2134 1438 2209 oppugnantium
1475 2129 1660 2188 verba.
1707 2150 1835 2187 nam

217 2201 459 2284 quisquis
478 2210 706 2266 levitatis
725 2210 924 2267 morbo
945 2211 1337 2279 laboi·at‚fimul
1355 2215 1650 2290 pertimuit,
1668 2209 1837 2269 fidem

214 2288 275 2344 in
305 2287 597 2346 cariffimos
630 2288 784 2350 fallit.
825 2295 976 2351 Talis
994 2313 1104 2352 erat
1128 2294 1713 2373 AsclepiodotioratiO.
1755 2298 1836 2352 At

213 2368 708 2449 Neapolitanorum
742 2379 976 2454 populus
1008 2395 1067 2434 ut
1103 2379 1370 2435 euminde
1388 2377 1679 2438 abeuntem
1699 2377 1834 2437 vidit

211 2455 426 2532 ingenti
464 2454 621 2511 turba
658 2460 917 2537 ingruens
935 2499 953 2527 ,
985 2462 1170 2517 omnia
1188 2482 1306 2539 quae
1323 2457 1443 2537 ipfis
1459 2461 1760 2518 acciderant
1778 2463 1831 2518 ei

212 2534 605 2613 exprobrabat:
639 2561 737 2596 nec
757 2546 902 2619 prius
926 2540 1126 2599 abstitit
1141 2564 1305 2622 quam
1328 2545 1492 2599 vitam
1511 2546 1558 2599 ei
1578 2545 1828 2621 eriperet,

210 2635 405 2694 corpus
443 2640 667 2699 quoque
700 2622 872 2703 ipsum
908 2624 1255 2682 membratim
1283 2623 1621 2703 discerperet.
1662 2627 1830 2683 Tunc

207 2720 437 2779 quoque
474 2704 634 2759 multi
666 2706 722 2761 in
756 2707 982 2765 Pastoris
1023 2708 1256 2765 domum
1301 2711 1660 2785 irrumpentes
1696 2728 1827 2766 eum

205 2782 550 2859 quaerebant,
585 2806 682 2842 nec
710 2809 991 2847 mortuum
1019 2788 1408 2848 affirmantibus
1425 2787 1639 2848 famulis
1657 2786 1828 2848 credi-

205 2864 330 2922 dere
349 2907 364 2931 ,
397 2866 574 2924 donec
608 2875 812 2928 mortui
833 2870 1100 2929 ostensum
1125 2871 1199 2929 est
1219 2892 1445 2951 corpus,
1488 2874 1638 2952 quod
1665 2871 1824 2934 abre-

202 2964 360 3025 ptum
389 2949 736 3031 Neapolitani
766 2956 822 3011 in
855 2952 1165 3013 suburbano
1185 2958 1307 3014 loco
1328 2953 1572 3033 patibulo
1593 2952 1819 3015 affixere.

1761 3033 1868 3125 ia
