1888 3428
255 168 367 231 208
596 172 987 226 PRocopn
1031 165 1567 225 CAEsAREENsts
1679 233 1681 235 ¹
1857 230 1860 231 ⁷

249 247 665 312 Martio‘mense
695 253 913 307 initium
945 266 1156 328 ceperat
1187 246 1400 305 obsidio
1418 290 1437 317 ‚
1462 242 1509 306 *ὲ
1542 268 1656 329 quo
1677 247 1855 310 mense

247 338 474 414 quintus
491 331 778 400 est=1uliuS‚
815 330 905 388 seu
929 332 1080 408 quod
1100 347 1229 387 ante
1253 331 1453 390 Numae
1470 351 1702 410 regnum
1731 353 1856 391 cum

248 418 438 477 decem
467 413 564 472 soli
601 416 867 473 Romanis
900 410 1063 470 effent
1084 411 1289 469 menses
1317 453 1336 479 ‚
1394 411 1703 492 primusque
1736 411 1861 470 efl'et

248 500 482 557 Martius
502 539 519 564 ‚
551 498 646 575 qui
674 517 818 553 nunc
848 494 920 553 est
936 498 1120 563 IuliuS‚
1135 513 1267 552 tunc
1282 493 1349 551 ab
1368 515 1435 552 eo
1454 517 1620 574 quem
1638 494 1860 552 tenebat

247 580 441 640 ordine
480 581 745 659 Qntilis
779 576 1094 637 vocabatur.
1138 575 1226 634 sed
1252 577 1335 634 his
1377 575 1509 634 nihil
1532 578 1702 635 inerat
1733 575 1862 634 soli-

250 665 284 722 d
294 685 400 722 um.
443 664 643 739 Neque
677 663 822 717 enim
841 680 1018 719 novus
1032 662 1300 718 Romanis
1317 665 1616 738 Imperator
1634 659 1860 738 obtigit,

251 753 304 803 δι’
327 744 489 804 serius
506 743 676 802 soluta
695 741 906 801 obsidio
926 740 1001 800 est
1020 784 1037 810 ,
1071 749 1125 800 &
1141 743 1332 799 Totila
1349 740 1576 798 Gotthis
1593 744 1883 821 imperau„

251 848 305 887 te
327 832 383 885 in
403 826 591 885 eadem
619 828 758 882 mala
777 827 958 883 Roma
974 824 1160 883 recidit
1177 866 1194 893 2
1234 843 1293 882 ut
1311 823 1406 882 suo
1427 841 1677 904 tempore
1697 822 1862 880 nobis

223 956 225 958 a
251 909 669 969 memorabitur.
729 910 914 978 Quare
947 928 1061 963 non
1090 905 1235 964 hunc
1268 905 1559 964 barbarum
1590 904 1863 963 incursum

251 991 536 1074 fignificari
569 1009 756 1070 putem
789 987 1012 1047 fatidico
1052 993 1323 1058 carmine,
1357 987 1445 1047 sed
1463 993 1624 1047 alium
1658 991 1754 1068 qui
1771 1005 1865 1045 aut

252 1094 377 1132 ante
412 1071 575 1130 fuerit
598 1115 615 1140 ‚
652 1090 743 1129 aut
776 1093 919 1129 nunc
953 1092 1176 1150 quoque
1208 1070 1269 1128 fit
1301 1069 1538 1128 futurus.
1573 1074 1772 1150 quippe
1790 1073 1865 1126 ita

253 1156 503 1215 existimo
524 1197 540 1223 ,
573 1155 961 1231 Sibyllinorum
997 1151 1288 1210 effatorum
1318 1156 1439 1231 quis
1471 1152 1531 1210 fit
1547 1150 1724 1210 sensus
1743 1173 1865 1209 ante

254 1241 464 1296 exitum
498 1254 740 1293 mentem
759 1234 1051 1292 humanam
1068 1256 1182 1290 non
1211 1237 1380 1291 valere
1400 1232 1617 1313 affequi.
1664 1232 1867 1290 Causas

252 1321 426 1378 dicam
460 1316 567 1396 ipsa
598 1318 832 1374 lectione
852 1317 1093 1373 edoctus·
1142 1315 1335 1395 Sibylla
1353 1337 1529 1394 neq-ue
1547 1332 1696 1373 certo
1716 1316 1866 1372 ordi-

253 1424 323 1460 ne
358 1421 537 1479 neque
569 1416 832 1479 perpetuo
866 1396 1126 1455 sermonis
1158 1420 1301 1456 nexu
1320 1419 1400 1456 res
1425 1399 1733 1477 eloquitur,
1777 1395 1867 1455 sed

252 1480 425 1544 verbo
446 1483 594 1541 dieto
610 1523 628 1550 ,
647 1482 713 1539 de
730 1477 928 1539 Africae
949 1498 1083 1559 puto
1105 1481 1275 1546 maliS‚
1294 1478 1477 1541 tranfit
1494 1481 1558 1538 ad
1576 1480 1725 1537 ειᾶιις
1743 1484 1869 1536 Per-

253 1565 450 1624 sarum.
491 1564 616 1621 hinc
634 1564 1020 1621 Romanorum
1041 1567 1320 1620 mentione
1339 1561 1478 1620 facta
1496 1605 1512 1628 ,
1542 1562 1606 1620 ad
1626 1560 1868 1640 Affyrios

169 1655 171 1657 ’
256 1651 525 1716 continuo
545 1644 594 1702 se
613 1643 862 1702 transfert
884 1668 897 1701 ε
932 1644 1246 1723 rediensque
1266 1645 1330 1703 ad
1347 1648 1868 1722 Romanos‚repen-

256 1749 313 1788 te
348 1730 412 1787 ad
440 1730 826 1785 Britannorum
847 1727 1170 1783 calamitates
1197 1727 1458 1784 canendas
1475 1727 1758 1785 delabitur.
1790 1725 1866 1782 ob

257 1814 313 1871 id
331 1831 621 1890 antequam
653 1830 734 1865 res
766 1806 884 1888 ipsae
903 1811 1178 1865 evenerint
1199 1849 1216 1874 ‚
1257 1808 1468 1865 homini
1505 1808 1637 1888 quid
1670 1807 1868 1885 Sibylla

259 1892 523 1974 significet
553 1892 850 1971 intelligere
885 1911 1000 1947 non
1033 1888 1107 1947 est
1144 1891 1351 1947 elatum.
1396 1891 1542 1952 dies,
1575 1889 1669 1947 ubi
1705 1889 1867 1947 verba

257 1976 570 2055 probaverit
585 1992 813 2030 eventus
830 2013 846 2039 ,
866 1969 973 2028 sola
991 1971 1065 2028 est
1091 1972 1365 2030 dictorum
1385 1977 1661 2052 interpres.
1693 1970 1781 2028 sed
1800 1972 1868 2029 de

257 2059 343 2115 his
364 2055 588 2137 quisque
610 2073 669 2112 ut
702 2059 847 2112 volet
879 2053 1160 2111 existimet.
1202 2057 1326 2135 Ego
1358 2056 1499 2113 unde
1518 2052 1772 2134 digressus
1807 2074 1867 2109 e-

260 2161 375 2198 ram
408 2137 589 2196 redeo.
649 2139 781 2193 Dixi
814 2135 1099 2215 postquam
1136 2136 1202 2193 ab
1234 2139 1650 2218 oppugnatione
1685 2135 1867 2213 rejecti

261 2239 411 2280 erant
430 2219 631 2277 Gotthi
650 2263 664 2284 ‚
688 2225 741 2274 &
756 2217 875 2296 ipsis
889 2260 907 2285 ‚
928 2226 980 2276 δε
996 2221 1266 2276 Romanis
1284 2222 1664 2299 pervigilatum
1683 2240 1743 2275 ea
1761 2238 1867 2274 no-

262 2306 367 2361 ἃε.
410 2299 670 2359 Postridie
706 2302 868 2357 edixit
900 2302 1107 2357 cunctis
1138 2303 1403 2359 Romanis
1436 2301 1711 2359 Belisarius
1741 2340 1759 2365 ‚
1804 2301 1872 2355 ut¹

262 2385 416 2465 quod
436 2382 664 2451 imbellis
683 2380 833 2439 sexus
850 2381 1121 2462 aetatisque
1141 2403 1251 2441 erat
1270 2426 1285 2451 ‚
1316 2385 1369 2441 id
1388 2405 1555 2441 omne
1571 2383 1867 2460 Neapolim

263 2465 642 2531 transferrent,
683 2462 888 2521 servitia
904 2487 1124 2545 quoque
1149 2508 1167 2534 ,
1209 2486 1393 2544 praeter
1425 2466 1461 2522 fi
1496 2487 1603 2543 qua
1638 2465 1702 2521 ad
1724 2463 1868 2521 urbis

264 2549 559 2615 custodiam
581 2543 856 2603 neceffaria
874 2588 890 2611 ,
921 2570 988 2604 ne
1009 2551 1065 2604 in
1104 2550 1275 2606 vifius
1295 2546 1583 2627 egestatem
1602 2545 1869 2604 incidere-

260 2650 367 2688 tur.
400 2631 542 2688 idem
571 2626 742 2685 facere
769 2626 918 2703 juffit
953 2631 1150 2686 milites
1184 2630 1217 2686 fi
1241 2633 1322 2687 cui
1342 2628 1518 2686 servus
1554 2647 1644 2685 aut
1663 2628 1864 2686 ancilla.

262 2717 462 2792 Neque
488 2713 634 2768 enim
656 2708 750 2766 fibi
769 2709 867 2767 esse
899 2713 1040 2768 unde
1058 2711 1208 2778 solita
1228 2714 1481 2768 alimenta
1503 2710 1717 2768 obseffis
1741 2709 1868 2787 sup-⁶

198 2795 202 2800 *
264 2796 491 2877 peditet.
516 2791 637 2873 ipsis
654 2803 876 2871 quoque
910 2791 1166 2851 mansuris
1187 2816 1325 2873 opus
1348 2812 1406 2851 ut
1423 2813 1631 2871 partem
1662 2813 1888 2849 merce-1

265 2881 349 2938 dis
381 2878 597 2934 alteram
631 2874 878 2953 quotidie
910 2879 964 2931 in
994 2877 1243 2933 edulibus
1276 2874 1522 2943 sumant,
1560 2880 1616 2932 in
1647 2876 1871 2954 pecunia

266 2964 505 3022 alteram.
544 2957 664 3019 Nec
697 2955 844 3018 secus
872 2953 1097 3019 saecum.
1129 2962 1171 3020 it
1205 2963 1261 3021 in
1299 2961 1653 3042 Campaniam
1677 2963 1870 3034 ingens

1678 3058 1868 3099 nume-2·

1884 2930 1888 2973 1
