1888 3428
222 174 344 236 470
548 159 940 216 Pssocopu
991 154 1532 235 CAEsAREENsm
1656 228 1659 231 s
1885 219 1888 221 ,

222 240 359 297 silire
379 241 434 298 in
453 259 658 320 equum
691 243 843 321 plane
862 256 1180 319 nequeunt,
1215 235 1302 296 scd
1324 242 1408 297 alii
1441 260 1537 296 eos
1575 238 1839 298 attollunt

221 326 391 401 inque
410 320 617 402 eq‘uum
637 328 934 402 imponunt
953 364 970 390 ,
990 329 1044 380 δε
1065 321 1158 379 ubi
1175 323 1415 400 equitare
1433 320 1720 389 desierunt,
1736 324 1845 378 ite-
1883 329 1886 371 ἱ

222 425 349 463 rum
368 404 619 464 demiffos
635 406 788 464 humi
808 406 1095 462 collocant.
1139 407 1306 462 Varni
1325 410 1378 462 &
1397 401 1491 483 ipsi
1513 426 1708 462 omnes
1727 423 1846 461 non

224 489 433 566 equites
447 488 598 557 sunt‘,
615 487 703 546 sed
720 488 939 567 pedites.
985 488 1135 543 Talis
1154 484 1228 543 est
1246 485 1608 545 Barbarorum
1623 488 1846 543 illorum
1881 498 1885 502 “

224 571 434 627 militia.
476 575 627 628 Atin
647 593 707 627 ea
736 571 802 628 de
825 592 933 649 qua
959 570 1133 627 dicere
1170 589 1428 646 caeperam
1459 566 1607 627 classe
1627 610 1642 631 ,
1673 589 1845 626 nemo
1879 626 1882 630 ,

226 669 340 709 erat
359 654 591 721 veoton
618 671 791 711 nautae
815 674 1009 709 omnes
1030 694 1046 720 ‚
1085 672 1261 731 neque
1293 672 1426 709 vero
1451 653 1579 709 velis
1613 670 1848 718 utente8‚

222 732 311 791 sed
330 739 564 817 remigio
586 735 777 816 singuli
795 734 1155 792 ministrantes
1188 737 1418 814 navigia.
1464 738 1518 791 in
1554 738 1847 809 continen-

224 833 338 873 tem
362 836 420 874 ut
441 838 664 876 ventum
685 816 780 880 est,
801 822 955 899 virgo
976 819 1082 875 dux
1101 820 1297 898 Anglis
1312 859 1330 886 ‚
1361 815 1536 874 castris
1552 816 1691 874 bene
1719 838 1843 873 mu-

222 901 353 955 nitis
372 901 436 957 ad
455 900 560 979 ipsa
577 900 757 959 Rheni
775 899 909 958 ostia
925 942 940 968 ,
972 899 1048 957 ibi
1075 922 1198 957 cum
1219 905 1400 979 paucis
1419 898 1608 958 resedit
1627 940 1643 968 ‚
1672 897 1844 956 *fratre
1869 972 1873 975 ἓ

224 981 382 1039 misso
413 984 468 1039 in
502 982 712 1040 hostem
750 1005 874 1040 cum
908 1002 1030 1041 toto
1070 1004 1238 1063 prope
1274 988 1527 1039 exercitu.
1575 985 1738 1040 Varni
1775 1002 1844 1038 eo

224 1074 476 1143 tempore
497 1087 610 1122 non
627 1069 812 1142 procul
835 1066 1066 1122 Oceano
1098 1084 1260 1143 atque
1278 1065 1468 1122 iisdem
1489 1064 1665 1123 Rheni
1697 1061 1847 1121 ostiis

158 1160 164 1167 ‘
221 1145 409 1205 stativa
423 1145 695 1204 habebant
711 1189 726 1214 ,
758 1169 870 1224 quo
892 1170 1015 1204 cum
1038 1146 1294 1205 veniffent
1313 1150 1516 1226 Angli,
1537 1149 1846 1204 committi-

223 1246 313 1284 tur
348 1232 584 1305 praelium
607 1271 624 1297 ,
656 1226 841 1286 infelix
874 1233 1070 1285 Varnis
1090 1270 1104 1291 ,
1141 1250 1379 1308 quorum
1403 1231 1714 1286 multiinter
1729 1250 1847 1286 cer-

223 1310 448 1367 tandum
470 1316 668 1390 periere
688 1352 705 1380 ‚
737 1312 926 1392 reliqui
946 1334 1068 1369 cum
1091 1314 1204 1389 ipso
1239 1333 1362 1392 rege
1386 1309 1516 1391 fuga
1545 1310 1594 1368 se
1614 1312 1847 1369 abstule«

221 1411 367 1449 runt.
412 1394 659 1452 inhaesere
679 1415 871 1452 eorum
908 1399 1071 1474 tergis
1107 1413 1373 1474 quantum
1409 1412 1660 1473 poterant
1693 1394 1849 1473 pedi-

225 1493 339 1543 τες,
375 1481 425 1533 32
449 1498 577 1533 mox
597 1480 653 1533 in
687 1476 846 1535 castra
883 1475 1239 1552 reverfisunt.
1280 1479 1394 1534 Eos
1428 1477 1647 1535 reduces
1671 1475 1879 1535 verbis.

223 1556 410 1636 asperis
440 1558 752 1640 objurgavit
785 1565 942 1640 virgo
965 1603 982 1628 ‚
1020 1565 1250 1618 maxima
1281 1563 1336 1617 in
1372 1557 1589 1617 fratrem
1625 1558 1846 1618 insecta-

223 1643 376 1697 tione
394 1682 410 1708 ‚
452 1641 584 1698 nihil
603 1643 785 1699 aetum
806 1647 1042 1701 exercitu
1062 1661 1218 1700 tanto
1239 1642 1421 1700 dicens
1440 1681 1456 1707 ,
1492 1643 1751 1722 quamdiu
1767 1643 1847 1701 vi·
1864 1662 1877 1682 ’-

225 1740 326 1779 vus
359 1743 474 1779 non
507 1723 861 1782 adduceretur
894 1726 1136 1805 Radigis.
1180 1730 1360 1804 itaque
1396 1730 1685 1781 acerrimos
1715 1723 1845 1782 suo-

221 1822 346 1861 rum
365 1805 591 1862 dileffftos
609 1828 674 1863 ex
695 1812 849 1864 omni
872 1811 1088 1887 agmine
1125 1810 1292 1864 mittit
1311 1847 1326 1868 ‚
1362 1806 1415 1863 id
1454 1828 1625 1863 unum
1661 1809 1846 1885 praeci-

221 1889 409 1964 piem,
438 1909 619 1967 regem
659 1907 718 1945 ut
753 1895 950 1968 quovis
974 1889 1144 1946 modo
1166 1891 1439 1966 captivum
1471 1887 1566 1945 fibi
1586 1887 1843 1947 sisterent.

220 1970 296 2024 illi
331 1968 478 2026 dicto
499 1969 817 2027 obedientes
850 1975 966 2029 loca
997 1973 1183 2029 omnia
1212 1972 1462 2050 diligenti
1494 1970 1842 2050 inquifitione
1886 2042 1888 2044 ,

221 2048 434 2108 obeunt
461 2092 478 2119 ,
509 2053 839 2132 tandemque
858 2052 1020 2111 denso
1039 2057 1293 2111 latentem
1314 2073 1539 2111 nemore
1558 2057 1843 2111 inveniunt

221 2132 514 2213 Radigem.
555 2140 603 2190 Is
620 2135 685 2192 ad
703 2134 946 2213 sponsam
971 2155 1203 2193 veterem
1241 2136 1504 2193 adducffiis
1523 2136 1719 2194 adstitit
1738 2157 1843 2194 tre-
1867 2202 1870 2205 ,

220 2233 399 2282 rnenS,
415 2233 653 2273 mortem
674 2215 979 2299 exspecftans
997 2261 1011 2286 ,
1030 2241 1256 2298 eamque
1278 2239 1390 2274 non
1410 2218 1723 2296 simplicem.
1759 2220 1843 2276 illa

219 2313 351 2356 vero
368 2318 551 2378 praeter
568 2297 713 2376 spem
739 2300 900 2380 ipfius
920 2344 935 2369 ‚
975 2324 1150 2381 neque
1170 2301 1370 2359 occidit
1388 2323 1513 2358 eum
1533 2323 1707 2380 neque
1722 2301 1844 2360 saevi

220 2382 511 2459 quicquam
546 2381 783 2440 admisit:
822 2384 906 2441 sed
923 2384 1250 2462 exprobrans
1270 2384 1421 2462 quod
1445 2386 1499 2440 in
1521 2382 1569 2440 se
1588 2382 1860 2441 commis?

217 2458 335 2518 sum
367 2460 538 2520 fuerat
553 2503 569 2530 ‚
602 2463 836 2542 quaesivit
854 2488 960 2544 qua
977 2469 1041 2524 de
1061 2466 1207 2524 causa
1227 2507 1243 2534 ‚
1261 2484 1537 2523 contemta
1555 2467 1842 2544 paotorum

223 2564 623 2602 conventorum
660 2545 765 2604 fide
786 2590 799 2612 ,
847 2552 998 2605 aiiam
1036 2548 1130 2606 sibi
1179 2551 1531 2607 matrimonio
1566 2546 1800 2617 sociasset
1816 2588 1835 2616 ,

221 2622 346 2681 cum
368 2626 644 2706 desponsae
659 2630 914 2706 pudicitia
927 2636 1078 2709 queri
1098 2653 1211 2688 non
1231 2628 1420 2710 posset.
1465 2632 1730 2710 Captivus
1745 2652 1842 2688 ex·-

221 2706 481 2766 cusationi
504 2711 809 2788 patrisjuffa
837 2712 1184 2793 studiumque
1215 2712 1517 2792 principum
1539 2713 1639 2770 suae
1659 2715 1860 2794 gentis

219 2789 553 2860 obtendere,
590 2793 915 2872 supplicare>
953 2818 1131 2878 preces
1165 2793 1379 2852 miscere
1401 2798 1746 2877 purgationi,
1778 2798 1837 2852 in

218 2872 580 2932 neceffitatem
599 2875 880 2934 transferre
901 2883 1109 2956 culpam
1133 2920 1148 2945 ‚
1167 2881 1401 2957 polliceri
1423 2877 1470 2934 se
1487 2900 1609 2935 cum
1628 2877 1733 2957 ipsa
1753 2872 1849 2933 vi?

217 2957 432 3014 &urum
466 2963 677 3039 &quae
709 2963 895 3041 inique
931 2958 1127 3020 fecerat
1161 2960 1468 3020 sanaturum
1507 2962 1834 3042 paenitentia.

1646 3041 1826 3099 Puella
