1888 3428
274 157 386 233 158
601 155 987 208 Paocopu
1029 148 1570 208 CAEsAREENsts

269 230 729 296 constantianum
746 272 765 300 ‚
806 231 902 309 qui
917 227 1270 309 equisonibus
1286 226 1446 310 ipfius
1463 247 1684 310 praeerat
1700 271 1718 299 ‚
1733 235 1791 292 'in
1801 239 1874 295 Il-

264 321 496 401 lyricum
514 318 682 375 mittit
699 354 718 382 ‚
752 332 879 370 cum
899 311 1162 371 mandatis
1181 330 1240 369 ut
1253 316 1549 370 exercitum
1563 312 1638 371 ibi
1653 317 1874 397 collige-

254 422 349 462 -ret
368 406 423 460 δε
446 402 504 457 in
522 400 743 457 Salonas
761 434 780 461 ‚
813 392 851 451 fi
871 393 1003 474 quid
1021 391 1193 472 poffet
1210 434 1228 462 ,
1261 398 1591 474 experiretur
1620 418 1634 453 ε
1670 396 1877 463 Belisa-

261 489 405 544 rium
425 503 554 542 vero
566 479 724 558 jubet
739 497 906 556 quam
926 479 1164 557 primum
1185 479 1240 533 in
1257 478 1463 535 Italiam
1480 476 1793 559 transgredi,
1814 484 1885 544 δε,

264 566 517 628 Gotthos
533 561 794 622 hostiliter
809 556 1025 617 habere.
1070 556 1493 618 Constantianus
1506 562 1879 640 Epidamnum

260 654 434 717 venit,
450 648 634 727 ibique
653 659 895 702 moratus
912 641 1161 701 nonnihil
1184 683 1200 710 ,
1217 645 1487 700 contraxit
1504 645 1753 700 militem.-
1784 649 1874 702 In·-

261 734 406 791 terea
425 729 629 789 Gotthi
645 769 663 796 ‚
694 726 907 805 Grippa
926 725 1060 783 duce
1079 764 1098 792 ‚
1137 730 1191 782 &
1208 723 1303 803 ipfi
1321 746 1473 786 novo
1492 746 1618 783 curn
1636 729 1875 785 exercitu

258 815 592 873 Dalmatiam
608 807 824 893 ingreffi
843 847 862 875 ‚
883 810 1104 866 Salonas
1118 809 1403 885 intravere.
1447 805 1874 867 Constantianus

260 917 395 955 vero
417 936 436 963 ‚
479 894 575 953 ubi
594 893 787 951 cunfita
803 889 1048 971 expedita
1065 889 1255 947 habuit
1277 931 1295 958 ,
1335 912 1400 949 ex
1415 889 1724 970 Epidamno
1745 911 1876 949 cum·

259 982 419 1037 omni
453 974 602 1035 classe
635 973 847 1034 solvens
879 972 1215 1052 Epidaurum
1251 976 1432 1053 attigit
1445 1014 1460 1039 ,
1488 994 1606 1052 quae
1641 972 1769 1031 urbs
1786 976 1874 1030 A-

260 1062 431 1119 driam
449 1059 753 1140 penetranti
769 1055 834 1114 ad
863 1056 1110 1113 dextrum
1139 1054 1211 1112 est
1243 1056 1399 1112 latus·
1440 1054 1700 1134 Agebant
1734 1058 1796 1111 iis
1812 1058 1888 1114 1ιῖΙ

255 1132 396 1201 locis
409 1142 772 1221 exploratores
791 1158 932 1217 quos
948 1137 1184 1216 Grippas
1203 1136 1432 1194 miserat.
1451 1135 1649 1215 quibus
1669 1143 1722 1194 δε
1741 1136 1872 1193 claf-

258 1222 370 1282 sem
399 1231 454 1283 &
489 1223 783 1280 exercitum
815 1217 1197 1275 Constantiani
1230 1218 1687 1297 conspicientibus
1706 1258 1723 1286 ‚
1750 1216 1870 1276 visa

257 1324 425 1372 terra,
442 1300 545 1362 visa
564 1304 728 1359 maria
746 1302 903 1379 plena
922 1302 1175 1358 militum.
1219 1301 1298 1356 Hi
1317 1300 1383 1358 ad
1402 1299 1670 1379 Grippam
1688 1319 1871 1359 rever-

255 1387 296 1446 fi
315 1428 331 1450 ‚
349 1388 533 1445 venire
553 1383 813 1443 immensa
833 1381 1125 1441 hominurn
1146 1382 1309 1440 millia
1326 1402 1452 1440 cum
1471 1381 1883 1456 Constantiano

253 1470 587 1528 renuntiant.
630 1465 774 1526 unde
793 1466 851 1523 in
870 1482 1081 1523 metum
1113 1467 1395 1545 ingentem
1426 1466 1706 1541 conje6'cus
1739 1463 1867 1543 ipse,

255 1552 480 1611 obviam
508 1554 584 1608 ire
616 1546 953 1607 invasoribus
986 1568 1103 1606 non
1135 1568 1201 1603 ex
1220 1545 1316 1606 usu
1349 1547 1446 1605 suo
1466 1547 1618 1606 duxit
1639 1570 1653 1604 :
1686 1558 1888 1627 neque-⁵

253 1637 440 1702 minus
459 1634 597 1691 cavit
614 1629 929 1688 obfideriab
948 1631 1185 1687 exercitu
1199 1633 1545 1709 Imperatoris
1563 1668 1582 1694 ,
1605 1629 1740 1688 adeo
1758 1650 1867 1707 po-

253 1718 423 1774 tentis
442 1716 603 1771 etiam
624 1715 775 1770 mari.
817 1713 1088 1790 Imprimis
1107 1729 1288 1768 autem
1308 1733 1434 1769 eum
1455 1729 1751 1769 terruerant
1770 1714 1864 1770 Sa-

254 1800 507 1858 lonarum
526 1797 717 1854 maenia
748 1813 947 1873 magna
978 1811 1124 1871 parte
1143 1791 1342 1851 hiantia
1360 1797 1556 1861 ruiniS‚
1597 1792 1864 1872 suspecta-

253 1884 432 1962 quein
449 1876 695 1936 Gotthos
710 1874 914 1933 ibidem
929 1873 1287 1933 habitantium
1306 1873 1458 1933 fides.
1504 1877 1873 1955 Quapropter

253 1962 492 2022 abdiusto
523 1959 649 2017 inde
679 1979 843 2038 quarn
863 1957 1135 2014 celerrime
1153 1961 1385 2014 exercitu
1407 1999 1424 2026 ,
1458 1957 1696 2016 consedit
1714 1981 1859 2016 cam-

253 2068 330 2126 po
351 2086 369 2114 ,
386 2045 483 2124 qui
502 2042 720 2100 Salonas
738 2043 877 2098 inter
908 2040 1327 2119 Crotonemque
1345 2038 1436 2097 est.
1480 2045 1560 2098 At
1582 2040 1858 2097 Constan-

253 2133 459 2192 tianuS,
477 2145 601 2182 cum
626 2122 854 2180 navibus
875 2121 1132 2181 universis
1149 2122 1424 2201 Epidauro
1443 2126 1698 2202 navigans
1712 2164 1729 2192 ‚
1748 2127 1875 2202 Ly-v

248 2210 379 2269 siam
399 2207 614 2267 advenit
635 2205 812 2264 eidem
831 2203 1007 2264 Adriae
1030 2203 1247 2262 adfitam
1267 2204 1475 2261 urbem.
1521 2206 1653 2262 Inde
1680 2208 1856 2263 comi-

248 2310 369 2351 tum
388 2289 612 2349 suorum
629 2289 839 2367 aliquos
858 2285 994 2344 mifit
1015 2305 1074 2344 ut
1104 2288 1325 2366 Grippae
1343 2308 1424 2344 res
1453 2309 1566 2367 quo
1586 2286 1750 2345 ess'ent
1767 2290 1878 2344 lo-·

246 2395 318 2432 co
339 2415 356 2442 ,
391 2372 523 2451 quid
541 2373 584 2427 is
601 2385 782 2450 ageret
799 2412 814 2434 ‚
853 2368 918 2426 ad
946 2366 995 2427 se
1013 2366 1288 2427 referrent.
1325 2368 1390 2426 ab
1410 2369 1491 2427 his
1508 2370 1702 2427 cuncta
1719 2370 1855 2428 edo-

247 2458 391 2524 ctus,
410 2454 517 2513 fine
538 2472 693 2509 mora
711 2450 933 2509 Salonas
951 2456 1179 2532 navigat.
1195 2451 1288 2508 ubi
1309 2456 1852 2531 appropinquaverat,
1878 2442 1883 2452 ⁴

247 2537 494 2617 expolito
513 2537 569 2592 in
583 2550 779 2592 terram
798 2537 1052 2602 exercitu,
1069 2535 1144 2592 ibi
1163 2536 1379 2613 quievit.
1425 2537 1503 2591 At
1519 2538 1852 2613 quingentos

193 2688 210 2694 ⁶
245 2619 469 2680 suorum
486 2619 654 2675 leetos
668 2658 686 2685 ‚
708 2616 844 2676 duce
863 2615 989 2674 dato
1010 2616 1237 2696 Siphylla
1254 2615 1349 2672 suo
1371 2613 1681 2684 &satellitiQ
1700 2614 1851 2692 juffit

245 2705 322 2760 ire
341 2709 396 2761 δε
416 2721 599 2780 capere
617 2697 879 2778 angustias
904 2721 1019 2779 quae
1038 2699 1133 2757 sub
1156 2697 1348 2756 urbem
1368 2717 1536 2756 erant.
1570 2698 1849 2763 exsecutus

244 2787 539 2864 imperium
569 2780 644 2840 est
662 2778 938 2860 Siphyllas.
979 2781 1239 2840 Postridie
1266 2799 1402 2837 terra
1432 2779 1587 2840 fimul
1603 2785 1849 2861 mariq-ue

245 2866 488 2925 addufiis
533 2866 705 2945 copiis
739 2862 996 2944 ingressus
1029 2863 1103 2922 est
1141 2864 1330 2922 urbem
1385 2863 1806 2922 Constantianus
1829 2884 1845 2922 ε

214 3027 221 3034 .
245 2947 531 3033 statimque
547 2967 731 3012 curam
746 2947 810 3010 ad
829 2949 1030 3008 moenia
1047 2947 1221 3026 adjicit
1237 2988 1255 3021 ,
1276 2947 1575 3027 reparandis
1594 2966 1713 3026 quae
1728 2965 1845 3002 cor-

1606 3040 1869 3091 ruerant·-
