1888 3428
223 222 340 281 452
545 206 937 262 PRocopu
982 200 1533 277 CAESARJEENz-:ts

219 293 327 347 ‚teri
349 326 367 353 ,
388 301 448 343 ut
467 284 639 343 dicere
660 301 915 364 caeperam
936 323 953 349 ‚
974 281 1220 340 adversos
1241 279 1289 339 se
1311 281 1558 339 hostibus
1576 276 1840 339 ferebant.

230 372 287 426 in
306 362 446 447 quos
481 371 727 441 incautos
745 387 869 423 cum
902 364 1164 423 irruissent
1183 407 1200 432 ‚
1238 367 1472 422 multum
1495 365 1742 430 terroriS,
1780 380 1860 420 ut

229 454 289 507 in
307 448 786 528 rebusimprovifis
819 447 935 505 fieri
967 446 1133 514 solet,
1170 448 1415 503 intulere.
1461 443 1738 505 caeduntur
1767 447 1845 502 illi

230 553 347 589 non
386 532 555 590 modo
594 547 834 612 pugnare
865 552 977 587 non
1017 528 1155 591 anfi,
1188 526 1276 586 sed
1306 550 1372 585 ne
1399 548 1602 584 *manus
1620 528 1846 607 quidem

232 635 421 671 contra
457 616 664 672 tollere.
707 613 856 670 Nihil
892 615 1038 669 enim
1077 617 1256 668 minus
1293 609 1607 690 cogitabant
1638 609 1806 668 Persae
1827 650 1847 678 ,

232 718 396 776 quam
433 697 643 753 tantillo
678 716 910 752 numero
947 697 1041 772 qui
1070 691 1231 751 effent
1264 696 1590 758 RomanOS,
1617 689 1846 749 ausuros

233 799 533 856 erumpere.
575 781 754 856 itaque
777 776 868 857 ipsi
891 780 1037 835 nullo
1060 776 1248 832 ordine
1268 818 1285 844 ,
1323 796 1422 832 nec
1441 773 1670 831 modicis
1686 778 1848 831 inter-

227 862 378 919 vallis
396 902 410 927 ³
443 881 502 917 ut
523 861 714 937 cuique
735 863 997 938 placuerat
1019 900 1033 920 ‚
1066 880 1252 917 muros
1271 856 1551 916 affilierant
1568 898 1581 919 ,
1606 877 1845 936 quorum

228 945 320 1003 alii
337 941 864 1000 humerismachinas
883 939 1128 998 ferebant
1149 981 1164 1001 ,
1198 941 1345 1012 obid
1365 982 1380 1008 ‚
1404 957 1463 995 ut
1486 960 1606 996 mos
1625 938 1698 995 est
1725 980 1741 1006 ‚
1760 942 1849 996 in·
1876 988 1883 992 a

232 1046 405 1082 ermes
436 1044 740 1105 pugnaeque
774 1026 1052 1101 imparati,
1095 1027 1177 1079 alii
1212 1021 1549 1100 spariiarcus
1582 1021 1762 1078 tensos
1789 1025 1846 1078 in

231 1106 484 1164 manibus
506 1127 628 1163 cum
649 1105 907 1161 haberent
925 1144 943 1168 ‚
980 1102 1270 1161 confertim
1290 1101 1594 1183 superfusos
1613 1104 1705 1160 fibi
1723 1104 1848 1161 Ro-

232 1211 426 1246 manos
444 1190 591 1246 nullo
613 1187 784 1253 modo
806 1207 980 1243 arcete
1003 1206 1275 1264 poterant?
1312 1186 1380 1242 sic
1411 1185 1619 1243 aversos
1646 1184 1849 1266 pleros-

232 1292 338 1350 que
360 1311 374 1331 ‚
410 1272 473 1329 ad
495 1289 729 1327 mortem
750 1269 964 1326 caedunt
992 1272 1248 1327 Romani.
1295 1271 1456 1326 Forte
1487 1268 1683 1325 eodem
1704 1287 1849 1325 tem-

228 1374 365 1430 pore
386 1353 573 1410 accidit
595 1372 652 1409 ut
685 1353 1099 1433 elephantorum
1133 1373 1272 1409 unus
1292 1393 1308 1420 ‚
1347 1350 1437 1409 seu
1459 1352 1678 1408 vulnere
1699 1372 1850 1408 acce-

229 1456 330 1515 pto
352 1477 367 1503 ,
407 1454 466 1492 ut
494 1435 711 1514 quidam
735 1455 948 1492 narrant
970 1477 985 1503 ‚
1027 1433 1113 1492 seu
1135 1435 1325 1514 sponte
1353 1437 1570 1491 territus
1589 1452 1849 1500 verteret,

231 1518 496 1596 cursuque
515 1516 682 1576 effuso
702 1521 1001 1597 proriperet
1035 1516 1137 1575 sese
1159 1560 1174 1583 ,
1207 1522 1278 1575 ita
1302 1535 1360 1575 ut
1378 1517 1685 1574 not-{modo
1714 1517 1853 1591 dejiff

231 1619 376 1656 ceret
397 1621 493 1656 eos
518 1603 609 1679 qui
631 1600 998 1658 inscenderant
1019 1641 1034 1667 ‚
1066 1599 1153 1657 sed
1172 1595 1232 1657 &s
1246 1602 1476 1657 aliorum
1499 1599 1740 1657 turbaret
1758 1619 1852 1656 or-

233 1682 405 1739 dines,
449 1687 559 1737 Iam
582 1704 643 1738 ex
666 1680 732 1738 eo
755 1687 921 1759 magis
943 1686 1219 1761 magisque
1235 1680 1422 1762 fugere
1443 1681 1692 1750 Barbari,
1725 1684 1853 1740 Ro-

233 1768 382 1822 mani
400 1767 622 1843 impune
641 1761 847 1843 grassari
869 1763 1116 1822 caedibus.
1164 1766 1348 1821 Mirari
1369 1765 1485 1821 heic
1512 1764 1650 1820 subit
1674 1805 1696 1831 ,
1727 1766 1852 1821 Ro-

234 1852 465 1914 manos,
497 1867 620 1903 cum
654 1867 767 1901 non
801 1844 1062 1902 nescirent
1091 1866 1278 1902 contra
1311 1845 1725 1925 elephantorum
1744 1849 1852 1902 im·-

235 1947 426 2007 petum
447 1973 461 1993 ,
500 1950 703 2006 magno
725 1925 967 1983 hostibus
987 1925 1233 1985 futurum
1256 1926 1402 1996 usui,
1433 1929 1720 2006 quaerenda
1753 1927 1850 1986 fibi

235 2011 470 2068 remedia
485 2050 502 2074 ,
543 2011 674 2066 nihil
692 2007 867 2066 feciffe
887 2011 1037 2088 quod
1057 2010 1381 2089 oportebat,
1416 2008 1664 2087 praesente
1685 2010 1869 2067 nimi-⁷

237 2114 358 2150 rum
390 2095 627 2170 periculo
651 2090 1019 2163 consternatos
1044 2115 1055 2147 ε
1097 2090 1214 2148 casu
1238 2114 1365 2150 vero
1387 2093 1674 2171 impletum
1698 2092 1851 2172 quod

192 2242 194 2246 Ι
237 2174 336 2252 ipsi
370 2171 672 2231 omiserant.
721 2175 874 2241 Quid
914 2172 1206 2252 significem
1225 2216 1240 2241 ,
1287 2179 1518 2252 apertius
1549 2176 1859 2253 explicabQ

241 2260 376 2325 Quo
396 2263 642 2335 tempore
676 2255 948 2312 Chosroes
970 2268 1021 2312 &c
1046 2256 1209 2312 Perste
1237 2255 1434 2313 Edeffae
1456 2261 1645 2314 maenia
1673 2261 1852 2337 impu-

237 2339 500 2416 gnabant,
521 2360 583 2394 ex
605 2337 898 2417 elephantis
919 2360 1077 2403 umis,
1099 2337 1372 2396 Persarum
1393 2337 1606 2396 infessus
1631 2346 1682 2396 δέ
1706 2335 1873 2397 mul-7

238 2425 309 2476 tis
329 2427 380 2477 ὃς
400 2422 668 2477 acerrimis
689 2461 703 2486 ‚
737 2441 906 2497 prope
926 2423 1114 2478 maenia
1133 2443 1256 2478 cum
1278 2419 1493 2478 stetiffet
1513 2463 1529 2487 ,
1549 2442 1737 2497 parum
1759 2422 1851 2479 ab·

240 2520 351 2558 erat
372 2546 385 2567 ‚
419 2506 550 2581 quin
569 2500 871 2563 defensores
892 2505 1052 2558 turris
1072 2544 1088 2569 ,
1133 2503 1194 2559 ad
1214 2525 1374 2581 quam
1396 2501 1667 2560 accesserat
1686 2544 1703 2569 ,
1732 2524 1850 2560 cre-

240 2584 436 2640 britate
461 2585 743 2640 vulnerum
764 2626 779 2651 ‚
803 2606 922 2663 quae
944 2588 999 2640 in
1021 2606 1114 2640 eos
1135 2606 1198 2641 ex
1219 2584 1368 2641 edito
1387 2586 1734 2664 ingruebant,
1751 2584 1852 2643 dis-

239 2666 481 2722 turbaret
499 2707 516 2732 ,
558 2667 857 2743 urbemque
893 2667 1039 2724 daret
1070 2667 1401 2746 capiendam.
1444 2672 1517 2724 ita
1553 2666 1706 2725 usum
1731 2668 1852 2744 ejus
1887 2703 1888 2721 i

240 2746 498 2804 machina:
519 2791 534 2809 ,
565 2769 726 2826 quam
757 2749 1071 2825 Helepolim
1103 2747 1369 2809 vocabant
1390 2790 1404 2810 ‚
1438 2749 1713 2826 praestabat
1733 2750 1852 2807 bel-
1887 2759 1888 2793 ¹

239 2830 349 2885 lua.
391 2829 476 2886 sed
496 2830 766 2893 Romani,
790 2851 958 2908 porco
979 2850 1197 2908 repente
1215 2832 1280 2888 de
1301 2834 1434 2887 turri
1452 2829 1697 2912 suspenso
1713 2873 1730 2899 ‚
1768 2835 1869 2903 xli-2

240 2930 424 2968 tarunt
445 2915 753 2988 periculum.
798 2914 941 2968 Nam
963 2919 1317 2991 grunnitu,ut
1338 2934 1459 2970 mos
1478 2918 1522 2970 ei
1543 2915 1732 2992 pecudi
1752 2912 1850 2981 est,

241 2993 388 3053 edito
409 3035 427 3064 ,
467 2993 781 3074 elephantus
802 3035 818 3062 ³
854 2991 1112 3052 offensam
1143 2994 1372 3054 sentiens
1392 3036 1410 3065 ,
1454 2997 1761 3055 commovit
1774 2992 1846 3062 se,

1709 3096 1843 3134 mox
