1888 3428
187 157 586 215 HISTORIAE
626 153 1390 215 VANDAL1CAE'LIB·II.'
1539 169 1624 229 ρι’

22 253 200 301 autem
220 246 334 302 non
352 233 450 305 est,
466 235 809 295 invalidiores
827 230 894 289 ab
912 236 974 291 iis
994 237 1204 300 metui,
1240 241 1334 315 qui
1354 238 1628 302 validiori-

23 323 126 382 bus
157 321 453 401 superiores
481 316 651 377 fuere.
693 322 806 375 Iam
832 316 1044 374 Mauris
1060 322 1346 377 communi
1371 327 1624 387 omnium

18 405 225 481 judicio
258 401 391 462 nihil
407 405 586 460 minus
615 399 843 470 ad-bella
865 399 1164 458 idoneum:
1200 402 1346 460 nuda
1364 406 1626 486 plerisque

22 495 283 566 corpora:
317 482 464 542 scuta
481 482 517 542 li
535 481 731 564 quibus
746 479 869 539 sunt
889 523 906 549 ‚
930 480 1108 541 brevia
1127 524 1143 548 ‚
1176 480 1316 542 faeta
1342 489 1624 566 imperite,

23 591 123 627 nec
145 567 382 626 arcendis
397 565 697 625 insultibus.
729 562 850 643 post
867 565 1031 639 jafras
1045 564 1215 624 hastas
1232 566 1362 625 duas
1381 609 1398 635 ‚
1418 568 1455 626 fi
1472 567 1629 630 fefel-

25 654 182 709 lerint
202 690 219 716 ‚
255 668 442 729 praeter
470 647 652 728 fugam
673 646 801 705 nihil
818 649 1104 727 reliquum.
1142 670 1322 729 eoque
1344 670 1629 730 promtum

25 734 183 792 vobis
200 774 216 802 ,
242 736 417 811 primo
440 730 791 789 barbarorum
822 733 1032 810 impetu
1050 731 1320 789 declinato
1340 755 1526 812 capere
1546 739 1632 795 vi·-

24 809 271 872 ἃοτὶεῑηι.
287 819 456 872 Arma
472 816 688 871 illorum
708 819 760 869 &
780 813 958 870 nostra
976 831 1242 892 quantum
1262 815 1504 874 interest?
1522 822 1630 878 Ac-

24 897 223 962 cedunt
241 897 305 954 ad
321 895 432 955 haec
450 899 660 954 animus
680 897 745 953 ad
766 899 1024 954 virtutem
1046 895 1265 954 duratus
1281 939 1296 960 ,
1333 920 1632 977 corporum

25 982 160 1038 vires
176 1021 193 1046 ,
210 977 336 1036 belli
355 981 541 1058 peritia
557 1020 574 1046 ‚
603 1000 674 1036 ex.
687 978 958 1057 prioribus
976 976 1294 1036 successibus
1311 979 1631 1062 fiducia‚pro

26 1061 216 1119 nobis:
250 1061 458 1124 Mauris
478 1065 743 1120 contraria
762 1063 976 1130 omnia,
1012 1060 1147 1118 boni
1168 1062 1297 1120 nihil
1317 1081 1508 1141 praeter
1524 1087 1631 1124 nu·-

25 1164 258 1206 merum.
312 1145 499 1201 Paucis
534 1162 717 1201 autem
748 1142 888 1201 bene
925 1148 1113 1222 paratis
1141 1141 1514 1227 instruffisque
1547 1153 1633 1206 in-

26 1244 244 1307 gentem
274 1228 521 1303 quamvis
538 1269 555 1295 ‚
591 1243 644 1283 at
673 1225 1007 1301 inconditam
1038 1226 1270 1304 bellique
1304 1231 1501 1285 artium
1538 1252 1633 1287 ex-

27 1322 234 1387 pertem
251 1309 653 1367 multitudinem
674 1311 887 1366 vincere
905 1347 921 1368 ,
937 1329 1099 1387 quam
1120 1311 1261 1366 vinci
1279 1306 1503 1367 facilius.
1518 1316 1634 1369 Bo-

27 1411 102 1447 no
123 1393 322 1469 quippe
343 1391 496 1446 militi
516 1411 578 1447 ex
594 1388 644 1447 se
662 1389 876 1447 audacia
897 1411 910 1444 :
953 1389 1120 1449 turbae
1140 1387 1374 1448 confisos
1391 1390 1520 1472 saepe
1539 1415 1636 1451 an-

27 1471 211 1551 gustiae
234 1472 485 1531 locorum
516 1492 584 1529 eo
607 1471 895 1551 redigunt,
928 1489 988 1529 ut
1005 1493 1104 1551 pro
1135 1477 1318 1552 paucis
1337 1472 1468 1532 fint:
1521 1476 1634 1533 Ca-

28 1556 202 1614 melos
234 1551 364 1610 istos
390 1575 553 1633 quam
584 1553 719 1609 libet
750 1552 1036 1632 spernere?
1081 1557 1176 1632 qui
1209 1576 1309 1611 nec
1345 1555 1636 1635 prohibere

28 1635 239 1693 hostem
257 1638 435 1694 valent
453 1677 471 1702 ‚
488 1641 562 1702 &‚
584 1632 620 1690 fi
639 1635 989 1697 vulnerentur
1004 1677 1020 1699 ,
1065 1633 1287 1713 strepitu
1306 1676 1322 1701 ‚
1355 1655 1529 1708 metu,
1545 1660 1637 1696 or-

28 1717 329 1796 dinumque
358 1714 699 1776 diffolutione
744 1715 966 1774 turbant
1001 1720 1209 1774 omnia.
1232 1734 1238 1739 ·
1264 1718 1490 1777 Pavebit
1536 1742 1637 1780 vo-

31 1799 115 1872 bis
146 1807 201 1857 &
236 1797 340 1878 ipse
358 1798 524 1856 hostis
551 1802 788 1878 impetus
817 1801 982 1878 priori
1009 1795 1258 1857 felicitate
1292 1821 1638 1880 provocatus.

33 1883 275 1942 Audacia.
292 1887 436 1943 enim
450 1922 467 1949 ‚
485 1879 616 1938 ficut
636 1882 781 1939 utilis
798 1879 899 1938 effe
918 1879 1090 1959 potest
1110 1925 1125 1947 ,
1146 1886 1283 1939 intra
1304 1887 1497 1943 virium
1516 1906 1637 1944 mo-

34 1965 164 2023 dum
185 2006 201 2032 ,
217 1969 289 2022 ita
307 1962 342 2021 fi
368 1984 494 2021 eum
513 1982 665 2020 exeat
683 2003 701 2029 ‚
722 1967 1017 2043 praecipites
1042 1963 1297 2022 homines
1326 1971 1381 2024 in
1396 1969 1637 2047 pericula

35 2051 169 2127 agit..
199 2048 341 2105 *Haec
359 2045 395 2103 fi
413 2049 778 2127 cogitaveritis
797 2087 812 2114 ‚
832 2045 1155 2125 hostemque
1174 2049 1605 2129 contempseritis
1619 2093 1637 2119 ‚

35 2130 223 2187 rudem
241 2147 401 2208 atque
434 2127 752 2206 indigestam
776 2129 1183 2187 multitudinem
1216 2129 1424 2190 filentio
1444 2141 1503 2190 ac
1532 2134 1641 2192 levi

37 2209 213 2269 labore
235 2209 471 2291 superare
487 2209 723 2269 dabitur..
767 2212 922 2268 Talia
941 2208 1091 2268 fuere
1112 2213 1430 2272 Solomonis
1458 2214 1635 2275 verba.

36 2295 154 2352 Nec
172 2294 356 2374 segnes
388 2294 568 2350 Mauri
588 2295 855 2373 principes
883 2292 1155 2352 hortando
1192 2300 1245 2351 &
1266 2294 1361 2374 ipsi
1388 2295 1492 2354 suis
1524 2302 1642 2355 ani-

40 2375 414 2444 mosaddere,
442 2396 586 2456 quos
619 2375 875 2435 videbant
906 2375 1170 2456 perculsos
1191 2378 1256 2436 ad
1287 2377 1640 2459 conspestum

39 2476 149 2516 tam
162 2458 298 2516 bene
318 2458 550 2517 ordinati
561 2457 766 2517 hostilis
781 2461 1336 2518 exercituS.R0manis
1356 2465 1531 2541 qualia
1547 2484 1644 2521 cae-

40 2543 165 2598 teris
177 2539 492 2600 hominibus
511 2538 610 2599 effe
628 2562 856 2621 corpora
869 2582 886 2609 ,
923 2539 1065 2600 ferro
1086 2564 1199 2602 non
1213 2544 1644 2623 impenetrabilia

41 2622 321 2681 didicimus
339 2669 354 2690 ,
387 2626 714 2683 commilites
732 2666 750 2694 ‚
768 2646 908 2682 *curn
924 2625 1005 2683 his
1038 2625 1228 2685 diebus
1259 2630 1522 2706 primores
1543 2650 1643 2686 eo-

43 2724 163 2761 rum
198 2708 386 2782 partim
403 2705 561 2765 hastis
581 2704 853 2765 confoffos
887 2706 1299 2786 prostravimuS‚
1338 2714 1532 2790 partim
1554 2731 1641 2768 ca-

44 2802 171 2864 ptos
187 2788 455 2864 potestatis
468 2788 658 2850 nostrae
676 2788 924 2847 fecimus.
966 2793 1128 2849 Tales
1161 2813 1286 2849 cum
1318 2795 1505 2851 noritis
1522 2834 1539 2861 ‚
1560 2794 1643 2850 vi-

43 2867 180 2925 detis
197 2866 348 2928 simul
365 2888 626 2951 quantum
653 2872 759 2929 hoc
777 2890 1024 2952 tempore
1057 2895 1287 2932 numero
1316 2874 1641 2952 praestemus.

46 2948 249 3030 Magna
265 2970 345 3011 res
361 2972 590 3013 certatur
608 2996 623 3024 ,
642 2952 910 3015 Africaene
938 2960 1092 3016 omni
1111 2959 1439 3036 imperemus
1458 2996 1474 3026 ,
1494 2976 1560 3013 an
1579 2955 1645 3092 ill*

1604 3054 1647 3090 is
