1888 3428
228 200 335 276 398
559 200 955 263 PRocoeu
996 193 1546 250 CAESAREENSIS

220 299 422 337 norum
443 279 680 335 militum
699 278 763 334 ad
781 276 918 336 aedes
934 273 1096 333 sacras
1115 277 1209 353 qui
1228 269 1584 352 confugerant
1597 313 1614 341 ,
1631 270 1738 330 fide
1755 271 1836 330 saa·

223 364 353 422 lutis
369 354 582 439 accepta
614 359 678 415 ad
711 359 957 415 Totilam
978 378 1191 413 venere.
1232 359 1277 412 is
1294 357 1534 413 Romam
1551 375 1728 435 neque
1747 355 1839 413 de·
1876 355 1888 358 ⁴

223 446 330 502 lere
351 453 527 521 neque
550 441 915 519 derelinquere
936 439 1072 495 ultra
1089 441 1144 495 in
1163 441 1347 494 animo
1366 436 1606 502 habens,
1642 440 1838 516 partim

226 524 498 585 Gotthos‚
516 526 706 602 partim
725 525 1162 582 Romanos‚tum
1177 519 1594 581 senatores‚tum
1612 519 1640 575 ὲ
1659 517 1839 597 plebe,

224 609 289 665 ad
307 605 649 663 habitandam
671 604 864 661 urbem
896 603 1146 661 inducere
1174 600 1473 659 constituit.
1513 602 1644 678 Ejus
1663 599 1868 658 consi-²

226 693 285 747 lii
306 687 454 746 causa
477 687 587 745 haec
605 684 728 745 fuit.
770 689 905 745 Non
932 688 1106 742 multo
1139 703 1263 741 ante
1282 684 1499 741 Totilas
1519 684 1583 741 ad
1601 684 1842 739 Franco-

228 794 351 830 rum
387 791 574 850 regem
607 768 815 826 miserat
834 808 850 834 ‚
887 766 1051 824 filiam
1087 772 1200 843 ejus
1233 765 1329 823 fibi
1349 769 1405 824 in
1426 768 1841 822 matrimonium
1870 792 1873 794 ’

230 852 541 932 deposcens.
582 853 667 909 ille
686 871 864 908 autem
884 849 1175 917 abnuerat,
1209 869 1409 928 negans
1429 866 1519 905 aut
1536 845 1635 904 effe
1655 868 1840 927 regem
1865 914 1869 917 ξ

231 937 389 993 Italiae
418 936 663 991 Totilam
694 952 784 990 aut
807 953 1049 1012 unquam
1068 929 1185 988 fore
1204 972 1219 992 ,
1254 934 1348 1011 qui
1369 933 1611 989 Romam
1631 948 1841 1009 captam

231 1015 495 1097 nequiffet
530 1036 708 1072 tenere
730 1055 745 1080 ‚
777 1012 865 1073 sed
892 1035 1010 1071 eam
1041 1036 1104 1071 ex
1145 1033 1288 1092 parte
1314 1013 1567 1071 nudatam
1596 1011 1843 1070 hostibus

154 1104 157 1105 ⁷
232 1098 533 1179 reliquisset.
579 1096 654 1153 ob
673 1097 728 1154 id
749 1117 948 1177 magno
970 1094 1148 1153 studio
1183 1097 1505 1152 alimentain
1526 1093 1715 1152 urbem
1736 1097 1844 1151 im—

232 1184 431 1260 portari
451 1180 684 1243 curabat‚
705 1186 757 1236 &
774 1198 935 1257 quam
956 1180 1228 1234 celerrime
1238 1177 1465 1253 jubebat
1480 1177 1706 1244 restitui,
1725 1198 1844 1255 quae

233 1263 361 1342 ipse,
384 1283 505 1319 cum
527 1266 673 1338 prius
692 1260 881 1317 urbem
901 1278 1108 1338 caperet
1125 1299 1140 1325 ‚
1160 1256 1391 1338 fregerat
1408 1256 1701 1336 usseratque
1725 1280 1737 1314 :
1757 1256 1844 1315 sed

235 1351 291 1401 &
314 1346 854 1421 Romanorum-quos
882 1345 939 1397 in
975 1341 1277 1420 Campania
1305 1339 1543 1400 servabat
1560 1360 1680 1398 tum
1703 1339 1847 1396 sena-

235 1430 411 1484 torios
443 1430 586 1483 viros
618 1470 631 1489 ,
669 1442 788 1495 tum
807 1425 940 1482 alios
959 1426 1015 1481 in
1041 1422 1230 1481 urbem
1251 1426 1405 1480 acciri
1427 1422 1584 1498 jubet
1621 1446 1634 1479 :
1669 1443 1848 1501 equo-

209 1586 211 1588 ·
233 1530 467 1588 rumque
486 1507 732 1565 instituto
751 1509 1037 1565 certamine
1056 1510 1352 1563 exercitum
1373 1524 1516 1585 parat
1536 1508 1592 1563 in
1614 1505 1849 1563 Siciliam

233 1587 642 1649 transmissurus.
683 1592 862 1647 Etiam
899 1589 961 1647 ad
994 1591 1175 1646 navale
1195 1590 1434 1666 praelium
1453 1629 1469 1655 ,
1499 1586 1536 1645 si
1553 1592 1625 1645 ita
1641 1608 1722 1655 res
1739 1584 1850 1644 fer-

237 1692 317 1731 ret
334 1714 347 1735 ,
369 1692 542 1752 parata
561 1672 789 1729 habebat
807 1674 1018 1751 navigia
1037 1675 1248 1728 minora
1267 1671 1656 1750 quadringenta
1673 1711 1690 1737 ,
1731 1690 1849 1726 ma·-

238 1778 345 1837 gna
363 1772 611 1833 praeterea
637 1757 951 1831 mult'a,quae
971 1753 1035 1809 ab
1054 1759 1381 1831 Imperatore
1400 1774 1462 1809 ex
1485 1755 1707 1809 orientis
1726 1771 1849 1830 par-

237 1838 386 1895 tibus
406 1834 549 1894 mifl‘a
566 1858 690 1892 cum
711 1838 867 1893 omni
883 1856 1048 1891 onere
1066 1832 1478 1912 vectoribusque
1509 1831 1604 1891 sub
1636 1833 1689 1890 id
1707 1851 1849 1890 tem·
1884 1874 1888 1878 ⁴

239 1942 338 2000 pus
358 1938 584 1997 ceperat.
628 1919 798 1975 Simul
817 1916 1148 1995 Stephanum
1167 1920 1337 1974 civem
1360 1919 1678 1985 Romanum
1703 1917 1851 1996 lega—

239 2022 358 2060 tum
383 2001 522 2057 misit
541 1999 604 2056 ad
622 2006 1004 2078 Imperatorem
1027 2043 1040 2061 ,
1078 1998 1467 2077 componendo
1486 1997 1629 2055 bello
1651 2018 1743 2075 per
1763 1998 1849 2054 fe·-

242 2085 342 2142 dus
361 2082 544 2140 sociale
564 2124 579 2148 ‚
598 2104 659 2138 ex
681 2103 792 2161 quo
815 2081 1017 2156 Gotthi
1036 2082 1087 2138 in
1109 2081 1287 2138 hostes
1301 2083 1434 2136 alios
1450 2101 1593 2137 arma
1614 2077 1701 2136 sua
1723 2101 1848 2137 cum

242 2169 510 2224 Romanis
540 2171 846 2242 jungerent.
895 2168 969 2220 At
992 2164 1392 2221 Iustinianusne
1416 2162 1481 2219 ad
1499 2161 1848 2240 conspectum

240 2248 461 2329 quidem
480 2246 631 2304 suum
651 2246 794 2302 hunc
812 2244 1267 2326 admisitlegatum
1290 2286 1303 2306 ‚
1337 2245 1468 2301 adeo
1489 2247 1634 2324 parvi
1652 2242 1853 2301 faciens

239 2351 359 2410 quae
376 2326 663 2388 adferebat.
711 2328 887 2394 Quod
909 2326 1000 2384 ubi
1015 2331 1279 2408 cognovit
1294 2330 1351 2384 T
1355 2329 1510 2384 otilas
1529 2327 1593 2385 ad
1614 2324 1735 2383 belli
1755 2348 1852 2405 pa-

243 2432 388 2470 ratus
425 2415 594 2491 magis
626 2413 786 2467 etiam
817 2408 867 2467 se
901 2413 1169 2468 excitavit.
1212 2412 1291 2465 Ex
1332 2409 1425 2466 usu
1460 2413 1508 2466 ei
1544 2406 1850 2470 videbatur,

243 2499 463 2554 tentatis
481 2513 601 2551 ante
618 2494 1025 2554 Centumcellis‚
1041 2493 1232 2550 deinde
1253 2496 1306 2547 in
1325 2493 1549 2548 Siciliam
1569 2487 1849 2570 proficisci.

241 2577 495 2657 Regebat
530 2574 827 2654 praesxdium
858 2595 972 2630 non
1004 2576 1201 2633 modici
1220 2574 1402 2631 militis
1417 2576 1703 2654 Diogenes
1726 2570 1854 2629 esa-

240 2658 504 2718 tellitibus
520 2656 764 2714 Belisarii.
812 2655 1017 2712 Gotthi
1049 2676 1107 2715 ut
1136 2677 1302 2736 prope
1321 2674 1621 2724 venerunt,
1654 2655 1854 2732 vallatis

242 2741 340 2800 sub
361 2743 564 2798 moenia
581 2739 755 2798 castris
774 2780 790 2807 ,
816 2736 1184 2796 obsidentibus
1201 2737 1351 2795 solita
1367 2741 1590 2819 agitant.
1635 2728 1855 2794 Totila‘s

242 2827 431 2903 legatis
450 2823 513 2880 ad
532 2824 845 2903 Diogenem
866 2820 1161 2901 militesque
1181 2817 1359 2885 misES,
1378 2821 1645 2888 hortatur,
1665 2817 1699 2875 fi
1718 2840 1855 2898 pra:-

242 2909 318 2965 lio
337 2928 447 2963 rem
468 2909 812 2964 committere
834 2903 1032 2960 vellent
1050 2946 1066 2971 ,
1087 2925 1153 2960 ne
1170 2904 1562 2961 cunctarentur.
1609 2921 1733 2958 nam
1753 2923 1853 2958 au-

245 2990 505 3049 xiliorum
526 2986 590 3046 ab
609 2993 938 3069 Imperatore
956 2989 1154 3047 nullam
1174 2984 1272 3046 effe
1290 2984 1436 3067 spem
1470 3008 1485 3045 τ
1519 3005 1695 3067 neque
1719 2988 1854 3045 vires

1807 3084 1858 3125 el
