1888 3428
1554 127 1585 135 a
1610 128 1617 139 ;

171 192 272 229 AD
294 170 674 238 GoTTHos
709 172 1236 230 PERTINENT1s
1279 174 1483 229 L113..I
1558 191 1664 250 531

49 255 430 318 contrafiuum
451 273 591 318 cura,
611 273 788 331 neque
804 254 912 309 Dei
929 251 1078 307 cultu
1101 251 1473 327 discrepante&
1511 253 1676 311 Chri-

45 335 227 393 stiani-
222 339 384 398 enim
420 356 617 397 omnes
632 333 772 392 sunt
805 321 1212 392 rectiffimarum
1244 334 1671 393 sententiarum:-

47 402 293 483 habent
283 439 363 480 iu
374 416 593 496 oppidis
626 413 998 496 magistratus»,
1044 413 1246 473 habent
1274 412 1578 474 sacerdotes
1612 424 1676 475 &-

47 521 371 558 communes
391 499 674 556 nobiscum
693 498 857 556 festos
875 498 1022 564 dies,
1042 504 1128 563 δε,
1153 517 1212 556 ut
1231 503 1372 555 inter
1391 497 1671 592 barbaroe,

42 581 659 668 infignimibividetntur
689 580 949 639 modestia
981 599 1141 659 atque
1176 581 1547 638 humanitate:
1582 583 1671 638 vix
1746 634 1748 636 .

43 683 107 721 ut
126 660 419 745 quicquam
439 686 533 726 eos
552 687 580 721 a
598 662 773 721 nobis
790 661 1155 730 discriminet,
1196 684 1384 740 praeter
1420 661 1669 720 habitum

43 747 383 812 barbaricum
405 751 745 826 patriumque
761 743 1087 802 sermonem.
1135 746 1325 803 Mirari
1347 744 1467 803 sane
1492 744 1634 802 subit
1650 785 1668 810 ‚

46 844 166 887 tum
190 831 286 887 alia
305 851 497 886 eorum
519 829 699 895 bona,
739 846 858 885 tum
874 827 1121 904 justitiae
1110 847 1247 886 inter
1264 827 1314 886 se
1332 828 1675 886 concordiae-

49 932 157 991 que
175 914 412 977 tutelam.
456 913 600 968 Nam
621 916 675 967 &
695 910 918 971 antehac
939 917 993 968 &
1018 932 1138 967 mea
1170 931 1321 969 aetate
1342 917 1398 969 in
1417 930 1525 968 tres
1547 910 1672 1001 plu-

44 1016 197 1052 resve
212 993 361 1052 divifi
381 1014 532 1073 reges
551 1014 834 1072 nunquam
865 997 922 1050 in
960 995 1164 1051 bellum
1198 994 1538 1058 exarserunt,
1576 1012 1675 1050 nec

48 1079 275 1157 patriam
290 1073 556 1133 faedarunt
578 1079 719 1133 civili
738 1075 1013 1155 sanguine.
1059 1081 1234 1156 Atqui
1255 1077 1347 1134 ubi
1379 1083 1466 1151 jus
1494 1080 1672 1150 impe-

42 1181 107 1216 ru
127 1157 582 1226 controversum
611 1166 664 1216 <Sc
687 1161 901 1238 aequalis
924 1163 1155 1238 partium
1189 1166 1469 1238 potentia,
1499 1156 1674 1215 inflari

41 1239 215 1299 solent
236 1247 297 1299 δε
312 1240 614 1298 crudescere
632 1244 832 1304 animi,
834 1244 1110 1299 attollere
1142 1240 1192 1298 se
1228 1242 1506 1300 honorum
1535 1243 1639 1297 loci
1630 1271 1677 1284 -·

43 1344 152 1404 que
172 1326 425 1403 principis
446 1327 717 1403 appetitus
734 1330 791 1380 &
811 1344 931 1402 quae
965 1327 1072 1383 aliae
1101 1322 1416 1382 affeffiones
1448 1322 1675 1381 seditio-.-

44 1428 182 1464 num
203 1428 260 1469 ac
278 1407 618 1468 tumultuum
639 1403 760 1464 sunt
791 1406 1054 1486 gravidae·
1089 1407 1303 1486 Apud
1292 1404 1432 1487 ipsos
1451 1425 1633 1463 tamen
1654 1445 1688 1473 ,>

46 1485 221 1553 sciffos
237 1507 590 1569 uantumvis
605 1487 772 1568 sae..‚pe
802 1508 873 1545 ut
894 1490 1037 1557 dixi,
1070 1493 1344 1568 imperiis,
1377 1488 1510 1547 nihil
1536 1490 1674 1545 talet

43 1570 134 1630 sed
153 1577 207 1629 δε
226 1570 261 1629 fi
279 1572 464 1649 quod
451 1591 589 1629 mter
608 1593 762 1652 reges
779 1568 1080 1637 diffidium
1068 1578 1441 1640 intervenerit,
1457 1591 1674 1628 arman-

45 1671 142 1716 tur
139 1654 375 1733 quidem
411 1676 640 1722 omnm,
678 1655 824 1711 velut
849 1654 1032 1711 Marte
1068 1653 1209 1711 usuri
1231 1655 1469 1721 arbitr0,
1502 1657 1674 1732 inque

44 1757 297 1814 campum
322 1736 659 1814 procedunt:
682 1736 770 1794 sed
793 1736 890 1793 ubi
905 1740 1135 1793 invicem
1153 1735 1201 1793 se
1225 1736 1547 1816 conspexere
1566 1750 1673 1814 po-

45 1822 195 1897 puli,
198 1817 483 1884 desidente
501 1818 625 1880 aestu
643 1819 706 1875 ad
726 1823 868 1897 pacis
886 1840 1131 1877 amorem
1151 1819 1414 1887 redeunt,
1448 1819 1678 1894 jubent-

43 1923 155 1981 que
175 1923 336 1983 reges
343 1918 460 1981 quae
480 1900 739 1981 ambigua
757 1901 958 1959 habent
989 1908 1110 1979 jure
1143 1905 1327 1981 potius
1345 1901 1671 1997 disceptare,

43 2003 140 2042 aut
160 1982 195 2040 fi
217 1985 271 2042 id
286 1984 559 2048 abnuant,
581 1982 764 2063 ipsos
751 2005 891 2042 inter
908 1983 959 2042 se
978 1984 1228 2066 {iugulari
1263 1987 1554 2042 certamine
1574 2005 1671 2040 ex·-

46 2070 249 2146 periri,
254 2066 426 2152 quod
443 2088 661 2147 aequum
681 2089 795 2125 non
816 2067 877 2127 ht
893 2089 1074 2148 neque
1094 2071 1271 2147 patriis
1285 2067 1528 2148 ipsorum
1546 2087 1675 2123 mo-

47 2150 195 2208 ribus
242 2170 572 2229 congruens
595 2149 670 2210 ob
718 2155 945 2229 privatas
990 2150 1230 2230 ipsorum
1279 2147 1673 2208 controversias

31 2231 437 2312 'rempublicam
472 2230 815 2299 labefactari,
853 2231 1070 2292 forte&
1102 2237 1290 2291 everti
1337 2234 1530 2292 Subito
1564 2234 1672 2312 igi-

46 2333 134 2380 tur
165 2312 458 2374 difl'olvunt
492 2318 660 2381 acie8‚
697 2316 983 2394 deponunt
1016 2337 1199 2384 arma3
1239 2339 1340 2396 pax
1377 2321 1576 2374 iterum
1615 2321 1670 2371 δε

39 2398 396 2478 -ttanquillitas
433 2404 488 2455 &
524 2396 631 2455 fine
670 2398 892 2456 custode
923 2418 1273 2458 commeatus*
1296 2419 1458 2478 atque
1494 2399 1671 2455 conoe

39 2484 204 2561 quia,
236 2484 512 2561 longeque
545 2482 632 2540 illa
662 2502 782 2561 quae
817 2481 1165 2552 timebantur.
1209 2486 1391 2539 Tanta
1420 2480 1673 2556 subjectis

36 2567 199 2644 aqui
215 2569 503 2643 patriaeque
537 2567 870 2622 reverentia:
898 2583 1053 2621 tanta
1083 2564 1477 2643 imperantibus
1516 2563 1675 2618 boni-

42 2663 162 2710 tas,
198 2652 253 2703 δέ
288 2651 358 2708 in·
370 2645 495 2705 suos
528 2646 878 2741 obsequium.
919 2647 1152 2705 Talibus
1185 2645 1234 2705 se
1270 2648 1549 2705 moribus
1529 2667 1671 2722 Jam-

49 2728 263 2807 dudum
299 2732 355 2786 in
382 2733 635 2808 imperio.
649 2730 844 2788 valido
859 2727 1189 2798 sustentant,
1217 2731 1453 2811 legibus
1463 2730 1670 2807 semper

44 2796 273 2879 iisdem,
306 2811 491 2871 damni
510 2812 647 2870 adeo
665 2830 939 2890 expet-tm,
958 2832 1022 2870 ut
1041 2813 1250 2892 pridem
1272 2810 1506 2892 poffeffis
1529 2811 1671 2867 mul-

53 2910 113 2950 ta
146 2895 528 2967 adjunxetint.·
524 2897 832 2953 Nimirum
855 2894 1059 2971 justitia
1092 2902 1146 2952 &
1181 2893 1336 2953 famae
1372 2894 1665 2971 respe&u5‚

43 2975 256 3065 quibus
273 2976 614 3064 institutione
629 2977 785 3039 iufita
799 2978 921 3042 sunt
940 3017 955 3040 ,
977 2977 1168 3035 statum
1188 2976 1433 3059 praestant
1453 2977 1671 3031 beatum

967 3060 1046 3123 Ll
1092 3082 1121 3117 2
1209 3074 1214 3078 ’
1630 3072 1689 3112 ac
