1888 3428
227 163 671 221 Gowrmcffi
712 158 1129 217 H1s‘r0R1AE
1173 165 1377 219 L1ss.I.
1514 183 1620 236 191

10 263 136 302 mos
155 243 337 301 habet.
359 250 435 301 At
453 245 693 300 Romani
713 258 1024 298 metuentes
1042 261 1111 297 ne
1129 263 1252 299 cum
1278 243 1432 302 sociis
1448 243 1628 303 hostes

11 346 120 383 una
139 323 190 384 se
223 331 360 384 intra
379 330 567 383 maenia
585 321 936 382 infunderent
955 364 973 391 ‚
1009 325 1213 401 aperire
1231 342 1412 403 portas
1433 329 1628 384 nolue-

9 425 138 465 runt
160 450 178 477 ‚
197 429 506 489 quanquam
524 406 746 480 jubente
764 444 782 479 ρ
804 407 937 484 quin
954 411 1008 463 ὅ(
1031 408 1202 463 minas
1221 405 1448 464 addente
1467 449 1484 475 ,
1521 413 1629 465 Be—

8 487 202 546 lisari0.
244 511 422 570 neque
442 493 585 546 enirn
603 508 728 545 eum
765 486 819 543 hi
838 488 929 565 qui
949 508 1015 544 ex
1048 488 1288 545 turribus
1324 489 1631 568 prospe&a-

8 569 500 652 bant,«dignoscere
518 573 821 650 quiverant.
866 574 945 626 Ita
962 567 1154 627 faciem
1175 590 1443 651 caputque
1461 593 1630 631 omne

8 655 189 731 pulvis
203 653 471 733 sudorque
494 661 547 710 &
568 651 796 729 aspersus
815 673 973 710 cruor
991 650 1336 712 faedaverant.
1382 656 1632 712 Accede-

9 735 104 792 bat
125 775 140 799 ,
177 736 329 816 quod
351 756 447 792 nec
481 735 543 792 ad
575 733 846 812 aspectum
877 731 1146 792 satislucis
1163 728 1374 804 aderat,
1395 735 1631 809 solejam

8 818 313 876 occidente.
355 820 440 875 Ne
459 814 712 894 superefi'e
730 817 952 896 quidem
972 817 1167 876 ducem
1188 819 1476 876 credebant
1508 821 1631 877 Ro-

9 903 178 957 manii
220 900 370 978 quod
385 903 477 978 qui
501 922 563 956 ex
587 903 757 978 prima
775 898 908 980 fuga
922 920 990 957 eo
1007 914 1263 958 venerant
1281 901 1631 959 dimicantem

8 986 147 1039 inter
166 985 428 1061 primores
446 981 756 1039 Belisarium
777 983 991 1040 vivendi
1011 981 1179 1041 finem
1198 981 1370 1040 feciffe
1390 983 1632 1041 nuntias-

3 1062 136 1120 sent.
180 1065 332 1144 Ergo
353 1063 699 1122 Gotthorum
720 1086 917 1143 agmen
937 1070 1129 1145 ingens
1149 1087 1384 1123 numero
1400 1108 1416 1133 ,
1439 1071 1632 1148 ingens

7 1148 202 1202 animis
220 1145 326 1203 huc
344 1148 585 1226 undique
605 1145 887 1204 confluens
907 1192 920 1212 ‚
943 1147 1158 1205 transire
1177 1147 1365 1206 fossam
1388 1191 1404 1216 ‚
1438 1151 1629 1207 instare

6 1225 346 1308 fugientibus
365 1268 381 1290 2
404 1230 677 1307 parabant.
720 1232 961 1287 Romani
984 1234 1174 1289 maenia
1209 1229 1510 1311 foffamque
1542 1236 1630 1289 in-
1714 1250 1716 1252 ’

6 1328 90 1368 ter
121 1307 315 1368 densos
349 1309 398 1368 se
427 1310 909 1392 conglobaverant.
957 1316 1072 1380 Qui
1109 1333 1240 1370 vero
1270 1317 1408 1371 intra
1428 1318 1633 1372 moenia

7 1411 161 1450 erant
177 1433 193 1456 ‚
212 1391 448 1451 destituti
468 1394 623 1459 duce,
641 1396 907 1473 imparati,
924 1392 1040 1463 fibi,
1061 1391 1184 1452 urbi
1200 1414 1505 1454 metuentes
1523 1438 1543 1464 ‚
1562 1418 1634 1454 o-

9 1496 136 1554 pem
154 1474 306 1533 soc-iis
324 1472 462 1533 ferre
480 1480 535 1533 in
554 1494 708 1532 tanto
729 1475 1294 1555 periculo'constitutis
1331 1500 1443 1536 non
1463 1479 1633 1537 aude-

9 1557 159 1615 bant.
203 1560 368 1615 Tunc
384 1557 658 1615 Belisarius
677 1559 742 1614 ab
773 1562 997 1638 ingenio
1020 1567 1075 1617 δε
1094 1560 1309 1617 audacia
1331 1560 1631 1640 praefidium

10 1657 292 1697 mutuatus
315 1637 532 1696 servavit
565 1639 831 1719 insperato
861 1661 942 1698 res
976 1643 1272 1699 Romanas.
1317 1647 1549 1722 imperio
1571 1666 1632 1701 ea·

10 1725 124 1780 nim
143 1720 248 1779 suis
266 1721 393 1778 dato
411 1763 428 1790 ‚
463 1720 670 1780 subitus
706 1743 830 1779 cum
851 1725 913 1779 iis
947 1725 1001 1779 in
1021 1721 1200 1781 hostes
1217 1729 1473 1805 erumpit.
1515 1728 1588 1784 illi
1610 1768 1627 1795 ‚

9 1825 80 1862 ne
100 1824 222 1860 ante
241 1803 461 1883 quidem
496 1803 765 1861 servantes
792 1804 1049 1863 ordinum
1070 1847 1086 1874 ,
1122 1824 1184 1864 ut
1216 1804 1632 1888 insequentibus

9 1883 281 1966 fugientes
296 1884 426 1943 solet
446 1890 661 1945 evenire
682 1928 699 1954 ‚
727 1893 949 1966 jamque
971 1894 1028 1945 &
1045 1889 1282 1948 tenebrae
1312 1889 1631 1969 supervene-

5 1985 159 2035 rant,
195 1989 251 2025 ut
265 1983 489 2048 'repente
510 1990 606 2026 eos
640 1973 732 2048 qui
757 1971 927 2027 modo
961 1967 1250 2051 fugiebant
1283 1977 1338 2030 in
1357 1972 1407 2031 se
1427 1978 1630 2032 irruere
1652 1977 1654 1979 ’

9 2047 281 2119 sentiunt,
302 2052 619 2130 creditoque
640 2051 836 2110 veniffe
874 2056 932 2110 in
953 2057 1210 2112 auxilium
1230 2054 1352 2134 ipfis
1379 2058 1542 2114 alium
1562 2078 1631 2113 ex

9 2133 145 2192 urbe
162 2136 453 2191 exercitum
474 2176 490 2202 ,
525 2138 757 2212 correpti
787 2153 938 2192 metu
962 2136 1190 2198 universi
1220 2134 1408 2218 fugam
1428 2160 1632 2218 rapere.

11 2217 130 2273 Nec
157 2218 292 2274 ultra
310 2215 519 2273 secutus
551 2215 830 2289 Belisarius
849 2257 866 2284 ,
902 2216 1024 2275 satis
1056 2217 1245 2278 habuit
1265 2223 1404 2279 intra
1425 2227 1630 2280 moenia

10 2297 254 2379 regredi,
287 2320 402 2378 quo
423 2320 549 2355 eum
568 2302 946 2377 comitumque
965 2307 1079 2377 ejus
1097 2303 1373 2373 Romani,
1388 2309 1500 2379 jam
1517 2307 1629 2363 ani-

11 2402 109 2439 mo
138 2378 422 2439 sedatiores
442 2400 781 2460 acceperunt.
822 2384 967 2441 Tam
986 2404 1156 2462 prope
1184 2388 1411 2444 exitium
1430 2386 1629 2445 Belisa-

13 2465 123 2521 rius
148 2461 335 2543 resque
370 2466 713 2542 Imperatoris
748 2484 1025 2528 venerant.
1068 2488 1228 2526 mane
1244 2487 1469 2550 caeperat
1490 2491 1628 2549 prae-

16 2546 183 2603 lium:
209 2547 369 2604 nocte
383 2544 556 2603 desiit.
573 2549 759 2605 Decus
776 2549 898 2609 inde
917 2552 1219 2609 maximum
1234 2552 1484 2618 retulere,
1507 2555 1637 2611 R0-'

15 2647 304 2686 manorum
339 2626 615 2687 Belisarius
633 2671 650 2697 ‚
688 2629 1038 2691 Gotthorum
1075 2631 1343 2694 Visandus
1357 2635 1629 2694 Vandala-

16 2711 128 2767 rius
147 2752 162 2778 ,
183 2715 413 2789 quicum
431 2732 614 2792 pugna
634 2717 833 2771 circum
852 2713 1160 2775 Belisarium
1179 2736 1300 2777 orta
1318 2716 1415 2787 est,
1437 2724 1492 2777 in
1513 2722 1627 2798 pri-

17 2812 170 2851 more
190 2812 333 2872 parte
352 2798 576 2861 locatus,
597 2818 712 2854 non
730 2796 926 2855 destitit
943 2797 1082 2858 bene
1100 2796 1290 2868 facere,
1312 2802 1487 2860 donec
1507 2803 1629 2861 vul-

15 2874 235 2932 neribus
253 2878 506 2935 tredecim
526 2876 785 2958 perfossus
803 2880 1012 2940 caderet
1033 2905 1047 2939 ι
1067 2883 1401 2964 creditusque
1420 2881 1625 2964 periise,

13 2959 294 3039 neglectus
311 2957 338 3018 a
353 2958 453 3020 suis
467 3001 485 3032 ‚
505 2983 817 3045 quanquam
836 2964 1133 3029 victoribus
1152 3005 1171 3036 ,
1201 2971 1343 3026 inter
1373 2966 1628 3025 mortuos

1188 3061 1198 3068 ”
1425 3066 1629 3125 jacuit:
