1931 3428
220 246 230 258 ,x
352 181 684 241 L1131÷R
763 179 1276 245 TERTIVS}
1524 185 1649 272 So}

12 265 129 333 &ed
155 292 259 331 nec
295 268 360 328 iis
383 267 626 323 Saxones
654 263 1061 343 adquiescentes
1087 306 1106 334 ,
1158 286 1428 328 certamen
1470 292 1636 352 expe-

14 375 145 416 tunt
167 400 183 422 ,
222 370 390 433 atque
422 354 560 407 inter
596 347 645 406 se
680 365 803 404 ante
838 366 1139 413 certarnen,
1177 353 1404 427 qualiter
1437 376 1635 413 uxores

16 440 322 501 'suavorum
343 434 649 494 diViderent
664 470 685 497 η,
723 429 982 488 statuunt.
1029 428 1132 486 Sed
1154 451 1267 489 non
1289 438 1363 489 eis
1396 454 1453 491 ut
1474 458 1634 514 puta-

14 524 172 589 bant,
194 523 397 577 evenit.
440 518 593 574 Nam
613 509 893 571 commisso
913 513 1096 591 praelio
1116 552 1131 574 ‚
1168 517 1358 595 viginti
1385 520 1544 573 millia
1564 542 1631 577 ex

13 612 89 667 eis
106 611 433 682 interempta
449 599 915 658 sunt.2Suav0rum
931 616 1060 653 vero
1079 597 1459 677 quadringenti
1473 602 1632 657 oe'to-

11 693 162 771 ginta
179 685 492 743 ceciderunt
514 725 532 752 ,
561 681 755 758 reliqui
782 697 911 739 vero
934 679 1220 737 victoriam
1242 684 1475 757 capiunt.
1525 685 1631 740 Sex

11 774 174 830 millia
194 790 419 850 quoque
441 770 716 823 Saxonum
744 803 761 828 ‚
799 766 893 842 qui
911 760 1059 819 bello
1081 759 1485 839 superfuerant,
1530 764 1630 822 de-

11 857 319 919 v’overunt,
356 849 405 907 se
442 866 619 926 neque
651 844 873 901 barbam
897 865 1073 923 neque
1093 848 1316 923 capillos
1346 844 1630 915 incisurosfi

11 935 110 994 nisa
137 934 188 992 se
224 935 288 992 de
321 931 567 988 hostibus
598 930 785 985 Suavis
818 926 1214 985 ulciscerentur.
1273 929 1390 997 Qui
1423 930 1624 985 iterum

8 1036 254 1097 pugnam
271 1013 664 1093 aggredienteS,
688 1009 1038 1071 vehementer
1054 1009 1235 1068 adtriti
1251 1008 1374 1068 sunt
1393 1050 1409 1078 ,
1433 1016 1487 1068 δε
1509 1010 1575 1069 fic
1593 1009 1623 1069 ὲ

10 1100 158 1159 bello
177 1101 518 1179 quieveruntt

496 1233 556 1297 C
631 1255 680 1297 A
752 1249 806 1297 P.
908 1229 969 1298 V
990 1222 1134 1297 111

63 1369 312 1457 Quomodo
331 1390 431 1431 tres
448 1373 591 1429 duces
610 1372 1034 1450 Langobardorum
1052 1412 1066 1432 ‚
1083 1373 1170 1430 hoc
1185 1362 1268 1449 est,
1290 1383 1408 1428 Amo
1424 1413 1442 1440 ‚
1458 1369 1564 1432 Za-

242 1461 332 1515 ban
350 1459 411 1519 (θ’
432 1458 690 1513 Rloodanuis⁴
705 1493 722 1521 ,
751 1453 784 1513 a}
803 1459 1073 1513 Mammula
1091 1455 1408 1531 devistifimt.

4 1587 96 1726 P
125 1594 230 1654 Ost
246 1594 357 1655 haec
375 1613 478 1653 tres
494 1592 990 1675 Langobardorum
1009 1594 1172 1651 duces
1189 1636 1207 1662 ‚
1248 1594 1303 1651 id
1323 1592 1420 1663 est,
1441 1592 1621 1663 Animi

120 1678 302 1738 Zaban
322 1693 379 1734 ac¹
396 1677 698 1735 Rhodanus
719 1718 736 1745 ,
770 1677 972 1734 Gallias
1000 1679 1334 1755 irruperunt„
1374 1679 1444 1734 Et
1462 1682 1618 1734 Amo·

2 1761 228 1842 quidem
251 1757 690 1817 Ebredunensem
708 1779 927 1838 carpens
946 1761 1109 1827 viam,
1127 1757 1292 1838 usque
1310 1759 1622 1819 Machovil-

2 1848 108 1904 lam
126 1886 143 1913 ,
159 1858 322 1924 quam
337 1843 687 1899 Mummulus
708 1861 931 1898 munere
953 1835 1120 1921 Regis
1139 1861 1422 1906 meruerat,
1445 1839 1622 1900 acces-

1 1926 67 1985 fit
86 1968 103 1996 ‚
140 1927 324 2004 ibique
343 1929 578 1982 tentoria
594 1921 732 1981 fixit.
777 1923 958 1981 Zaban
978 1938 1106 1981 vero
1128 1944 1219 2001 per
1238 1922 1496 1982 Diensem
1516 1925 1619 1983 de·-

1 2005 257 2067 scendens
292 2007 485 2065 urbem
503 2049 519 2075 ,
558 2005 723 2086 usque
757 2006 1066 2064 Valentiam
1101 2009 1265 2063 venit.
1311 2005 1618 2065 Rhodanus

2 2110 185 2149 autem
216 2089 659 2166 Gratianopolim
699 2085 964 2170 aggressus
986 2086 1076 2146 est.
1130 2088 1204 2145 Et
1221 2092 1374 2146 Amo
1394 2090 1618 2169 quidem.

4 2171 373 2230 Arelatensem
417 2172 701 2230 debellavit
747 2174 1081 2249 provinciam
1119 2213 1135 2239 ‚
1207 2192 1333 2230 cum
1384 2172 1615 2230 urbibus

5 2270 125 2334 quae
161 2251 470 2311 circumfitae
503 2251 623 2311 sunt
656 2294 674 2318 ,
725 2259 779 2309 &
814 2252 976 2333 usque
1008 2253 1072 2310 ad
1101 2252 1276 2332 ipsum
1309 2255 1615 2333 Lapideum

5 2354 257 2414 'campum
278 2378 295 2403 ,
329 2340 419 2413 qui
441 2335 642 2413 adjacet
660 2335 783 2393 urbi
802 2332 1105 2393 Maffilienfi
1122 2376 1137 2400 ‚
1178 2337 1434 2395 accedens
1449 2379 1466 2405 ‚
1487 2338 1617 2411 uni-f

6 2418 147 2475 versa
174 2437 292 2498 quae
320 2421 552 2497 reperire
572 2437 782 2496 poterat
802 2419 1161 2499 depopulatus
1179 2419 1275 2475 est.
1316 2423 1615 2496 Aquinen-

6 2498 150 2557 sibus
169 2519 354 2558 autem
382 2499 728 2558 obfidionem
749 2521 936 2578 parans
955 2545 969 2565 ,
1019 2503 1209 2580 viginti
1231 2501 1439 2558 duabus
1463 2499 1616 2557 libris

5 2586 234 2662 acceptis
263 2587 503 2662 argenti,
547 2582 613 2640 ab
636 2584 830 2639 eodem
855 2585 979 2640 loco
1015 2583 1259 2640 disceffit.
1305 2582 1616 2641 Rhodanus

5 2678 228 2744 'quoque
243 2671 297 2722 &
317 2666 501 2723 Zaban
526 2706 543 2731 ,
583 2670 693 2745 pari
715 2666 883 2723 modo
905 2667 1164 2723 incendiis
1184 2673 1237 2722 &
1261 2668 1457 2743 rapinis
1477 2707 1494 2732 ,
1528 2668 1617 2724 lo-

7 2766 68 2803 ca
86 2747 150 2803 ad
167 2769 284 2826 quae
305 2745 636 2814 accesserant,
657 2749 902 2805 demoliti
922 2747 1064 2807 sunta
1111 2751 1252 2822 Qiae
1272 2769 1396 2805 cum
1415 2750 1616 2804 Mum-

8 2830 161 2885 mulo
193 2831 415 2886 Patritio
454 2831 652 2908 perlata
683 2829 896 2888 fuiffent
918 2872 936 2897 ,
977 2852 1103 2888 cum
1123 2832 1293 2887 valida
1318 2852 1481 2887 manu
1517 2848 1616 2886 ved

4 2912 163 2967 niens
193 2916 426 2989 primum
446 2933 570 2970 curn
597 2911 873 2972 Rhodano
891 2954 909 2982 9
941 2917 1037 2994 qui
1056 2915 1498 2992 Gratianopolim
1520 2911 1618 2967 de·-

8 2987 274 3067 Bellabat,
301 2992 544 3063 conflixit
558 3035 576 3068 ,
593 3001 648 3054 &
667 2998 872 3055 multos
890 2998 956 3054 de
974 3003 1090 3074 ejus
1110 3000 1344 3058 exercitu
1360 2995 1613 3074 peremit,¹

767 3078 815 3140 E
837 3099 915 3138 ee
960 3099 990 3137 a
1045 3084 1050 3087 ’
1455 3071 1632 3153 ipsum
