1888 3428
194 144 613 209 H1sToR1'AE
652 144 1126 206 VAND‘AchAE
1166 147 1426 205 L1B.11.
1568 144 1651 226 77

35 228 283 289 ¹&ioricam
305 231 565 309 indigenae
593 246 788 288 vocant
808 269 823 294 ,
853 230 929 285 ire
959 227 1181 301 jubetur
1214 231 1557 305 Apollinaris.
1599 235 1651 288 Is

41 315 191 370 Italia
212 334 362 370 ortus
379 311 685 369 adolescens
717 308 1014 369 admodum
1035 315 1092 364 in
1126 305 1370 365 Africam
1404 331 1649 379 venerat,

42 399 319 474 multaque
335 395 646 452 liberalitate
665 390 962 450 Hilderichi
976 432 994 459 ,
1013 392 1109 470 qui
1129 409 1248 447 tum
1268 390 1523 449 Vandalis
1541 398 1650 451 im·-

41 475 259 553 perabat
277 517 294 545 ‚
336 477 523 533 auctus
538 516 555 543 ‚
576 473 860 554 postquam
882 476 926 530 is
945 494 1034 529 rex
1057 478 1110 535 &
1131 471 1369 547 dejefitus
1392 474 1646 552 imperio,

40 563 97 614 &
131 561 187 614 in
216 559 426 617 vincula
444 576 504 615 ut
532 554 1035 617 narravimusdatus
1065 552 1140 611 est
1159 595 1176 621 ‚
1205 576 1329 612 cum
1366 551 1518 612 Afris
1536 558 1648 615 ali'rs

37 639 336 699 Hilderichi
353 643 584 719 partium
604 679 621 706 ,
656 637 721 696 ad
737 636 1088 695 Iustinianum
1110 642 1497 714 Imperatorem
1519 637 1552 694 s
1544 660 1648 718 up-

36 721 161 798 plex
181 720 230 779 se
247 722 562 779 contulerat.
600 720 920 777 comesinde
941 719 1299 797 expeditionis
1317 723 1372 776 in
1393 719 1644 778 Gelime-

37 822 152 859 rem
183 809 238 860 δε
269 802 571 869 VandaIOS‚
613 798 816 859 fortem
849 822 1073 881 operam
1091 818 1211 858 tum
1245 800 1402 869 alibi,
1440 821 1556 860 tum
1577 803 1643 862 ad

35 885 409 941 Tricamarum
427 887 659 941 maxime
678 901 911 943 navarat.
938 889 1049 944 Prot
1063 883 1260 962 quibus
1278 888 1642 965 meritiS,quas

33 964 141 1022 dixi
159 963 345 1024 insulas
373 965 630 1046 regendas
665 970 713 1023 ei
743 966 888 1024 dedit
918 963 1211 1023 Belisarius.
1258 967 1410 1040 Idem
1429 969 1641 1047 Tripo-

31 1048 127 1105 lim
145 1051 379 1106 exercitu
403 1047 555 1105 miffo
573 1048 638 1106 ad
656 1047 1012 1108 sublevandos
1026 1048 1358 1106 Pudentium
1375 1054 1431 1106 &
1452 1051 1642 1107 Tatti-

31 1129 280 1188 muthem
313 1129 558 1191 adversus
591 1148 845 1211 urgentes
881 1131 1145 1198 MaurOS,
1182 1133 1492 1190 Romanam
1529 1154 1638 1211 po-

30 1215 256 1274 tentiam
288 1211 366 1289 ibi
383 1234 605 1292 quoque
635 1211 879 1270 restituit.
923 1216 1060 1270 Non
1078 1213 1222 1270 idem
1240 1218 1297 1270 in
1332 1215 1508 1271 Sicilia
1525 1216 1638 1272 suc-

28 1290 193 1351 cessus
214 1315 227 1351 ε
273 1297 454 1369 rejeffi
489 1299 689 1373 quippe
718 1297 813 1373 qui
847 1294 1068 1372 Lilybaei
1103 1293 1372 1353 castellum
1403 1294 1638 1354 insefl‘uri

31 1394 291 1433 venerant
311 1417 327 1441 ,
361 1377 507 1434 velut
527 1377 726 1437 &illud
746 1379 800 1433 V
804 1373 1214 1434 andalici-ftiiffet
1223 1379 1359 1453 juris
1376 1417 1395 1444 ,
1425 1399 1638 1458 negan-

31 1455 175 1515 tibus
222 1459 276 1516 id
294 1457 557 1527 Coabis,
589 1479 925 1538 omnemque
954 1461 1183 1516 Siciliam
1202 1458 1297 1516 suo
1315 1462 1422 1534 juri
1454 1462 1634 1518 vindi-

29 1539 292 1596 cantibus.
336 1539 535 1618 quibus
569 1541 761 1597 auditis
776 1541 839 1597 ad
874 1560 968 1597 eos
988 1544 1080 1618 qui
1101 1542 1199 1597 illis
1219 1534 1351 1597 locis
1369 1561 1633 1617 praeerant

27 1618 225 1698 scripsit
256 1619 564 1679 Belisarius:
597 1621 1194 1698 Lilybaeumcastellum
1229 1623 1624 1689 Vandalorum,

27 1723 170 1780 quos
182 1709 301 1778 jure
321 1702 445 1760 belli
461 1702 641 1761 servos
658 1701 888 1760 fecimus
905 1706 1248 1781 Imperatoris
1265 1743 1281 1768 ,
1317 1725 1441 1761 cum
1467 1707 1635 1778 nobis

28 1788 267 1863 negati5‚
298 1781 470 1842 facitis
500 1784 652 1864 quod
685 1786 935 1864 iniquum
967 1784 1039 1845 est
1058 1826 1075 1853 ‚
1116 1792 1170 1842 &
1197 1784 1373 1844 vestro
1400 1790 1629 1867 principi

26 1871 252 1925 noxium
267 1908 285 1934 ‚
305 1872 390 1924 cui
407 1868 571 1947 longe
591 1869 686 1925 alia
698 1870 897 1925 volenti
914 1873 1299 1948 Imperatorem
1317 1908 1335 1933 ,
1357 1889 1627 1948 quantum

28 1949 85 2004 in
105 1948 256 2007 vobis
274 1948 347 2007 est
371 1991 386 2012 ‚
418 1948 629 2008 hostem
648 1952 932 2008 concitatis
955 1991 971 2017 ‚
985 1972 1149 2030 quem
1170 1952 1254 2008 ille
1274 1950 1368 2008 fibi
1389 1955 1626 2011 amicum

27 2034 206 2089 multis
237 2030 510 2092 laboribus
547 2034 768 2112 paravit.
811 2035 1015 2091 Nonne
1033 2030 1112 2090 fas
1143 2033 1434 2092 hominum
1456 2037 1628 2094 viola-

27 2114 95 2168 tis
114 2153 129 2174 ‚
163 2117 256 2195 qui
272 2114 535 2173 Gelimeri
554 2112 855 2194 permisistis
872 2116 925 2172 id
943 2115 1136 2174 habere
1155 2115 1420 2176 castellum
1434 2159 1451 2184 ‚
1471 2115 1628 2175 Iusti-

25 2198 186 2254 niano
215 2217 395 2256 autem
418 2198 646 2255 domino
678 2198 823 2255 facto
853 2198 1144 2261 Gelimeris
1172 2220 1287 2257 rem
1320 2198 1386 2256 ad
1414 2198 1628 2259 servum

27 2275 182 2354 ipsius
202 2281 561 2358 pertinentem
584 2301 696 2337 non
714 2281 1007 2340 conceditis
1029 2288 1050 2339 ?
1093 2284 1180 2341 Ne
1199 2280 1376 2361 quaeso
1397 2304 1412 2338 z
1430 2279 1518 2340 sed
1534 2304 1626 2341 co-

25 2362 192 2436 gitate
211 2365 495 2420 amicitiam
514 2403 530 2428 ,
562 2362 694 2420 dum
711 2382 926 2432 manet,
956 2365 1142 2423 multis
1160 2362 1485 2424 offensarum
1505 2386 1627 2425 cau-

25 2438 89 2496 fis
107 2446 281 2501 velum
300 2446 606 2524 oppandere
628 2468 641 2501 :
684 2449 976 2504 Inimicitiae
997 2468 1207 2505 morem
1228 2444 1328 2505 effe
1347 2469 1447 2505 nec
1465 2451 1626 2506 mini-

25 2543 112 2579 ma
145 2525 494 2594 dissimulare,
532 2526 618 2585 sed
652 2528 1135 2609 radicitusinjurias
1153 2528 1403 2610 exsequi,
1446 2551 1626 2610 neque

26 2601 258 2665 hostium
287 2631 350 2667 ex
367 2611 541 2668 alieno
578 2614 684 2688 pati
720 2616 1042 2690 potentiam.
1078 2615 1240 2670 etiam
1271 2615 1486 2692 proavis
1506 2634 1626 2671 ere-

27 2704 116 2762 pta
135 2693 322 2766 repetit
341 2693 523 2773 :quod
543 2691 580 2750 fi
600 2691 731 2750 aufis
752 2696 959 2752 excidat
977 2736 994 2763 ‚
1014 2694 1146 2752 nihil
1160 2694 1237 2753 sui
1253 2693 1452 2752 amisit:
1472 2693 1511 2752 fi
1528 2694 1625 2753 ad—

25 2765 86 2825 fit
119 2764 365 2842 fortuna,
397 2776 568 2835 victos
592 2778 777 2854 iniqua
806 2777 1057 2835 dedocet.
1098 2779 1298 2858 Eligite
1337 2799 1469 2858 ergo
1495 2778 1622 2834 mali

23 2870 124 2909 nec
141 2855 424 2934 quicquam
445 2858 581 2915 ultra
599 2856 769 2916 facere
788 2859 950 2916 nobis
971 2881 1099 2927 ‚nec
1118 2858 1145 2917 ῖι
1164 2858 1326 2917 nobis
1346 2863 1474 2939 pati.
1495 2861 1626 2917 No-

19 2931 113 2991 lite
140 2931 347 3000 hostem
366 2937 634 3002 Gotthico
653 2945 839 3021 generi
859 2940 1064 3005 sumere
1091 2964 1356 3025 magnum
1381 2948 1622 3017 Impera-

1428 3039 1630 3090 torem,
