1888 3428
266 154 1272 225 DEREB.GET101s.
1494 155 1605 227 695

0 250 299 315 tuebantur,
324 244 588 312 adserenS‚
606 243 816 301 vicinos
838 235 931 294 fibi
949 233 1284 314 vesegothas
1302 253 1495 290 eorum
1516 253 1612 310 pa-

0 355 176 394 rentes
197 350 436 412 regnare.
485 325 643 407 Quid
665 324 873 380 multa?
904 316 1219 383 Widemir,
1238 319 1467 393 acceptis
1487 335 1611 371 mu·-

0 419 253 480 neribuS,
306 411 572 488 simulque
610 406 873 464 mandatis
908 401 936 459 Ξι
968 400 1229 475 Glycerio
1261 403 1614 471 Imperatore,

0 502 205 559 Gallias
224 495 398 554 tendit
413 517 430 561 3
469 491 680 571 seseque
710 508 833 545 cum
855 480 1165 563 parentibus
1181 485 1417 557 jungens
1444 476 1613 536 Vese-

0 582 219 663 gothis·,
259 598 433 635 unum
467 594 664 653 corpus
685 567 909 626 efficitur
934 607 950 632 ,
982 570 1037 622 &
1073 561 1142 620 fic
1178 562 1382 619 Gallias
1414 558 1616 635 Hispa-

0 662 218 744 niasque
240 679 488 718 tenentes
505 655 600 714 suo
616 662 735 731 jure
753 648 1076 714 defendunt,
1097 664 1157 702 ut
1173 642 1353 701 nullus
1372 640 1466 697 fibi
1485 643 1616 698 alius

0 746 327 827 praevaleret.
369 740 709 798 Theodemir
740 751 919 789 autem
953 728 1117 787 frater
1145 725 1323 784 senior
1354 746 1477 782 cum
1513 721 1616 780 suis

0 828 185 886 tranfit
206 831 370 884 Saum
404 840 618 881 amnem
639 862 653 884 ,
692 818 942 874 Sarmatis
966 809 1333 888 militibusque
1369 807 1621 864 intermi-

2 934 137 975 nans
159 911 363 968 bellum
382 949 399 974 ,
422 904 455 961 si
476 904 665 982 aliquis
683 897 922 956 obstaret
944 900 1011 953 ei.
1059 894 1233 961 Quod
1252 894 1323 949 illi
1349 906 1620 955 verenteS,

3 992 321 1074 quiescunt,
363 992 478 1045 imo
513 1006 611 1042 nec
651 982 935 1063 praevalent
971 980 1036 1036 ad
1069 995 1276 1034 tantam
1311 972 1623 1030 multitudi-

4 1097 151 1134 nem,
189 1073 397 1133 Videns
415 1067 758 1127 Theodemir
777 1064 1017 1141 undique
1038 1060 1133 1117 s1bi
1153 1057 1400 1137 prospera
1422 1075 1623 1132 prove-

3 1163 118 1216 nire
134 1198 162 1224 ,-
181 1152 424 1214 Naiffum
447 1155 676 1232 primam
698 1147 887 1206 urbem
911 1144 1115 1202 invadit
1135 1143 1361 1221 lllyrici:
1392 1137 1623 1216 filioque

3 1238 101 1298 suo
121 1237 471 1297 Theoderico
492 1231 830 1291 consociatus
853 1228 1017 1285 adstat
1043 1268 1058 1293 ‚
1093 1233 1143 1282 δέ
1174 1228 1228 1279 in
1252 1224 1426 1279 villam
1446 1222 1624 1277 corni-

5 1341 87 1381 tes
124 1343 216 1402 per
247 1318 475 1378 castrum
507 1316 760 1372 Herculis
795 1308 1104 1368 transmittit
1135 1308 1446 1384 leianam.
1503 1303 1624 1376 Qi

7 1410 290 1464 venientes
309 1442 325 1467 ,
368 1421 479 1458 tam
500 1392 656 1458 eam²
702 1411 862 1474 quam
893 1399 946 1449 &
967 1411 1097 1469 opes
1118 1429 1131 1449 ‚
1157 1409 1286 1444 mox
1305 1390 1362 1442 in
1383 1385 1626 1441 deditio-

9 1509 138 1546 nem
157 1479 426 1565 accipiu'nt
445 1524 460 1550 ‚
508 1480 876 1554 nonnullaque
904 1476 1020 1532 loca
1038 1474 1228 1550 Illyrici
1255 1465 1628 1526 inacceffibilia

11 1569 107 1628 fibi
128 1586 259 1626 tunc
295 1570 531 1647 primum
563 1565 743 1640 pervia
770 1558 992 1633 faciunt.
1051 1558 1198 1612 Nam
1232 1553 1538 1608 Heracliam
1571 1553 1628 1604 δεῖ

11 1650 262 1712 Larissam
283 1652 519 1707 civitates
539 1641 836 1708 Thessaliae,
857 1643 1090 1716 primum
1105 1679 1120 1704 ‚
1137 1634 1308 1713 praeda
1326 1636 1629 1711 capta‚jure

12 1736 206 1794 bellico
248 1736 556 1812 potiuntur.
599 1723 941 1781 Theodemir
966 1741 1094 1777 vero
1131 1739 1247 1779 rex,
1288 1713 1632 1772 animadver-

13 1836 137 1875 tens
167 1837 277 1874 tam
309 1810 619 1871 felicitatem
659 1807 803 1865 suam
825 1847 841 1873 ‚
878 1824 1040 1882 quam
1062 1805 1224 1858 etiam
1245 1796 1338 1854 filii
1360 1839 1375 1858 ,
1411 1817 1510 1852 nec
1531 1793 1631 1852 hac

15 1919 200 1958 tamen
222 1913 516 1956 contentus
540 1937 554 1956 ,
583 1891 862 1970 egrediens
880 1883 1210 1943 Naifitanam
1234 1880 1426 1937 urbem
1445 1919 1461 1945 ‚
1495 1899 1634 1955 pau-

17 1987 92 2041 cis
112 1984 175 2040 ad
195 1977 497 2048 custodiam
532 1974 794 2032 derelictis
815 2012 830 2037 ,
860 1967 966 2049 ipse
999 1963 1432 2024 Thefi'alonicam
1454 1961 1633 2039 petiit,

16 2068 75 2123 in
104 2086 214 2145 qua
234 2064 517 2135 Clarianus
544 2059 797 2135 patricius
818 2096 834 2121 ,
867 2053 894 2108 ὲ
916 2055 1152 2130 principe
1187 2047 1422 2103 direfms
1443 2084 1460 2110 ‚
1507 2061 1635 2099 cum

20 2150 259 2206 exercitu
291 2141 625 2207 morabatur.
697 2141 812 2217 (Ψ
846 2135 977 2191 dum
1016 2133 1223 2191 videret
1260 2130 1398 2184 vallo
1436 2123 1640 2182 muniri

19 2227 457 2288 Thessalonicam
483 2265 498 2290 ‚
536 2243 602 2278 ne
631 2219 679 2276 se
701 2239 892 2276 eorum
914 2214 1200 2273 conatibus
1221 2208 1362 2290 poss'e
1382 2208 1635 2272 resistere,

24 2313 171 2372 miffa
203 2311 477 2390 legatione
514 2304 578 2361 ad
597 2302 937 2377 Theodemir
957 2318 1139 2377 regem
1161 2337 1177 2363 ,
1218 2290 1642 2368 muneribusque

24 2396 260 2461 oblatiS,
294 2391 361 2449 ab
394 2386 682 2445 obsidione
713 2404 837 2440 eum
874 2381 1020 2439 urbis
1041 2395 1340 2457 retorquet.
1386 2378 1642 2450 initoque

25 2476 232 2537 foedere
267 2520 281 2541 ,
328 2474 618 2530 Romanus
652 2468 846 2525 duftor
880 2485 1004 2521 cum
1037 2461 1243 2519 Gothis
1274 2463 1394 2516 loca
1428 2459 1502 2512 eis
1532 2461 1655 2529 jam?

27 2559 249 2640 sponte,
286 2575 404 2635 quae
439 2552 774 2616 incolerent,
807 2548 1021 2605 tradidit
1042 2587 1057 2611 ,
1093 2544 1148 2600 id
1168 2541 1270 2606 est,
1309 2538 1657 2615 Ceropellas‚'

29 2636 311 2718 Europam
345 2678 362 2703 ‚
401 2636 717 2694 Medianam
752 2671 767 2696 ‚
812 2633 1094 2691 Petinam,
1135 2630 1362 2683 Bereum
1388 2663 1402 2688 ‚
1446 2628 1499 2677 ὃς
1529 2621 1646 2683 alia,

30 2747 153 2804 quae
174 2726 326 2779 Sium
364 2736 642 2778 vocantur.
704 2715 816 2771 Vbi
837 2711 1016 2770 Gothi
1041 2730 1165 2766 cum
1188 2727 1311 2786 rege
1334 2704 1428 2762 suo
1447 2745 1464 2769 ‚
1487 2703 1648 2758 armis

36 2807 292 2884 depositis
324 2842 342 2867 ,
394 2798 694 2877 composita
726 2817 850 2875 pace
889 2791 1188 2874 quiescunt.
1243 2793 1361 2847 Nec
1397 2787 1491 2844 diu
1528 2781 1650 2863 post

38 2886 151 2946 haec
186 2893 238 2944 &
278 2907 368 2942 rex
403 2881 777 2947 Theodemir,
823 2883 878 2934 in
911 2880 1124 2934 civitate
1158 2875 1351 2930 (Derras
1393 2866 1537 2924 fatali
1580 2886 1651 2920 ae-

41 2969 310 3053 gtitudiue
326 2982 622 3046 occupatus
641 3002 658 3029 ,
697 2965 898 3022 vocatis
918 2952 1561 3020 Gothisssheodericum
1585 2943 1654 3000 fi-

52 3056 55 3057 ’
929 3045 1024 3119 Xx
1068 3060 1107 3117 4
1527 3030 1661 3087 lium
