1888 3428
263 191 384 251 154
613 171 988 245 PRocropn
1032 164 1562 222 CAEsAREENSIS

255 256 359 317 tibi
372 252 636 333 sapientiae
655 248 825 308 studia
842 251 1018 306 colere
1038 289 1054 310 ‚
1074 248 1388 327 proprium:
1433 243 1725 302 Iustiniano
1742 243 1861 305 for-3

259 341 387 396 riter
409 355 586 415 agere.
631 334 867 391 multum
889 349 1069 388 autem
1090 328 1202 388 haec
1229 330 1368 385 inter
1398 324 1448 384 se
1467 323 1740 385 differunt.
1781 327 1862 384 sa-

258 422 509 501 pientum
542 415 763 473 seotanti
799 413 1038 471 instituta
1070 408 1277 469 causam
1310 408 1544 489 praebere
1574 408 1863 466 hominum

262 506 415 562 neci,
451 498 736 580 praesertim
761 499 1119 574 plurimorum
1140 537 1154 559 ‚
1191 512 1305 549 non
1325 492 1615 548 convenit:
1655 489 1866 569 praeser-

261 587 363 642 tim
383 586 432 639 ei
450 587 542 660 qui
562 604 624 637 ex
654 581 894 636 Platonis
911 576 972 633 fit
993 575 1292 654 disciplina,
1325 594 1484 653 quam
1511 570 1864 651 profitentem

264 666 351 726 vel
370 685 473 722 una
492 664 631 722 caede
658 663 823 741 pollui
842 657 1008 717 nefas,
1050 662 1130 715 At
1158 659 1307 714 illum
1341 677 1456 713 non
1476 654 1697 712 dedecet
1716 674 1868 732 repe-

237 760 375 807 ‘tere
392 766 585 803 terram
606 786 622 813 ‚
656 764 820 822 quam
842 740 1049 801 constet
1065 736 1216 797 fuiffe
1234 743 1349 814 ejus
1370 779 1388 806 ‚
1421 736 1573 816 quod
1589 734 1682 815 ipfi
1712 756 1868 792 com-

262 825 481 888 miffum
513 826 587 885 est
617 828 848 905 imperii.
889 827 994 880 His
1016 823 1242 880 monitis
1273 824 1330 878 in
1366 823 1608 876 animum
1638 815 1871 874 admissis

263 911 591 969 Theudatus
611 951 627 976 ,
665 906 907 986 promifit
936 904 986 962 se
1006 906 1349 984 Imperatoris
1379 899 1656 959 Iustiniani
1673 902 1727 955 in
1747 920 1872 979 gra-

265 996 396 1051 tiam
415 995 481 1050 de
500 996 803 1070 principatu
822 993 1112 1047 exiturum.
1152 992 1213 1042 In
1236 984 1290 1042 id
1310 981 1489 1063 &ipse
1518 988 1574 1040 δε
1603 1001 1740 1040 uxor
1757 982 1806 1055 ej
1815 996 1883 1038 us·

261 1075 640 1153 jusjurandum
671 1073 837 1130 dedit.
880 1077 1101 1129 Petrum
1122 1065 1342 1125 viciffim
1358 1064 1709 1144 jurejurando
1729 1061 1877 1120 obli-

266 1174 496 1237 garant,
521 1177 635 1212 non
654 1158 799 1231 prius
818 1154 926 1212 haec
945 1169 1123 1230 aperta
1141 1149 1311 1206 facere
1329 1191 1344 1211 ‚
1377 1169 1540 1227 quam
1560 1147 1875 1224 Imperatori

267 1238 474 1297 videret
503 1237 770 1315 repudiari
791 1276 808 1301 ‚
841 1255 959 1313 quae
991 1237 1135 1312 prius
1169 1233 1557 1289 convenerant.
1599 1227 1691 1285 Ad
1719 1247 1877 1283 com-

269 1318 574 1377 mendanda
610 1318 692 1374 illa
712 1318 864 1395 pacta
894 1319 1073 1393 priora
1092 1311 1378 1372 Rusticum
1412 1309 1711 1368 sacerdotio
1747 1306 1883 1365 fun--

267 1418 495 1482 gentem
511 1441 528 1467 ,
573 1404 745 1457 civem
767 1400 1085 1456 Romanum
1102 1438 1119 1465 ‚
1155 1393 1248 1453 fibi
1270 1392 1418 1454 valde
1439 1391 1755 1450 familiarem
1775 1411 1880 1447 una

268 1481 415 1542 mifit
430 1481 770 1548 Theudatu3‚
792 1479 982 1537 additis
1003 1480 1187 1536 literis.
1228 1482 1422 1539 Petrus
1438 1478 1604 1557 igitur
1626 1476 1744 1532 &is
1759 1473 1879 1530 Ru-

268 1565 432 1623 sticus
449 1568 768 1643 Byzantium
787 1584 911 1619 cum
932 1556 1286 1638 pervenissent
1320 1602 1335 1623 ,
1380 1560 1454 1615 ita
1477 1576 1534 1615 ut
1554 1572 1876 1636 praeceperat

269 1646 592 1705 Theudatus
607 1686 622 1711 ‚
638 1648 817 1723 priora
832 1660 1100 1701 conventa
1117 1643 1432 1718 Imperatori
1448 1643 1798 1695 nuntiarunt:
1825 1643 1878 1695 δε

268 1727 559 1809 postquam
583 1729 627 1782 is
660 1728 743 1782 illa
776 1728 1008 1804 accipere
1044 1727 1364 1801 neutiquam
1394 1721 1613 1777 volebat
1633 1761 1650 1787 ,
1693 1716 1888 1776 ostem·

271 1812 412 1885 dunt
432 1831 548 1889 quae
570 1807 830 1886 posterius
848 1804 1130 1885 perscripta
1148 1803 1376 1863 fuerant.
1418 1803 1627 1859 Eorum
1652 1800 1740 1858 hic
1769 1818 1888 1858 erat

271 1910 457 1951 tenor.
500 1893 633 1949 Non
654 1888 790 1957 sum,
810 1895 1127 1967 Imperator,
1147 1888 1275 1943 aulae
1298 1885 1530 1943 advena:
1567 1901 1724 1942 natus
1743 1882 1880 1940 scili-

274 1992 362 2032 cet
379 1977 434 2030 in
458 1975 706 2030 avunculi
725 1975 865 2050 regia
884 2013 900 2038 ‚
936 1967 1265 2048 edoctusque
1293 1984 1352 2025 ut
1371 1970 1459 2024 tali
1477 1987 1675 2047 genere
1693 1982 1888 2023 ortum⁴

194 2104 196 2107 ,
275 2056 432 2114 educi
448 2074 538 2134 par
559 2069 687 2110 erat.
709 2054 978 2110 bellorum
999 2051 1338 2108 turbidanon
1361 2049 1538 2107 didici.
1578 2052 1888 2106 Literarum¹

277 2138 455 2195 taikns
473 2132 722 2213 cupidine
742 2176 758 2202 ‚
779 2140 833 2192 in
851 2138 946 2193 illis
967 2137 1091 2191 trivi
1108 2154 1280 2192 aevum
1302 2157 1314 2189 ε
1353 2151 1515 2211 ειῑψιε
1531 2130 1606 2188 ob
1627 2130 1682 2188 id
1697 2128 1888 2204 haffn-j

276 2240 380 2278 nus
398 2217 425 2275 ὲ
445 2218 748 2297 praeliorum
778 2217 998 2296 strepitu
1017 2213 1320 2296 longissime
1340 2236 1427 2271 me
1447 2215 1679 2271 removi.
1723 2205 1888 2287 Qua⁴{

274 2321 333 2360 re
353 2300 672 2358 indecorum
693 2298 823 2360 mihi
841 2298 899 2356 fit
918 2344 932 2365 ‚
963 2299 1202 2357 illectum
1219 2295 1527 2355 honoribus
1544 2295 1697 2374 regni
1715 2294 1888 2372 vitam}

277 2404 402 2442 cum
418 2384 664 2462 periculis
681 2381 883 2439 sumere
904 2403 1061 2438 :cum
1081 2400 1317 2460 utroque
1332 2379 1541 2445 liberari
1557 2379 1728 2444 liceat,
1748 2377 1888 2433 neu—l

275 2483 424 2523 trum
443 2470 626 2544 magni
657 2465 977 2522 ducentem:
1020 2484 1135 2520 non
1155 2461 1282 2519 illud
1302 2501 1318 2528 ‚
1353 2463 1479 2538 quia
1499 2457 1736 2517 satietate
1755 2472 1879 2536 pre*-

276 2551 418 2605 tium
438 2545 637 2603 amifit:
679 2545 811 2604 solet
832 2549 975 2603 enim
998 2566 1077 2601 res
1093 2547 1335 2625 quamvis
1350 2542 1530 2601 dulces
1547 2563 1611 2598 ex
1629 2542 1784 2619 copia
1797 2535 1879 2596 fa*-

277 2628 496 2687 stidium
515 2627 660 2708 sequi
681 2652 694 2685 t
722 2649 898 2707 neque
915 2627 1044 2694 hoc,
1063 2630 1188 2707 quia
1204 2622 1476 2683 insuetum
1497 2643 1664 2681 omne
1684 2620 1879 2701 percel-

277 2714 343 2771 lit
359 2715 618 2768 animum.
665 2714 716 2768 Si
735 2710 866 2766 mihi
886 2710 1075 2787 praedia
1094 2708 1307 2774 dentur,
1328 2727 1565 2786 quorum
1586 2705 1878 2763 obventio-

280 2815 378 2852 nes
397 2793 459 2850 ad
477 2796 588 2849 auri
621 2792 809 2870 pondo
847 2793 985 2848 mille
1005 2791 1231 2847 ducenta
1261 2792 1567 2870 pertingant
1587 2828 1604 2855 ,
1650 2786 1878 2844 n-onssillis

278 2896 511 2956 regnum
533 2875 661 2932 mihi
683 2878 778 2931 erit
798 2876 964 2930 carius
986 2895 998 2929 :
1034 2872 1134 2929 tibi
1151 2869 1495 2929 Gotthorum
1509 2870 1877 2946 italorumque

281 2954 643 3018 tranffcribam
661 2959 921 3037 regimen,
934 2974 1232 3036 praeoptans
1250 2956 1304 3011 in
1323 2956 1442 3011 otio
1461 2951 1877 3037 rusticari,quam

1806 3044 1876 3084 ‘m
