1888 3428
245 188 355 251 372
536 171 957 253 ‘Pnocoi’n
1021 173 1568 229 CAESAREEN'SIS

237 263 318 307 tra
351 252 597 309 Totilam
632 253 983 332 Gotthosque
1019 255 1198 330 copias
1230 254 1444 307 mittere
1474 248 1845 325 constituerat,

236 332 401 389 literis
433 332 661 392 Belisarii
698 340 958 392 excitatus
978 374 994 398 ‚
1030 333 1270 413 quibus
1258 355 1300 389 is
1320 332 1635 412 praesentem
1648 332 1847 393 statum

185 411 187 413 ’
237 435 534 508 exp-onem,
555 438 715 495 opem
741 415 1036 495 flagitabat.
1078 421 1161 471 Ac
1180 418 1417 493 primum
1447 419 1728 472 Pacurium
1746 422 1851 492 Pe-

237 499 369 553 ranii
389 495 561 555 filium
582 505 635 556 &
656 502 902 577 Sergium
924 499 1241 554 Solomonis
1260 494 1438 552 sorore
1454 499 1701 574 genitum
1722 518 1850 555 cum

238 576 506 635 militibus
526 601 638 636 non
662 584 842 638 multis
864 578 1031 642 misit,
1058 582 1189 656 qui,
1218 596 1277 635 ut
1297 581 1351 634 in
1367 579 1569 634 Italiam
1587 599 1852 658 pervene-

235 678 391 727 rant,
427 663 571 717 illico
605 661 655 719 se
689 683 812 719 cum
834 664 1091 719 Romano
1111 663 1599 733 exercitujunffxere
1649 659 1849 720 Postid

235 743 443 809 Verum
476 744 619 801 addit
647 765 770 800 cum
797 745 1017 800 Herulis
1034 747 1282 800 trecentis
1301 782 1314 806 ‚
1349 745 1719 821 Varazemque
1737 748 1850 800 Ar·-

236 828 480 880 menium
512 846 635 882 cum
659 826 921 883 militibus
941 826 1247 904 octoginta.
1290 822 1414 880 Post
1434 829 1485 880 δι
1501 824 1848 883 Valerianum

179 934 182 936 ·
233 908 629 963 Armeniorum
657 909 848 964 ducem
868 928 989 963 cum
1012 905 1320 963 satellitibus
1341 904 1850 1000 protect-oribusque

235 989 356 1065 plus
390 990 534 1046 mille
569 993 631 1045 in
663 992 861 1047 ltaliam
886 988 1218 1067 sequijubet.
1262 992 1503 1044 Primus
1491 992 1654 1068 igitur
1674 991 1849 1046 Verus

233 1069 578 1153 Hydruntem
615 1072 863 1148 appulit,
897 1071 1082 1149 ibique
1118 1072 1311 1126 reliffis
1350 1069 1577 1127 navibus
1618 1070 1644 1145 <
1667 1092 1845 1149 neque

232 1154 379 1207 enim
405 1172 620 1208 manere
638 1153 855 1209 volebat
876 1174 940 1208 eo
963 1155 1016 1207 in
1037 1156 1161 1208 loco
1181 1152 1271 1208 ubi
1290 1150 1542 1208 Iohannis
1562 1171 1670 1209 erat
1690 1174 1849 1209 exer-

232 1234 409 1304 citus)
442 1236 594 1311 equis
624 1234 960 1311 provehitur.
1002 1235 1132 1289 Erat
1150 1237 1293 1289 enim
1318 1237 1394 1289 vir
1415 1232 1516 1290 iste
1527 1237 1750 1290 minime
1770 1232 1850 1292 sa-

230 1323 369 1392 gas,
406 1316 733 1374 temulentiae
766 1319 965 1395 quippe
997 1318 1129 1372 vitio
1150 1306 1426 1371 obnoxius
1446 1336 1623 1394 eoque
1641 1312 1850 1396 semper

230 1394 542 1453 inconsulto
561 1419 807 1476 praecepS.
850 1403 896 1454 Is
915 1418 1039 1454 cum
1072 1395 1174 1454 suis
1211 1414 1270 1452 ut
1289 1397 1352 1454 ad
1373 1396 1734 1455 Brundusium
1755 1420 1851 1457 ve-

232 1481 334 1544 nit,
357 1478 432 1534 ibi
454 1479 628 1535 castris
647 1478 901 1537 consedit.
952 1480 1103 1558 quod
1124 1479 1216 1536 ubi
1236 1477 1593 1557 significatum
1613 1482 1813 1540 Totilae
1836 1502 1852 1537 ε

232 1561 429 1621 Verus,
448 1564 644 1639 inquit,
664 1560 931 1619 alterum
905 1584 932 1619 e
952 1561 1202 1627 duobuS,
1221 1580 1311 1617 aut
1332 1565 1559 1619 multum
1582 1561 1742 1620 habet
1760 1584 1851 1620 co-

230 1643 478 1736 piarum,
508 1662 598 1699 aut
625 1648 857 1701 multum
880 1647 1145 1710 amentiae.
1188 1645 1388 1701 Eamus
1408 1665 1538 1723 ergo
1561 1661 1619 1701 ut
1637 1663 1727 1702 aut
1745 1666 1849 1702 nos

231 1728 366 1780 vires
386 1730 497 1799 ejus
515 1729 887 1802 experiamur,
916 1745 1011 1782 aut
1039 1725 1146 1803 ipse
1166 1724 1310 1780 suam
1332 1724 1608 1781 stultitiam
1637 1726 1847 1784 sentiat.

230 1802 338 1861 His
375 1806 572 1864 dietis
560 1828 614 1863 in
654 1829 777 1864 eum
813 1826 1080 1888 properat.
1124 1808 1317 1863 Heruli
1341 1826 1398 1863 ut
1416 1804 1595 1863 hostes
1619 1811 1849 1886 propin-

234 1908 379 1966 quos
397 1890 608 1955 videre,
624 1892 677 1945 in
700 1910 891 1946 nemus
912 1889 1224 1966 quodjuxta
1245 1907 1353 1944 erat
1374 1886 1722 1968 confugiunt.
1764 1890 1848 1947 Ibi

233 1990 329 2025 eos
366 1973 767 2028 circumventos
800 1970 999 2027 Gotthi
1043 1968 1357 2027 interfecere
1394 1971 1514 2048 plus
1548 1971 1847 2029 ducentos·

231 2051 409 2108 Etiam
428 2056 636 2121 Verum
655 2059 706 2109 δε
726 2055 995 2131 reliquos,
1032 2056 1123 2130 qui
1141 2050 1220 2108 se
1209 2071 1345 2110 inter
1363 2050 1533 2110 sentes
1551 2051 1846 2112 absconde÷

189 2175 191 2178 ψ
231 2151 372 2199 rant,
393 2120 886 2211 deprehendissent,
925 2132 1017 2190 niti
1052 2134 1132 2190 his
1168 2134 1425 2211 insperata
1457 2132 1679 2192 fortuna
1707 2134 1847 2192 salu—
1869 2131 1883 2137 χ

233 2232 345 2271 tem
368 2214 635 2273 attuliflet.
683 2215 874 2272 Subito
895 2219 1037 2271 enim
1060 2237 1216 2272 naves
1239 2219 1359 2286 illae,
1374 2238 1490 2295 quae
1508 2221 1770 2275 Varazem
1790 2224 1846 2275 &

233 2315 358 2353 cum
380 2318 446 2352 eo
463 2301 758 2354 Armenios
778 2295 1070 2362 ferebant,
1059 2319 1114 2353 in
1140 2298 1193 2355 id
1213 2301 1360 2356 littus
1381 2300 1564 2356 delatae
1586 2321 1847 2379 apparue-

231 2400 306 2436 re.
349 2379 548 2457 quibus
567 2382 779 2436 Totilas
781 2378 1121 2473 εφηῖρεᾶίε,
1156 2385 1416 2455 majorem
1442 2402 1602 2459 quarn
1624 2400 1734 2440 erat
1752 2380 1847 2439 ad-

230 2462 415 2517 venire
432 2462 651 2518 credens
669 2464 995 2530 exercitum,
1018 2480 1161 2519 retro
1182 2460 1231 2520 se
1250 2466 1481 2541 recepit,
1515 2466 1727 2541 laetique
1749 2466 1846 2542 qui

232 2546 383 2601 Vero
400 2544 618 2600 aderant
638 2562 842 2622 quanto
864 2562 1114 2622 poterant
1146 2543 1330 2602 cursu
1318 2566 1373 2600 in
1397 2566 1556 2602 naves
1574 2542 1622 2601 se
1642 2548 1846 2603 intule-

232 2645 386 2680 runt.
427 2627 546 2682 Nec
569 2630 797 2684 Varazes
812 2630 951 2682 ultra
980 2631 1226 2707 navigare
1246 2625 1563 2693 constituit,
1595 2625 1686 2685 sed
1717 2648 1844 2685 cum
1882 2674 1884 2678 ⁷

230 2704 314 2762 his
331 2709 638 2763 Tarentum
657 2707 704 2764 se
724 2711 954 2764 contulit
975 2751 990 2774 ,
1029 2731 1142 2788 quo
1174 2729 1289 2765 non
1318 2708 1488 2766 modo
1526 2710 1718 2767 multo
1723 2705 1865 2790 post

228 2791 379 2844 venit
414 2795 467 2845 &
502 2793 757 2847 Vitaliani
784 2789 1068 2848 Iohannes.
1109 2792 1243 2847 Haec
1275 2788 1350 2846 ibi
1378 2790 1715 2869 gerebantur.
1762 2794 1844 2850 At

227 2869 476 2927 Belisario
509 2864 775 2964 scripserat
811 2877 1141 2963 Imperator,
1181 2874 1414 2929 multum
1445 2871 1494 2929 se
1531 2877 1579 2930 ei
1611 2875 1842 2932 militem

223 2954 440 3012 mittere
461 2971 520 3012 ut
536 2957 592 3012 in
612 2953 855 3013 Calabria
874 2960 998 3013 cum
1022 2953 1263 3014 hostibus
1280 2955 1460 3035 praelio
1483 2956 1840 3037 congredere.-

1729 3052 1830 3094 tur.
1886 3076 1888 3095 ι

1883 3129 1888 3311 l

1882 3315 1888 3428 ι
