1931 3428
266 108 393 189 746
607 104 720 162 DE
760 99 1048 159 GEs-ms
1089 96 1605 159 LANGOBARDI
1920 161 1922 180 ἶ

255 191 450 251 terruit
471 229 489 256 ‚
525 207 595 244 ne
613 187 734 266 quis
756 204 856 242 eos
892 183 1117 241 ulterius
1149 187 1469 263 contingere
1487 183 1728 249 auderet.
1769 174 1920 247 νῑ;·.,ἷζ

256 275 397 334 detis
414 271 478 331 ad
496 291 666 350 quem
693 290 789 327 eos
807 262 1119 348 profestum
1150 307 1167 333 ,
1204 286 1299 344 per
1318 283 1404 322 tot
1424 284 1675 347 tempora
1689 308 1706 334 ‚
1746 289 1879 348 pro-
1900 264 1917 318 ³³5

254 357 498 418 videntia
513 354 694 432 divina
707 351 1012 410 conservet.
1042 347 1280 408 Fortasse
1298 347 1499 429 horum
1516 349 1876 431 quandoque,
1890 387 1893 389 -

254 443 518 521 quianon
537 439 688 497 aliter
703 434 801 494 nisi
822 429 1113 491 Christiani
1135 429 1236 492 effe
1255 434 1516 513 putantur
1532 475 1549 505 ‚
1567 451 1760 514 gentes
1778 434 1923 503 illae„

256 522 639 606 praedicatione
662 517 914 579 salvandae
939 515 1081 575 sunt.
1406 520 1411 523 ’
1490 519 1492 521 ’

760 660 822 726 C
926 682 974 727 A
1076 682 1133 724 P.
1198 657 1360 725 V.

687 815 763 862 De
786 818 937 882 gente
971 791 1416 863 Scritovvinorum.
1456 787 1459 815 ³

424 947 530 1007 Vic
549 944 679 1001 loco
696 942 1013 1012 Scritobini,
1028 941 1097 1001 fic
1116 937 1262 1002 enim
1276 963 1416 1023 gens
1434 939 1522 999 illa
1542 940 1882 1008 nominatur,
1911 940 1918 978 l

434 1029 596 1088 vicini
627 1025 785 1096 sunt,
836 1029 932 1106 qui
967 1028 1131 1085 etiam
1168 1024 1358 1085 aestatis
1395 1044 1645 1105 tempore
1664 1021 1898 1081 nivibus:
1919 1027 1929 1096 J

255 1135 374 1172 non
392 1128 575 1171 carent
594 1151 611 1178 ‚
631 1130 730 1167 nec
750 1112 883 1177 aliis,
905 1126 1101 1189 utpote
1121 1106 1246 1165 feris
1267 1106 1390 1189 ipsis
1412 1110 1626 1165 ratione
1649 1127 1765 1164 non
1784 1104 1887 1164 dis·
1919 1102 1931 1171 ‘j

255 1218 406 1278 pares
431 1238 447 1260 ,
499 1214 666 1273 quam
699 1191 876 1250 crudis
913 1190 1204 1272 agrestium
1238 1194 1597 1249 animantium
1633 1188 1885 1247 carnibus

256 1278 583 1343 vescuntur3
621 1276 688 1334 de
710 1295 952 1355 quorum
986 1277 1151 1333 etiam
1164 1272 1329 1332 hirtis
1348 1272 1579 1353 pellibus
1601 1271 1700 1329 fibi
1719 1272 1886 1330 indu-

255 1379 443 1422 menta
462 1375 741 1439 coaptant.
760 1359 840 1415 Hi
855 1356 882 1414 ἐι
896 1355 1560 1438 saliend0,juxtalinguam
1575 1354 1879 1424 barbaram,

257 1446 655 1527 etymologiam
678 1440 906 1499 ducunt.
932 1440 1168 1498 Saltibus
1187 1443 1338 1511 enim
1361 1457 1598 1509 ιιι-εἴκετε,
1620 1456 1732 1496 arte
1750 1459 1886 1518 qua-
1926 1429 1931 1462 ⁴

255 1529 383 1589 dam
402 1531 558 1608 ligno
578 1528 808 1582 incurvo
826 1565 844 1593 ‚
872 1523 938 1582 ad
955 1544 1106 1582 arcus
1126 1522 1534 1581 similitudinem
1551 1563 1567 1589 ‚
1603 1519 1741 1580 feras
1758 1517 1887 1579 affe·

258 1628 525 1692 quuntur.
560 1606 731 1687 Apud
743 1606 847 1663 hos
864 1605 940 1663 est
959 1606 1178 1675 animal,
1193 1627 1309 1663 non
1326 1603 1444 1663 satis
1463 1602 1679 1663 affimile
1698 1624 1886 1672 cerv0‚
1920 1592 1931 1666 ἶ

258 1696 326 1753 de
346 1700 502 1770 cujus
520 1713 625 1773 ego
647 1691 800 1748 corio
818 1733 836 1755 ,
872 1709 933 1747 ut
951 1688 1123 1748 fuerat
1143 1689 1264 1768 pilis
1281 1686 1549 1768 hispidum
1570 1730 1589 1756 ‚
1604 1682 1931 1763 vestemins

256 1777 494 1836 modum
523 1773 756 1841 tunicaz,
790 1793 938 1853 genu
959 1780 1118 1830 t'enus
1139 1789 1397 1849 aptatam,
1426 1769 1721 1850 conspexi,
1754 1768 1890 1827 ficut

253 1867 367 1938 jam
385 1859 482 1917 fati
501 1899 520 1926 ,
557 1875 617 1916 ut
635 1858 862 1915 relatum
883 1855 958 1912 est
978 1897 997 1922 ,
1040 1854 1335 1913 Scritobini
1361 1872 1612 1914 utuntur.
1664 1851 1887 1925 Quibus

255 1947 317 2000 in
348 1944 484 2000 locis
518 1944 657 1998 circa
675 1936 902 1997 aestivale
936 1936 1223 1994 solstitium
1244 1977 1262 2003 ‚
1299 1957 1393 2015 per
1411 1938 1622 2016 aliquot
1642 1936 1790 2002 dies,
1827 1955 1887 1992 e-

256 2029 391 2083 tiam
410 2024 606 2091 nofiu,
638 2016 917 2078 clariss‘ima
936 2020 1026 2075 lux
1048 2022 1316 2084 cernitur,
1361 2017 1584 2098 diesque
1611 2017 1689 2082 ibi
1708 2019 1891 2091 multo*¹

257 2112 493 2182 majores
512 2151 526 2171 ‚
554 2124 721 2184 quam
740 2101 885 2168 alibi,
911 2099 1184 2158 habentur
1201 2125 1224 2166 ς’
1251 2100 1384 2172 ficut
1405 2099 1434 2157 ὲ
1452 2103 1726 2158 contrario
1747 2141 1764 2168 ‚
1784 2102 1887 2157 cir-

257 2211 318 2248 ca
335 2190 582 2247 brumale
614 2183 897 2244 solstitium
914 2225 932 2253 ‚
977 2187 1226 2263 quamvis
1243 2183 1349 2242 diei
1382 2183 1474 2242 lux
1494 2181 1623 2241 adlit
1641 2223 1659 2249 ,
1704 2181 1783 2241 sol
1801 2202 1887 2240 ta-

256 2271 483 2331 menibi
514 2290 630 2339 non
649 2267 897 2334 videtur,
932 2264 1146 2345 diesque
1181 2269 1393 2323 minimi
1413 2308 1432 2336 ,
1471 2288 1635 2347 quam
1659 2263 1885 2345 usquam
1918 2277 1921 2327 J

255 2355 423 2426 alibi,
454 2355 647 2411 nostes
681 2370 905 2430 quoque
935 2350 1218 2430 longiores
1251 2348 1509 2407 existunt.
1571 2343 1720 2418 Quia
1744 2347 1885 2406 scili⁴
1927 2342 1931 2362 '³

261 2457 346 2498 cet
363 2456 575 2520 quanto
611 2431 832 2514 magisa
866 2432 974 2489 sole
1008 2433 1232 2514 longius
1260 2429 1549 2490 disceditur
1570 2466 1587 2500 -,
1625 2448 1782 2490 tanto
1802 2430 1884 2489 sol
1926 2488 1931 2495 ,

257 2521 365 2599 ipse
383 2539 534 2579 terrae
553 2520 780 2580 vicinior
795 2533 1012 2596 apparet
1030 2554 1047 2583 ,
1094 2522 1149 2573 δε
1172 2514 1376 2573 umbrae
1395 2516 1674 2596 longiores
1697 2534 1885 2571 excre-
1922 2568 1925 2571 ,

257 2602 434 2662 scunt.
477 2605 739 2680 Denique
771 2601 828 2656 in
846 2599 991 2655 Italia
1011 2639 1028 2665 ‚
1057 2597 1191 2656 ficut
1211 2604 1267 2656 δε
1296 2601 1506 2677 antiqui
1540 2596 1883 2676 scripserunt,
1929 2589 1931 2598 ⁴

259 2689 397 2744 circa
413 2685 559 2743 diem
592 2684 780 2741 natalis
799 2681 1011 2739 domini
1029 2722 1048 2748 ‚
1085 2702 1290 2738 novem
1314 2680 1476 2760 pedes
1493 2684 1549 2738 in
1569 2679 1761 2738 umbra
1778 2679 1884 2736 sta-

260 2786 396 2828 turae
438 2766 687 2825 humanae
722 2762 855 2819 hora
900 2761 1041 2819 sexta
1073 2767 1416 2827 metiuntur„
1443 2764 1569 2844 Ego
1605 2780 1786 2821 autem
1823 2766 1880 2819 in
1927 2834 1931 2838 s

265 2850 444 2909 Gallia
460 2851 676 2930 Belgica
694 2885 712 2910 2
751 2848 805 2903 in
823 2849 947 2904 loco
967 2850 1061 2924 qui
1085 2849 1330 2903 Totonis
1347 2848 1468 2904 villa
1484 2847 1678 2906 dicitur
1694 2886 1709 2908 ‚
1740 2864 1880 2902 con-
1923 2854 1931 2904 ζ

262 2934 498 3003 stitutuS,
519 2932 805 2994 statusmei
825 2927 1072 2988 umbram
1096 2932 1326 2988 metiens
1343 2969 1362 2999 ³
1389 2931 1578 2991 decem
1598 2935 1650 2989 &
1671 2948 1880 2987 novem

1727 3005 1878 3088 &sea¹
1930 3028 1931 3032 ¹
