1888 3428
262 149 698 208 GoT'rnlcAE
735 143 1137 204 Hts’ronlffl
1178 148 1377 206 LIB.I.
1507 152 1630 230 185¹

16 227 176 292 niatae
211 237 265 290 ὃ(
304 231 517 289 Thurii.
581 233 732 289 Vltra
762 227 1314 288 {inum'Adriaticum
1347 232 1622 311 Epirotae,

17 315 201 372 Graeci
217 321 270 372 &
285 312 397 392 ipsi,
418 313 778 392 Epidamnum
800 310 964 390 usque
980 313 1312 369 maritimum
1333 317 1620 390 oppidum.

16 400 249 455 Annexa
281 396 403 452 huic
436 396 666 453 Precalis
699 393 839 451 dieta
857 410 1032 450 terra:
1076 392 1195 471 post
1214 415 1331 450 eam
1349 396 1622 454 Dalmatia

17 483 191 537 totius
211 478 522 536 Occidentis
541 476 710 534 robur
727 476 940 532 credita.
981 477 1132 533 Hinc
1148 474 1410 533 Liburnia
1425 518 1440 543 ,
1458 478 1624 546 Istria‚

15 563 468 638 Venetorumque
490 579 613 640 ager
630 561 722 636 qui
742 557 1059 616 Ravennam
1079 554 1246 637 usque
1265 563 1538 639 pertingit.
1558 562 1628 617 Et

16 636 71 699 hi
91 643 312 720 quidem
334 644 519 718 populi
537 643 665 697 mari
683 638 946 717 adsident.
987 637 1227 718 superius
1248 640 1392 698 Siscii
1414 649 1466 700 δε
1490 645 1625 698 Sue-

15 728 68 781 vi
88 728 169 781 alii
190 724 254 781 ab
274 725 386 779 aliis
403 744 542 801 quos
559 724 743 778 Franci
761 740 960 802 regunt
986 763 1004 789 ,
1031 723 1222 779 mediis
1240 726 1295 780 in
1319 726 1501 791 terris,
1535 721 1625 780 su-

14 826 219 885 perque
235 804 336 862 hos
368 809 528 861 etiam
549 805 736 862 Carnii
757 811 809 862 ὃς
841 806 1068 872 Norici,
1099 826 1338 883 quorum
1373 806 1625 862 dextrum

15 889 154 945 latus
171 891 329 944 Dacae
347 888 599 944 claudunt
618 893 672 944 &
709 891 999 944 Pannones
1019 888 1084 945 ad
1107 887 1428 945 Danubium
1457 885 1624 965 usque

16 967 200 1036 effusi,
237 989 474 1047 quorum
495 966 812 1028 urbesinter
831 972 953 1028 alias
971 967 1093 1027 sunt
1124 971 1389 1050 Singidon
1426 976 1481 1028 &
1512 973 1626 1027 Sir—

14 1054 209 1108 mium.
244 1054 300 1107 in
319 1050 410 1108 has
427 1069 616 1132 gentes
638 1055 774 1110 ultra
795 1052 1023 1113 Adriam
1043 1050 1162 1109 litas
1192 1056 1482 1131 imperium
1512 1070 1626 1109 erat

15 1131 367 1191 Gotthorum
399 1152 783 1213 quo.temp0re
812 1134 918 1192 hoc
944 1135 1147 1192 bellum
1178 1135 1493 1192 inchoatum
1527 1133 1626 1192 est.

12 1214 168 1293 supra
187 1216 505 1272 Ravennam
528 1217 713 1274 laevam
731 1216 860 1274 Padi
879 1220 1050 1294 ripam
1073 1217 1261 1274 colunt
1277 1220 1503 1296 Ligures
1522 1238 1538 1272 2-
1557 1216 1626 1273 ab

13 1295 96 1354 his
133 1300 567 1374 Septentrionem
606 1303 827 1378 propius
860 1298 1062 1355 Albani
1093 1299 1256 1356 ubere
1292 1320 1422 1377 agro
1458 1320 1625 1377 quam

14 1381 190 1459 Langi
217 1381 391 1436 villam
414 1397 631 1436 vocant.
656 1380 765 1441 ‚Ad
784 1378 1029 1436 occasum
1048 1378 1128 1438 his
1149 1381 1290 1438 Galli
1311 1421 1326 1441 ,
1373 1381 1629 1438 ulterius-

14 1482 122 1540 que
158 1459 400 1540 Hispani.
454 1462 666 1519 Dextro
700 1462 830 1521 Padi
859 1464 1022 1520 latere
1050 1463 1278 1521 AEm‘rliae
1309 1460 1627 1542 Thuscique

14 1545 204 1621 populi
237 1541 411 1600 rursus
446 1544 511 1601 ad
545 1545 784 1601 Romani
820 1548 931 1622 agri
968 1543 1206 1601 confinia
1237 1543 1288 1601 se
1315 1547 1624 1624 porrigunt.

14 1628 89 1682 ita
106 1623 155 1681 se
172 1625 320 1681 Italia
339 1624 520 1682 habet.
562 1630 642 1682 At
659 1624 935 1683 Belisarius
954 1630 1152 1683 circum
1151 1627 1294 1700 jecta
1308 1628 1501 1684 Romae
1519 1629 1628 1683 Ti·—

13 1705 187 1763 berim
207 1705 375 1784 usque
405 1704 643 1764 servabat
662 1706 945 1786 diligenter
966 1730 978 1765 :
1024 1705 1295 1786 rebusque
1316 1708 1455 1766 bene
1474 1709 1626 1767 ordi-

12 1793 150 1845 natis
175 1831 193 1856 ,
238 1791 440 1845 multos
459 1787 739 1846 satellitum
757 1788 978 1846 suorum
998 1831 1015 1858 ‚
1050 1792 1346 1847 nonnullos
1366 1796 1421 1847 &
1440 1809 1625 1868 prote·
1679 1841 1697 1860 ,

13 1872 229 1928 &orum
248 1911 265 1938 ,
285 1874 339 1926 in
360 1870 559 1949 quibus
577 1876 885 1948 Zanterem‚
903 1871 1346 1930 Chorsomanum
1366 1878 1419 1929 δε
1439 1872 1624 1930 AEsch-

12 1974 234 2009 manum
268 1951 589 2033 Massagetas
630 1995 647 2021 ‚
697 1952 837 2033 eque
870 1957 982 2011 aliis
1029 1954 1292 2012 militibus
1325 1959 1623 2013 exercitum

15 2034 383 2093 Constantino
403 2036 563 2094 tradit
580 2078 597 2103 ,
628 2036 886 2094 mandans
901 2039 954 2093 in
972 2036 1264 2094 Thusciam
1281 2040 1355 2094 ire
1375 2040 1623 2118 illiusque

12 2119 210 2174 tracStus
247 2118 364 2175 loca
393 2121 448 2174 in
486 2118 816 2196 potestatem
847 2119 1105 2199 redigere.
1147 2118 1287 2176 Besae
1315 2118 1620 2198 lingulatim

12 2200 320 2274 injuantum
353 2202 614 2258 Narniam
652 2220 711 2256 ut
745 2220 953 2278 caperet
985 2201 1219 2260 validum
1238 2200 1484 2261 Thusciae
1517 2224 1623 2283 op-

12 2281 220 2359 pidum.
261 2283 390 2338 Erat
405 2281 491 2338 hic
517 2281 668 2339 Besas
688 2282 939 2341 Gotthus
957 2325 973 2351 ,
1006 2305 1070 2342 ex
1090 2286 1190 2341 illis
1209 2286 1372 2364 quiin
1387 2283 1622 2342 Thracia

6 2368 118 2443 jam
137 2366 270 2421 olim
289 2363 660 2422 habitaverant
677 2405 691 2426 ‚
736 2386 834 2422 nec
851 2365 1298 2425 Theuderichum
1317 2364 1479 2424 secuti
1499 2365 1624 2425 fue-

11 2463 129 2502 rant
154 2467 278 2503 cum
306 2449 509 2504 Italiam
538 2449 638 2505 iret
667 2465 1026 2528 occupatum:
1073 2452 1154 2507 vir-
1181 2468 1320 2514 acer,
1363 2448 1622 2528 belloque

14 2527 241 2585 idoneus
264 2569 282 2596 ‚
315 2529 424 2586 dux
444 2532 666 2609 ingenio
690 2570 707 2597 ,
747 2532 898 2588 miles
925 2552 1109 2588 manu.
1150 2532 1261 2587 Hic
1294 2529 1447 2588 Besas
1476 2532 1620 2588 Nar-

14 2610 158 2665 niam
179 2649 194 2675 ,
214 2611 523 2668 volentibus
540 2612 824 2691 oppidanis
845 2654 861 2678 ‚
892 2617 947 2670 in
966 2612 1131 2672 fidem
1151 2617 1367 2692 accepit.
1412 2613 1620 2672 Eadem

13 2686 262 2748 facilitate
297 2692 690 2752 Constantinus
727 2695 1066 2772 Spoletium,
1109 2694 1375 2753 Perusiam
1413 2697 1622 2774 aliaque

17 2772 215 2850 oppida
232 2773 328 2831 fibi
344 2773 584 2852 adjunxit
602 2816 617 2837 ‚
633 2774 822 2855 sponte
843 2797 969 2834 eum
988 2776 1218 2835 Thuscis
1236 2781 1292 2835 in
1311 2783 1513 2835 moenia
1531 2777 1621 2835 ad·-

15 2855 377 2914 mittentibuS.
418 2857 670 2917 Praefidio.
699 2859 887 2915 relicto
923 2862 1205 2938 Spoletio,
1238 2858 1346 2939 ipse
1374 2857 1620 2926 Perufiae,

14 2955 134 3020 quae
148 2935 390 3009 Thusciae
410 2959 569 3019 caput
588 2938 661 2998 est
674 2981 692 3010 ‚
713 2944 1084 3021 interquievit.
1125 2943 1258 3004 Haec
1279 2941 1371 3002 ubi
1393 2961 1620 3018 compe-

881 3025 950 3080 M
996 3042 1019 3101 5
1484 3041 1622 3083 terat
