1931 3428
90 731 118 777 ,⁸
148 722 252 766 bello

1857 9 1860 14 ’
1907 0 1929 84 'l

1920 86 1929 110 θ,

1916 111 1929 130 ’ξ

1920 135 1929 153 ,ι

319 163 391 203 22
774 153 798 207 I
878 169 902 206 s
983 170 1005 207 1
1084 169 1127 207 D
1207 170 1246 208 0
1326 170 1366 210 R
1444 169 1470 209 1
1879 215 1881 217 ,

270 167 327 285 ἐς
362 224 584 308 septem.
627 232 766 298 «Qui
803 231 934 290 dum
976 229 1101 291 esset
1136 231 1448 303 haeredem,
1487 255 1672 314 pacem
1708 253 1893 298 tamen

271 310 531 370 concessit
547 312 802 373 Ecclefiae.
841 316 975 372 adeo
998 333 1056 372 ut
1072 317 1343 375 licentiam
1364 315 1666 377 Catholicis
1686 320 1899 400 episcow-
1927 341 1931 380 2:

1927 249 1929 270 i

1924 273 1929 285 ⁴

1928 290 1929 297 l

1927 327 1930 340 Ι

271 395 356 471 pis
387 393 554 463 daret,
574 399 630 454 in
652 419 858 455 annum
877 396 1018 477 apud
1048 398 1386 456 Toletanum
1413 400 1606 459 urbem
1629 408 1901 461 conveni·
1928 422 1931 468 ζ

271 494 393 533 rent
409 518 425 544 ‚
448 482 518 535 ’δε
537 501 879 559 quaecunque
913 480 975 538 ad
993 480 1234 539 Ecclesiae
1264 481 1597 562 disciplinam
1620 484 1902 544 necessari-a.
1927 504 1929 510 ’

273 557 561 619 extitissent
583 604 601 631 ,
634 562 800 620 libere
833 565 1164 643 licenterque
1192 563 1493 644 disponere.
1536 570 1622 625 Eo
1642 573 1931 648 regnante{

273 640 407 699 'dum
430 645 756 702 Francorum
778 666 932 726 reges
969 668 1094 704 cum
1127 645 1360 705 infinitis
1397 652 1568 727 copiis
1599 653 1654 708 in
1678 654 1927 731 Spanias

276 726 646 786 convenissent
663 770 678 795 ‚
712 735 765 786 δε
783 727 1220 787 Taraconensem
1245 733 1580 810 provinciam
1627 732 1673 773 ἦ
1692 736 1775 792 vel
1803 734 1904 793 de-

274 811 619 887 popularent,
647 811 828 869 Gothi
847 813 983 870 duce
1001 811 1341 881 Theudisd0‚
1358 813 1611 874 obicibus
1629 814 1904 896 Hispaniae

276 891 576 950 interclusis
593 936 607 962 ,
653 897 987 952 Francorum
1009 899 1307 953 exercitum
1330 899 1502 955 multa
1524 921 1648 956 curn
1669 900 1905 958 admira-
1930 909 1931 912 ’

279 973 437 1031 tione
469 963 706 1035 viet'oriae
730 976 1146 1054 prostraverunt.
1194 981 1325 1036 Dux
1358 980 1504 1037 idem
1528 1004 1717 1062 prece,
1743 1001 1925 1062 atque>

279 1058 491 1136 ingenti
525 1061 752 1137 pecunia
782 1057 878 1114 fibi
912 1059 1125 1122 oblata,
1164 1064 1304 1118 viam
1328 1060 1472 1142 fugae
1505 1063 1755 1123 hostibus
1778 1063 1906 1123 resi-

281 1137 402 1195 duis
423 1141 583 1196 unius
603 1140 706 1196 diei
727 1138 1008 1219 nocftisque
1032 1142 1204 1220 spatio
1229 1143 1470 1221 praebuit.
1532 1148 1743 1205 Caetera
1765 1145 1908 1205 infe-

282 1221 473 1277 licium
502 1220 662 1278 turba
684 1262 700 1288 ‚
742 1225 827 1278 cui
864 1222 1115 1281 transitus
1149 1226 1351 1282 conlati
1372 1233 1638 1307 temporis
1672 1250 1786 1287 non
1805 1251 1907 1287 oc-

282 1307 448 1360 currit
488 1344 506 1371 ,
555 1303 884 1362 Gothorum
922 1326 1199 1386 perempta
1237 1307 1421 1387 gladio
1459 1311 1718 1368 concidit.
1777 1310 1909 1371 Post

283 1400 397 1441 tam
434 1381 600 1443 felicis
629 1385 919 1445 successum
953 1390 1189 1446 victoriae
1214 1408 1361 1448 trans
1380 1389 1582 1451 fretum
1602 1396 1912 1454 inconsulte

285 1466 468 1524 Gothi
499 1466 787 1549 gesserunt.
834 1472 1094 1549 Denique
1112 1472 1247 1530 dum
1267 1473 1546 1535 adversum
1582 1480 1779 1536 milites
1813 1480 1911 1558 qui

289 1552 510 1628 Septem
533 1554 800 1632 oppidum
822 1553 982 1632 pulsis
1001 1555 1207 1613 Gothis
1225 1557 1786 1627 invaderunt,Oceani
1805 1558 1931 1638 fre-J

285 1650 342 1689 ta
364 1633 657 1693 transissent
680 1679 696 1704 ‚
732 1638 988 1717 idemque
1020 1637 1248 1697 castrum
1284 1662 1484 1722 magna
1514 1646 1566 1701 vi
1596 1645 1910 1701 certaminis

287 1734 670 1798 expugnarent
703 1761 718 1786 ‚
763 1719 1077 1778 adveniente
1113 1722 1197 1780 die
1226 1721 1510 1782 dominico
1541 1725 1913 1803 deposuerunt

286 1818 433 1855 arma
453 1841 470 1867 ‚
503 1821 572 1857 ne
593 1801 736 1860 diem
758 1800 962 1861 sacrum
1000 1805 1182 1883 praelio
1213 1802 1559 1866 funestarent.
1602 1811 1914 1890 Hacigitur

291 1880 571 1940 occasione
603 1903 813 1964 reperta
833 1889 1025 1944 milites
1057 1892 1344 1965 repentino
1366 1890 1579 1948 incursu
1610 1892 1914 1972 adgressum

286 1968 586 2022 exercitum
607 2007 624 2033 ‚
684 1971 814 2024 mari
851 1970 1089 2047 undique
1123 1988 1369 2049 terraque
1388 1970 1701 2031 conclusum
1718 2016 1736 2042 ‚
1770 1974 1907 2032 adeo

288 2044 697 2124 prostraverunt
717 2092 730 2113 ,
769 2067 829 2105 ut
849 2071 915 2106 ne
937 2072 1075 2107 unus
1093 2052 1312 2130 quidem
1333 2052 1614 2133 superesset
1632 2092 1650 2125 2
1670 2059 1767 2136 qui
1788 2074 1910 2114 tan-

289 2147 358 2184 τε
391 2128 551 2186 cladis
586 2130 854 2189 excidium
889 2138 1177 2211 praeteriret
1195 2176 1209 2191 .
1265 2137 1385 2193 Nec
1417 2158 1570 2195 mora
1591 2180 1608 2207 ,
1645 2142 1908 2219 praevenit

292 2232 442 2268 mors
477 2211 657 2269 debita
689 2216 1008 2293 principem.
1051 2220 1385 2276 Vulneratur
1415 2223 1563 2277 enim
1598 2219 1626 2278 a
1661 2222 1906 2302 quodam

291 2295 347 2350 in
366 2295 596 2362 Palati0‚
613 2300 829 2374 quijam
847 2299 1055 2356 dudum
1080 2301 1352 2358 dementis
1369 2299 1620 2382 speciem,
1642 2324 1702 2361 ut
1719 2325 1915 2385 regem

291 2375 585 2455 dec-iperet,
603 2375 963 2437 simulaverat.
993 2385 1171 2439 Finxit
1191 2386 1337 2440 enim
1358 2404 1467 2442 arte
1484 2383 1765 2453 insaniam,
1786 2408 1910 2464 per-

291 2456 546 2539 foditque
566 2464 880 2540 principem.
921 2467 1056 2533 Quo
1082 2468 1298 2524 vulnere
1315 2467 1401 2523 ille
1423 2466 1916 2548 prostratus,occu-

291 2539 431 2604 buit,
452 2542 936 2623 indignantemque
955 2551 1191 2605 animam
1211 2549 1491 2608 exhalavit.
1514 2553 1705 2609 Fertur
1723 2570 1909 2611 autem

291 2625 434 2680 iuter
451 2623 767 2682 effusionem
786 2625 1054 2707 sanguinis
1073 2630 1388 2705 conjiiraffe,
1409 2655 1477 2690 ne
1494 2636 1613 2713 quis
1631 2633 1906 2693 interfice-

293 2724 376 2761 ret
397 2706 776 2784 percussorem,
801 2709 981 2768 dicens
1001 2755 1017 2778 ‚
1039 2734 1337 2794 congruam
1360 2720 1539 2773 meriti
1558 2715 1803 2796 recepisse
1823 2721 1909 2774 vi-

294 2786 843 2871 cissitudinem,quod
863 2794 1041 2876 &ipse
1059 2799 1300 2877 privatus
1318 2798 1511 2859 ducem
1529 2797 1685 2861 suum
1712 2797 1909 2858 sollici-
1929 2841 1931 2850 ι

208 2923 215 2927 .
293 2888 471 2930 tatum
491 2873 770 2933 occiderit.

1695 3044 1909 3112 Emi
