1888 3428
213 149 331 223 488
524 149 916 218 Pnocopu
969 144 1584 206 CAESAREENsrs..

220 228 506 294 sariu3‚.at
538 235 837 310 Imperator
868 231 1135 286 Romanis
1167 230 1431 287 militibus
1453 229 1644 286 ducem
1659 225 1832 288 dedea
1872 223 1878 233 ⁸

223 329 304 373 rat
325 354 341 378 ‚
376 310 725 392 sororemque
744 318 856 388 ejus
876 314 1158 371 Audovini
1176 312 1666 393 Langobardorum
1685 317 1876 390 prin-‘⁴

226 397 331 473 cipi
365 391 732 471 desponderat.
778 399 986 453 Verum
1021 417 1085 452 ex
1117 413 1269 452 tanto
1305 397 1542 452 auxiliari
1576 398 1834 462 exercitu,
1881 402 1888 420 ’

225 493 416 556 praeter
437 476 822 535 Amalafridam
860 482 1017 557 eique
1049 476 1355 556 suppositos
1386 479 1580 533 milites
1609 476 1673 533 ad
1692 481 1839 533 Lan-
1885 479 1888 486 '

178 599 181 602 ι
225 558 502 640 gobardos
524 581 688 616 nemo
721 565 983 638 pervenit.
1026 564 1199 618 caeteri
1217 563 1272 616 in
1292 560 1496 638 oppido
1521 560 1710 637 Illyrici
1737 561 1840 617 Vl-
1880 608 1888 615 ,,

227 646 384 720 piana
400 640 535 715 juffu
555 646 899 721 imperatoris*
913 639 1100 699 haesere
1119 673 1136 708 ⁴,
1160 642 1234 699 ob
1255 641 1577 699 seditionem
1597 645 1739 698 inter
1758 644 1843 697 in-

229 724 451 803 digenas
471 744 714 783 exortam
735 768 752 793 ‚
788 747 850 782 ex
876 726 977 782 illis
998 745 1113 804 quae
1134 730 1272 782 inter
1296 722 1633 782 Christianos
1661 721 1844 802 dispu-

229 810 328 868 tari
347 805 540 875 solent,
559 808 623 870 de
642 808 841 888 quibus
861 830 1014 888 agam
1038 808 1177 865 libro
1199 807 1468 887 singulari.
1511 808 1661 865 Cum
1678 810 1846 863 Ama-

228 886 420 950 lafrida
451 894 632 969 itaque
667 912 802 970 gens
835 908 952 947 tota
982 890 1477 970 Langobardorum
1515 893 1570 956 in
1603 888 1868 968 Gepidas'

232 975 277 1027 it
295 972 555 1032 bellatum
577 1013 592 1037 ‚
614 974 811 1051 quibus
829 974 1007 1030 obviis
1025 974 1206 1051 praelio
1227 971 1491 1053 congresfi
1506 1012 1523 1038 ‚
1545 990 1655 1029 tam
1675 970 1852 1029 felici-
1886 1021 1888 1023 .

234 1070 320 1110 ter
341 1073 654 1134 pugnarunt
673 1095 689 1121 ‚
726 1075 786 1112 ut
803 1077 916 1112 non
938 1056 1108 1113 modo
1130 1057 1255 1113 vieti
1276 1055 1376 1112 sint
1396 1055 1622 1134 Gepidae
1642 1096 1658 1122 ‚
1686 1052 1773 1112 sed
1793 1059 1852 1111 δε

235 1157 565 1216 Ρειϊεωειὲηῑι
585 1134 872 1194 ἱητετῗεᾶἰ.
918 1139 1036 1194 Rex
1055 1138 1545 1216 Langobardorum
1560 1136 1848 1204 Audovin‚

233 1220 304 1275 de
334 1217 507 1276 domo
543 1218 631 1277 sua
664 1217 982 1297 quibusdam
1013 1224 1336 1297 Byzantium
1370 1218 1531 1277 missis
1547 1263 1561 1285 ,
1595 1219 1850 1298 prospero

234 1301 457 1376 quidem
492 1300 846 1362 Iustinianum
883 1300 1058 1361 affecit
1094 1306 1291 1360 nuntio
1327 1302 1552 1361 deviffitis
1585 1301 1855 1365 hostibus5

227 1382 325 1442 <sed
361 1381 514 1441 simul
546 1383 764 1464 questus
795 1383 870 1446 est
898 1407 1011 1442 non
1035 1382 1252 1443 adfuisse
1273 1388 1320 1443 ei
1349 1382 1595 1442 socialem
1617 1390 1857 1463 Impera.-

233 1469 371 1526 toris
393 1471 687 1525 exercitum
708 1509 724 1533 ‚
762 1467 886 1525 cum
921 1486 1030 1526 tam
1065 1471 1235 1526 multa
1267 1489 1437 1548 nuper
1455 1467 1888 1548 Langobardos.

237 1569 361 1605 rum
387 1552 549 1607 millia
583 1550 789 1610 iviffent
814 1553 1142 1630 opitulatum
1163 1550 1377 1609 Narseti
1398 1570 1584 1608 contra
1605 1550 1860 1608 Totilam

241 1637 296 1688 δε
330 1632 600 1692 GotthOS.
644 1635 777 1691 Haec
812 1655 961 1693 erant-
997 1654 1113 1713 quae
1149 1637 1250 1691 illis
1284 1638 1341 1691 in
1372 1635 1507 1691 locis
1539 1633 1864 1713 agebantur.

224 1713 455 1771 'Eodem
494 1733 744 1793 tempore
781 1735 940 1773 motu
961 1735 1110 1775 terrae
1129 1719 1279 1796 gravi
1313 1717 1613 1774 admodum
1632 1718 1859 1782 Baeotia‚

243 1794 448 1855 Achaia
467 1802 519 1854 δε
540 1818 656 1876 quae
676 1798 897 1858 Criffaeo
918 1798 1053 1855 finui
1073 1799 1313 1875 adjacent
1336 1795 1565 1877 quaffata
1584 1795 1721 1855 sunt.
1760 1819 1858 1855 ne-
1884 1801 1888 1803 ’

243 1900 351 1957 que
372 1898 583 1939 tantum
608 1884 706 1939 vici
736 1882 950 1958 plurimi
972 1879 1257 1939 consedere
1276 1903 1335 1938 ea
1356 1881 1500 1959 peste
1515 1921 1532 1945 ,
1577 1879 1662 1938 sed
1681 1886 1734 1937 δε
1753 1901 1862 1959 op—

244 1961 368 2039 pida
386 1963 516 2018 οξὶο
533 2001 549 2028 ,
585 1967 639 2018 in
666 1963 864 2041 quibus
886 1964 1188 2021 Chaeronea
1207 2006 1222 2031 ,
1262 1966 1487 2022 Corone
1507 2005 1524 2030 ,
1544 1964 1697 2019 Patra
1716 1980 1862 2020 tota·-

234 2064 352 2121 -que
369 2044 704 2122 Naupatffimffi
721 2047 929 2125 ingenti
949 2045 1235 2104 hominum
1255 2050 1498 2123 pernitie.
1518 2046 1703 2105 multis
1723 2066 1863 2124 quo-

245 2146 354 2200 que
374 2131 428 2187 in
450 2129 581 2187 locis
596 2127 762 2185 hiavit
782 2148 933 2185 terra:
950 2148 1110 2207 atque
1125 2128 1248 2186 alibi
1267 2129 1489 2207 quidem
1509 2150 1624 2208 quae
1644 2127 1863 2185 diducta

250 2228 402 2266 erant
420 2212 473 2265 in
506 2206 554 2269 se
575 2210 852 2267 redeuntia
874 2230 1109 2270 veterem
1128 2230 1276 2269 terrae
1308 2209 1532 2288 speciem
1564 2210 1862 2268 reddidere.

249 2290 374 2347 alibi
394 2290 582 2354 maufit
601 2290 792 2359 fifl‘ura,
811 2297 882 2349 ita
901 2312 957 2351 ut
974 2298 1264 2352 convenire
1282 2297 1423 2350 inter
1437 2293 1486 2352 se
1504 2293 1756 2350 homines
1775 2297 1865 2349 ni-

250 2371 289 2429 fi
324 2374 500 2452 longo
526 2374 734 2434 amb'itu
761 2379 1071 2455 nequirent.
1131 2377 1223 2434 Ad
1259 2375 1364 2434 haec
1399 2375 1541 2432 sinus
1574 2377 1734 2432 maris
1767 2375 1864 2454 qui

249 2453 570 2512 Theffaliam
586 2460 780 2514 ssaeotia
791 2480 952 2537 mque
971 2462 1112 2514 inter
1128 2456 1574 2525 curvatur2subita
1588 2460 1864 2524 eluvione,

251 2536 315 2597 ad
335 2539 602 2615 oppidum
638 2541 790 2617 quod
806 2540 1187 2600 Echinaeorum
1207 2541 1401 2599 dicitur
1423 2582 1439 2607 ‚
1473 2546 1526 2599 &
1546 2543 1863 2598 Baeotorum

252 2619 588 2697 Scarpheam,
611 2623 713 2677 late
732 2621 1030 2701 superfusus
1050 2627 1201 2681 terris
1219 2668 1232 2688 ‚
1258 2624 1427 2681 multa
1446 2620 1662 2680 aedificia
1680 2620 1862 2678 subito

252 2700 464 2776 dejecit.
485 2706 603 2759 Nec
620 2725 805 2781 parum
823 2702 924 2762 fuit
943 2709 1204 2784 temporis
1219 2705 1434 2784 quodin
1450 2703 1867 2762 continen'tide-

253 2801 472 2842 tentum.
491 2784 562 2840 est
583 2807 748 2853 mare,
767 2790 839 2842 ita
857 2806 913 2846 ut
931 2787 1184 2847 homines
1207 2788 1433 2866 pedibus
1451 2787 1762 2845 accederent
1776 2808 1864 2848 eas

251 2887 370 2942 quae
392 2870 530 2929 intra
554 2870 703 2929 illum
725 2867 896 2927 smum
915 2867 1035 2926 sunt
1059 2869 1251 2927 insulas
1270 2910 1285 2933 ‚
1317 2870 1448 2926 dum
1481 2869 1636 2927 undae
1663 2866 1864 2930 deserta

229 2948 371 3013 -iede
390 2953 605 3037 peroptia.
631 2950 959 3015 incumbunt
987 2957 1138 3015 terris
1156 2995 1173 3023 2
1206 2953 1339 3013 adeo
1361 2969 1548 3032 praeter
1563 2950 1777 3034 solitum
1800 2967 1860 3016 ut

1795 3031 1861 3093 ad
