1888 3428
257 173 690 239 Gora-melfi
732 185 1128 243 Htsrotuffl·
1172 191 1406 265 [ΓΒ-ΙΙ.
1552 210 1620 269 73

2 257 284 337 'quicquid
302 280 411 317 erat
428 268 687 322 exercitus
708 266 1052 326 contrahebat
1070 271 1364 339 BelisariuS‚
1386 272 1469 351 spe
1494 294 1631 330 con-

24 359 179 416 cepta
208 361 299 418 per
331 363 545 400 amnem
569 351 746 403 noceri
771 346 915 425 posse
936 351 1140 428 oppido
1171 374 1183 407 τ
1224 351 1375 410 fimul
1395 353 1631 412 hostium

22 418 222 478 famem
241 421 564 501 exspeffcans»
608 433 684 485 At
707 428 909 486 barbari
929 434 1186 511 quamdiu
1206 456 1315 515 nen
1335 441 1517 492 omnia
1535 437 1632 492 de-

21 500 267 560 fecerunt
298 507 580 573 alimenta,
617 531 922 589 quanquam
956 535 1053 590 pro
1076 536 1304 573 numero
1325 521 1628 574 tenuiserat

21 587 213 662 copia,
242 583 466 645 ferendo
499 594 640 648 malo
677 598 872 655 mirum
909 598 964 650 in
985 595 1215 652 modum
1249 598 1295 654 se
1321 598 1629 656 obdurave-

21 671 142 722 rant
161 709 175 730 ‚
212 673 396 743 procul
415 669 441 727 a
458 670 690 730 satietate
711 716 726 740 ,
765 694 975 732 tantum
997 678 1240 735 dimenso
1269 684 1324 737 in
1344 682 1485 738 diem
1504 702 1628 736 mo—

18 764 198 804 rantes
225 747 484 827 suprema.
528 754 816 835 Postquam
854 757 1172 838 consumpta
1196 782 1344 818 erant
1377 783 1495 841 quae
1521 761 1627 820 hu-

14 843 186 886 mano
204 833 366 889 vicstui
385 835 505 891 sunt
525 836 642 894 data
659 878 675 902 ,
712 840 894 896 ciiiciis
917 863 974 896 ac
993 843 1217 918 pellibus
1246 867 1380 924 aqua
1402 846 1493 902 diu
1515 866 1629 900 ma-

18 915 202 968 ceratis
219 910 563 991 pascebantur
583 959 598 983 ,
628 917 842 999 ipsaque
861 920 946 1001 spe
965 941 1126 1003 quam
1148 948 1200 982 re
1219 930 1432 983 inanem
1452 925 1628 983 verbis

22 989 244 1050 fovebat
265 998 487 1065 AlbilaS,
508 1000 853 1061 Gotthorum
878 1009 1130 1074 eximim,
1151 1009 1204 1065 id
1225 1009 1523 1087 praefidium
1543 1030 1629 1065 re-
1666 1036 1669 1037 ⁷

20 1095 166 1154 gens,
216 1074 308 1133 ubi
326 1078 555 1137 aestatem
574 1087 752 1142 retulit
773 1108 940 1142 annus
959 1129 974 1156 ,
1007 1091 1226 1148 emicuit
1245 1094 1299 1147 in
1318 1090 1494 1169 segete
1512 1088 1630 1147 fru-

18 1155 269 1214 ''mentum
289 1200 305 1226 ‚
339 1183 451 1218 non
470 1184 575 1242 qua
593 1165 794 1223 solebat
819 1168 1079 1237 ubertate,
1097 1172 1183 1229 sed
1201 1177 1407 1250 parcius
1427 1176 1624 1229 multo-

19 1238 165 1295 Nam
201 1244 324 1319 quia
357 1263 471 1299 non
503 1247 559 1300 in
579 1244 729 1304 sulcis
749 1270 966 1308 vomere
982 1272 1074 1309 aut
1091 1253 1325 1312 humana
1343 1276 1505 1311 manu
1527 1276 1626 1310 oc-

20 1321 218 1377 cultata
234 1319 444 1380 fuerant
464 1366 481 1392 ‚
509 1325 596 1384 sed
626 1331 682 1384 in
713 1330 921 1388 summa
938 1333 1390 1411 humojacuerant
1407 1334 1622 1400 semina,

21 1421 226 1480 partem
247 1409 493 1485 exiguam
512 1428 745 1468 erexerat
766 1430 1050 1494 terra‚quae‚
1065 1437 1298 1477 metente
1316 1421 1488 1485 nu110,
1511 1439 1627 1474 ma-

21 1488 242 1542 turitate
263 1487 544 1557 deciderat,
564 1509 720 1572 atque
741 1495 863 1553 inde
884 1498 1012 1556 nihil
1030 1518 1269 1557 enatum.
1311 1502 1515 1559 Eadem
1534 1520 1626 1578 per

18 1568 292 1624 AEmiliam
325 1573 606 1629 calamitas.
648 1575 943 1657 paffimque
974 1583 1076 1637 lare
1105 1583 1360 1640 derelitfffi
1378 1584 1627 1639 homines

19 1651 78 1705 in
97 1652 355 1708 Picenum
373 1650 421 1708 se
440 1652 792 1714 conferebant
820 1675 847 1726 ',.
876 1665 971 1716 rati
1002 1665 1132 1718 locis
1163 1668 1291 1720 mari
1313 1664 1488 1721 adficis
1511 1685 1625 1719 non

19 1729 244 1787 eandem
263 1730 481 1813 frugum
501 1738 742 1813 inopiam
764 1737 905 1797 fore.
950 1743 1169 1802 Paribus
1188 1746 1253 1803 de
1272 1745 1434 1803 caufis
1450 1742 1629 1801 Thuss

19 1832 145 1868 cum
166 1833 383 1893 quoque
401 1813 566 1873 finem
585 1815 752 1876 fames
770 1823 1066 1899 premebat,
1085 1827 1167 1885 sed
1189 1832 1283 1908 qui
1306 1846 1520 1885 montes
1540 1831 1628 1883 in—

19 1891 328 1952 habitabant
349 1896 376 1953 ὲ
395 1899 683 1976 glandibus
700 1900 957 1962 frumenti
979 1910 1032 1964 in
1055 1910 1282 1967 modum
1307 1913 1449 1967 mola
1466 1931 1624 1966 com-

19 1979 238 2033 minutis
270 1976 442 2035 faecos
481 2003 643 2059 panes
680 1984 1037 2045 vescebantur.
1082 1995 1377 2072 Vulgatiin
1398 1994 1627 2056 multos,
1673 2034 1675 2037 .

15 2075 80 2113 ut
111 2055 288 2116 affolet
308 2101 324 2126 ,
360 2063 557 2130 morbi.
593 2069 741 2141 pauci
764 2073 1058 2128 multorum
1089 2071 1406 2153 superstites.
1447 2079 1626 2148 Ajunt
1655 2107 1664 2110 -

17 2142 263 2218 agricolae
299 2145 538 2202 Romani
570 2151 624 2202 in
655 2152 854 2206 Piceno
889 2150 1001 2209 non
1034 2159 1213 2212 minus
1230 2161 1624 2236 quinquaginta

17 2218 307 2280 hominum
343 2228 502 2290 millia
536 2250 629 2306 per
666 2228 864 2305 famem
901 2235 1141 2294 absumta
1178 2280 1194 2305 ‚
1241 2242 1413 2297 multo
1448 2242 1625 2316 plures

15 2303 241 2361 Adriam
278 2329 422 2364 mare
458 2310 611 2366 ultra.
658 2334 775 2391 quae
804 2315 1090 2375 hominum
1114 2326 1482 2400 mortiumque
1504 2323 1622 2404 spe-

10 2387 135 2451 tieS,
157 2386 445 2466 conspeetu
465 2411 637 2448 certus
663 2435 679 2461 ‚
713 2401 1048 2456 memorabo.
1093 2406 1315 2460 Tenues
1334 2407 1620 2482 pallidique

13 2486 162 2525 erant
192 2490 416 2539 ornnes,
448 2495 570 2530 caro
599 2479 755 2533 nullis
775 2482 1036 2539 alimentis
1068 2481 1351 2543 sustentata
1370 2486 1623 2545 abscesse—

9 2566 104 2606 rat.
149 2549 303 2622 bilis,
333 2560 503 2631 potita
520 2564 790 2635 corporis,
829 2557 971 2621 foeda
1001 2566 1139 2623 sanie
1158 2572 1384 2627 tinxerat
1400 2574 1618 2627 extima.

7 2631 411 2708 Ingravescente
433 2642 574 2696 malo
593 2660 716 2697 cum
749 2641 947 2700 humor
966 2652 1144 2705 omnis
1162 2649 1412 2710 deficeret
1432 2694 1448 2720 ‚
1483 2660 1621 2713 cutis

7 2714 67 2768 in
96 2718 305 2771 corium
336 2719 573 2777 induruit
593 2761 609 2788 ‚
637 2721 856 2781 infixam
877 2727 1081 2787 ossibus
1099 2733 1352 2791 crederes.
1384 2735 1615 2795 vtandem

9 2793 150 2849 livor
168 2803 259 2872 qui
278 2795 473 2869 fuerat,
493 2805 548 2858 in
568 2806 842 2883 nigrorem
865 2813 1317 2881 mutatus‚fimiles
1338 2819 1483 2878 taedis
1501 2841 1617 2875 am-

8 2871 179 2933 bustis
190 2876 439 2939 homines
458 2882 792 2954 ostendebat,
807 2907 868 2957 ¹ut
887 2890 1030 2950 suam
1050 2895 1275 2975 quisque
1293 2898 1483 2956 faciem
1506 2900 1619 2974 spe-

11 2955 172 3041 ἕλω
193 2963 491 3043 miraretur.
523 2971 686 3035 etiam
718 2969 983 3033 limfatum
1003 2976 1134 3055 quid
1153 2983 1208 3036 in
1229 2982 1378 3043 vultu
1402 3001 1620 3116 appatre-

8 3055 14 3063 '
1537 3083 1627 3123 aaz.
