1888 3428
353 26 388 40 'a-

158 140 598 202 GoT'rfflcffl
638 139 1039 200 HrsTottrAE
1081 141 1220 197 Lm.
1254 134 1368 198 111.
1502 140 1615 219 389

12 219 114 282 stas
132 226 277 282 nulla
301 225 429 306 *ipsis
455 226 580 283 data·
592 222 666 282 est
681 264 698 291 ‚
731 227 980 304 quievere
998 265 1013 289 ,
1049 243 1162 279 non
1182 223 1462 281 voluntate
1482 265 1496 287 ‚
1526 220 1617 279 sed

12 311 139 385 quia
167 307 231 364 ad
252 309 577 366 'nocendum
606 308 823 365 materia
852 305 1032 363 deerat
1053 346 1070 372 ,
1110 324 1227 383 quae
1262 321 1406 360 trans
1419 306 1620 360 Danu-

12 387 168 447 bium
185 387 306 446 sunt
323 389 478 450 vobis
495 410 609 447 non
641 386 950 446 curantibus
970 428 986 454 ,
1022 386 1091 442 ab
1112 385 1192 442 his
1211 407 1325 464 quae
1345 388 1473 442 citra
1495 383 1618 442 sunt

13 472 303 551 repellente
322 494 415 529 eos
435 491 712 529 armorum
729 466 1123 526 Gotthicorum
1161 486 1332 525 metu.
1372 471 1451 523 At
1466 463 1619 521 infir-

14 557 192 610 mitati
221 559 341 633 quis
371 556 631 634 aequitatis
661 572 864 609 nomen
897 555 1190 629 imponat?
1220 571 1338 629 quae
1372 550 1619 605 amicitiae

14 632 150 692 fides
167 657 230 693 ex
249 638 313 694 ad
333 637 659 716 peccandum
680 638 1044 710 impotentia?
1092 631 1245 690 Nihil
1263 673 1280 700 ‚
1298 636 1619 709 Imperator,

16 716 151 773 nihil
183 716 276 774 ista
304 717 444 775 «sunt,
482 718 718 773 Facultas
738 717 930 796 agendi
948 713 1023 782 est
1057 736 1175 793 quae
1206 712 1619 792 hominisinge-

13 802 171 855 nium
208 798 653 878 propofitumque
685 796 972 855 honestum
995 815 1085 853 aut
1110 815 1264 876 turpe
1296 794 1402 853 sola
1420 798 1620 873 aperit,

14 881 70 938 id
89 881 241 959 quod
265 886 422 939 -intus
457 883 683 938 latuerat
702 883 758 937 in
793 879 1147 960 conspicuum
1165 879 1401 936 educens
1420 873 1633 956 patefaq.

16 963 101 1019 &ca
117 966 342 1020 licentiae
358 962 493 1020 fore.
536 964 621 1019 En
646 963 872 1042 Gepidae
892 1002 909 1028 ,
938 981 996 1019 ut
1014 963 1249 1041 primum
1273 960 1489 1018 exactos
1506 961 1631 1016 Da-

16 1049 94 1102 cia
113 1044 359 1102 Gotthos
377 1045 553 1104 videre
569 1087 585 1113 ,
620 1066 718 1102 vos
737 1056 920 1101 autem
937 1049 1038 1103 alio
1057 1044 1201 1101 bello
1223 1041 1490 1103 distri&os
1508 1081 1524 1103 ‚
1559 1061 1626 1097 u-

14 1127 180 1207 biqu'e
197 1146 454 1186 terrarum
473 1132 529 1185 in
550 1128 716 1187 vestra
739 1131 937 1184 irruere
953 1170 969 1195 ,
1004 1126 1236 1185 scelerati
1252 1126 1504 1182 homines
1526 1143 1624 1202 pro

16 1208 188 1267 nihilo
208 1209 494 1267 duxerunt.
524 1210 833 1284 Quomodo
855 1210 1083 1266 dicendo
1106 1213 1302 1287 aequari
1321 1207 1480 1285 hujus
1499 1205 1628 1262 faeti

16 1295 266 1379 atrocitas
291 1298 496 1369 queat?
537 1295 744 1349 Nonne
777 1294 1086 1349 Romanam
1119 1293 1361 1367 sprevere
1383 1285 1632 1362 majesta-

19 1376 171 1432 tem?
214 1376 419 1432 Nonne
454 1376 734 1454 pactorum
768 1371 1121 1452 federumque
1146 1377 1290 1452 leges
1322 1375 1628 1448 ruperunt?

17 1457 226 1514 Nonne
259 1455 636 1515 contumeliosi
660 1453 809 1514 fuere
844 1459 903 1512 in
936 1477 1077 1537 quos
1096 1457 1318 1513 minime
1339 1455 1630 1533 oportuit?

19 1540 226 1597 Nonne
258 1542 314 1596 in
352 1539 406 1597 id
438 1542 728 1619 imperium
766 1541 1116 1606 involarunt‚
1149 1541 1234 1595 cui
1268 1537 1455 1594 servire
1483 1531 1631 1614 poffe

23 1638 277 1699 optarent
296 1663 313 1689 ‚
355 1620 391 1678 fi
411 1622 569 1680 vobis
585 1624 763 1678 otium
783 1619 909 1678 effet
927 1623 988 1679 ad
1007 1621 1147 1699 ipsos
1168 1622 1300 1676 verti
1322 1626 1343 1677 ?
1377 1616 1635 1695 Gepidae‚

21 1707 323 1781 Imperator
341 1744 357 1765 ,
394 1707 647 1760 Sirmium
667 1703 867 1760 habent
890 1744 906 1769 ‚
940 1706 1227 1761 Romanos
1245 1704 1300 1757 in
1322 1699 1634 1758 servitutem

22 1783 300 1842 abducunt
329 1827 345 1853 ‚
387 1787 614 1843 Daciam
649 1784 794 1842 suam
830 1783 928 1841 effe
957 1786 1223 1860 jaffitant.
1263 1805 1378 1862 quo
1413 1781 1634 1838 tandem

23 1864 168 1934 bello
185 1886 275 1925 aut
311 1890 408 1946 pro
430 1867 587 1925 vobis
617 1885 708 1923 aut
727 1865 1005 1926 vobiscum
1035 1887 1126 1924 aut
1156 1871 1319 1924 etiam
1353 1869 1409 1922 in
1431 1885 1530 1922 vos
1550 1861 1638 1919 su-

23 1946 203 2026 scepto
239 1952 469 2009 victores
489 1992 506 2018 ,
541 1956 692 2027 cujus
728 1953 1030 2008 certaminis
1061 1954 1293 2029 pretium
1324 1946 1420 2006 fibi
1440 1965 1638 2003 terram

27 2051 163 2098 eam¹
182 2033 511 2091 vindicantes
529 2078 542 2098 ‚
584 2035 894 2088 mercenarii
925 2032 1054 2110 saepe
1078 2032 1230 2089 vestri
1252 2034 1434 2105 &jam
1457 2031 1635 2086 multo

26 2111 56 2172 ἐι
74 2123 320 2194 ternpore
340 2137 536 2196 magna
553 2120 778 2193 pecunia
799 2114 954 2171 vobis
978 2114 1244 2172 redemti?
1287 2115 1406 2169 Hac
1437 2109 1544 2191 ipsa
1562 2112 1642 2166 le-

27 2199 249 2276 gatione
285 2197 415 2255 nihil
447 2199 512 2254 ab
544 2202 700 2254 omni
734 2219 849 2256 aevo
885 2196 1112 2254 dicimus
1145 2192 1639 2274 fuisseimprobiuS.

30 2297 91 2335 ut
110 2296 207 2336 vos
227 2281 476 2337 viderunt
496 2277 698 2336 bellum
721 2283 775 2335 in
795 2277 936 2357 ipsos
954 2300 1133 2358 parare
1150 2319 1167 2345 ,
1202 2278 1404 2336 audent
1428 2280 1640 2355 Byzan-

31 2365 168 2418 tium
190 2366 370 2420 venire
388 2404 421 2430 ,γ
441 2366 872 2440 Imperatorique
889 2358 940 2417 se
958 2402 975 2428 ‚
1000 2368 1151 2437 cujus
1170 2361 1491 2440 dignitatem
1513 2379 1642 2437 pro-

31 2444 306 2502 culcarunt
325 2486 341 2511 ‚
362 2444 642 2502 ostendere
662 2484 678 2512 ‚
697 2444 855 2501 credo
875 2449 958 2511 δε,
979 2466 1096 2523 quae
1115 2441 1356 2520 ipsorum
1376 2461 1642 2498 verecun-

33 2525 117 2583 dia
134 2526 207 2583 est
224 2567 241 2594 ‚
272 2528 466 2584 auxilia
485 2524 648 2584 vestra
667 2527 1005 2604 imploraturi
1023 2531 1077 2582 in
1099 2530 1310 2602 nosoui
1329 2524 1485 2581 vobis
1501 2520 1643 2579 sem-

34 2629 127 2685 per
143 2608 326 2668 devoti
344 2607 564 2685 fujmus.
610 2611 762 2687 quod
783 2606 817 2664 si
856 2628 1045 2665 venere
1066 2607 1322 2664 reddituri
1352 2627 1467 2685 quae
1488 2605 1640 2661 nullo

33 2697 149 2766 jure
166 2688 699 2759 invaserantssausam
720 2689 879 2766 hujus
893 2686 1130 2769 ipsorum
1147 2691 1480 2766 poenitentiae
1498 2691 1644 2743 Lan-

0 2772 311 2853 ·gobardos
343 2771 441 2834 effe
472 2775 711 2831 Romani
744 2772 956 2829 credere
984 2771 1224 2828 debetis:
1269 2775 1470 2848 quippe
1499 2789 1644 2847 quo-

40 2874 160 2911 rum
180 2874 327 2912 metu
359 2855 560 2913 subatffi
587 2853 753 2912 seram
776 2851 869 2910 fibi
892 2854 1228 2911 circumdent
1245 2859 1382 2931 aequi
1403 2870 1649 2907 reveren·
1713 2858 1717 2862 '

39 2939 190 2996 tiame
240 2938 385 2999 Nam
421 2940 469 2995 ei
505 2940 598 3016 qui
635 2938 777 2994 recte
813 2936 1009 3013 agendi
1045 2933 1406 2993 necessitatem
1437 2931 1649 2988 nolenti

853 3015 951 3077 Bb
1001 3039 1023 3095 3
1478 3015 1656 3093 impo-
