1888 3428
220 182 652 247 Gor-rmcffi
692 180 787 239 H1
810 197 936 239 sTo
958 198 1101 245 RIAE
1138 184 1402 241 L1n.11.
1514 205 1625 270 245

17 259 206 333 neum.
224 268 481 327 nimirum
501 307 517 333 ‚
551 283 612 322 ut
631 263 756 330 dixi,
780 259 1147 321 Constantino
1168 263 1348 322 divina
1370 265 1504 324 ultio
1522 270 1633 326 im·-

4 346 302 426 -pendebat.
363 348 530 404 Haud
565 349 736 403 multo
754 343 917 402 serius
942 343 1146 402 Gotthi
1165 344 1408 402 infestare
1428 353 1653 407 moenia'

12 428 240 510 aggressi
259 428 487 487 sunt.Ac
506 432 739 507 primum
760 427 929 483 noctu
944 425 1208 505 quosdam
1226 426 1468 485 dimisere
1486 433 1540 486 in
1561 453 1629 489 u-

15 531 150 568 num
171 513 434 569 canalium
449 509 645 587 quibus
661 529 820 586 aquas
827 513 941 584 jam
957 509 1081 566 belli
1099 512 1257 566 initio
1276 509 1627 569 abduxerant.

11 595 88 650 illi
108 594 348 651 lucernas
368 614 427 649 ac
447 591 585 649 faces
603 590 852 647 manibus
871 590 1135 668 gestantes
1154 591 1567 669 eicperiebantur
1586 593 1625 652 si

11 695 119 754 qua
154 679 212 732 in
249 674 437 732 urbem
458 690 818 752 penetrarent.
857 677 1053 729 Picena
1070 675 1282 752 portula
1302 695 1418 731 non
1433 678 1622 754 procul

12 763 129 833 ejus
163 758 354 814 canalis
387 756 691 882 divergium
724 754 821 813 sub
840 752 1050 813 fornice
1069 774 1179 813 erat
1217 781 1230 815 ε
1269 757 1411 816 unde
1432 761 1621 837 ignem

12 842 239 897 emicare
271 839 456 897 videns
491 841 541 894 vi
586 840 721 894 ilum
758 858 898 895 unus
929 855 1147 896 caeteros
1176 838 1496 907 admonuit,
1524 843 1621 923 qui

9 921 188 978 dixere
218 922 406 999 lupum
436 885 586 976 fuisse
603 917 965 978 transeuntem
983 942 1147 1001 quem
1167 918 1370 979 vidiffet
1395 944 1409 979 z
1440 942 1622 1001 neque

9 1007 155 1059 enim
188 1001 369 1059 humo
395 1001 591 1059 editior
623 1020 732 1060 erat
759 999 939 1060 fornix
975 1024 988 1058 :
1025 1004 1208 1081 &lupi
1227 1006 1417 1061 oculos
1435 1005 1623 1062 crede-

3 1082 139 1141 bant
176 1086 317 1164 ignis
353 1077 622 1163 praebuiffe
650 1084 897 1162 speciem.
943 1088 1018 1144 At
1036 1087 1131 1165 qui
1147 1083 1361 1166 ingressi
1380 1107 1447 1143 eo
1469 1102 1622 1144 erant

7 1165 218 1223 barbari
236 1207 255 1233 ‚
283 1170 340 1224 in
360 1166 592 1224 mediam
613 1167 807 1225 urbem
825 1186 884 1225 ut
901 1167 1224 1226 devenerant
1242 1189 1358 1248 quo
1376 1170 1502 1225 loco
1522 1168 1619 1226 acl-

5 1245 211 1306 scensus
244 1250 378 1306 olim
410 1246 583 1306 fuerat
621 1249 687 1307 ad
722 1251 976 1326 palatium
1004 1247 1214 1314 ferens,
1246 1253 1531 1309 incurrunt
1557 1253 1616 1307 in

7 1327 358 1387 transversum
391 1351 532 1409 opus
552 1371 569 1397 ,
601 1331 751 1409 quod
786 1352 960 1410 neque
996 1330 1247 1411 progredi
1277 1333 1410 1390 ultra
1437 1353 1617 1410 neque

5 1409 254 1470 adscensu
274 1417 350 1470 uti
368 1413 686 1491 patiebatur.
729 1412 993 1470 Providus
1014 1418 1215 1492 quippe
1233 1412 1403 1472 futuri
1421 1411 1617 1472 Belisa-

2 1497 114 1551 rius
134 1493 388 1573 caepta'nte
407 1498 642 1571 primum
659 1492 869 1552 obfidio
889 1496 1115 1563 exitum,
1132 1500 1203 1553 ita
1222 1493 1480 1553 ut‘dixiffe
1497 1508 1617 1553 me-

6 1579 179 1642 mini,
206 1575 558 1633 obstruxerat.
600 1575 800 1654 Lapide
819 1580 985 1654 igitur
1004 1595 1219 1634 exemto
1249 1599 1364 1635 non
1386 1598 1612 1658 magno,

4 1676 147 1715 retro
168 1655 319 1725 verli,
339 1678 464 1714 eum
484 1656 775 1714 ostendunt
793 1658 967 1738 Vitigi
985 1663 1039 1715 &
1059 1679 1176 1737 quae
1195 1677 1499 1738 repererant
1517 1680 1615 1716 ex-

3 1757 221 1818 ponunt
237 1781 248 1792 .
306 1744 355 1795 Is
388 1754 513 1795 'cum
549 1738 901 1796 Gotthorum
938 1740 1269 1817 primoribus
1299 1742 1365 1800 ad
1402 1739 1614 1798 infidias

4 1819 221 1883 consilia
239 1824 514 1879 vertit.-At
534 1825 627 1900 qui
647 1822 1031 1886 Romanorum
1053 1825 1306 1880 Picenam
1323 1823 1463 1903 apud
1479 1843 1613 1902 por-

4 1905 173 1960 tulam
205 1906 406 1983 vigilias
440 1902 770 1961 servaverant
795 1944 820 1968 ,-
846 1921 974 1959 orto
995 1904 1080 1961 die
1110 1900 1414 1978 sermonem
1433 1905 1498 1963 de
1518 1903 1612 1964 visi

0 1985 114 2063 lupi
133 1987 441 2061 conjeffura
455 1984 770 2065 spargebant
789 1988 943 2042 latius
955 2025 972 2050 ‚
992 1985 1167 2044 donec
1181 1988 1245 2045 ad
1261 1986 1490 2045 Belisarii
1509 2008 1628 2045 au·-

3 2088 86 2125 res
115 2071 377 2147 pervenit.
421 2072 512 2147 qui
533 2109 549 2136 ‚
580 2089 692 2124 non
712 2066 888 2147 segnis
905 2070 1094 2125 talium
1110 2067 1398 2128 aestimato‘r
1416 2112 1434 2140 ,
1465 2072 1613 2128 mili-

0 2168 119 2207 tum
144 2152 394 2230 egregios
426 2171 551 2208 cum
586 2148 867 2207 satellitum
889 2152 1150 2231 Diogene
1184 2156 1240 2209 in
1260 2155 1496 2211 canalem
1519 2150 1610 2209 de-

1 2233 186 2311 gredi,
214 2235 507 2312 locumque
525 2235 799 2313 explorare
815 2251 1162 2312 properanter
1171 2234 1350 2309 jubet.
1392 2235 1469 2292 illi
1489 2230 1610 2312 pas-,-

2 2313 97 2372 fim
135 2335 228 2392 per
257 2328 451 2372 cavum
482 2314 966 2393 repertishostium
996 2317 1224 2374 lucernis
1251 2338 1369 2396 quae
1388 2317 1453 2375 de
1471 2315 1612 2374 faci-⁶-

0 2394 101 2453 bus
120 2395 731 2466 deciderant,-observata
750 2401 909 2455 etiam
927 2401 1107 2478 operis
1122 2416 1269 2479 parte
1288 2399 1432 2457 unde
1447 2420 1607 2457 amo-
1647 2399 1657 2407 “’

0 2494 90 2535 tus
106 2475 279 2536 fuerat
293 2481 423 2559 lapis
443 2521 460 2547 ,
489 2481 682 2537 cuncta
715 2479 779 2536 ad
800 2480 991 2538 ducem
1011 2483 1260 2538 retulere.
1302 2502 1464 2561 quare
1485 2481 1607 2539 &is

0 2558 316 2640 diligentem
337 2566 499 2620 canali
517 2562 812 2619 custodiam
831 2562 1078 2625 adhibuit
1097 2603 1112 2629 ,
1134 2570 1189 2622 δι’,
1205 2561 1411 2620 Gotthi
1428 2604 1445 2630 ,
1475 2583 1606 2621 cum

0 2640 54 2698 id
84 2642 567 2708 animadvertissent
587 2685 602 2705 ‚
633 2647 725 2700 illo
759 2662 958 2702 conatu
985 2643 1249 2703 destiter-e.
1294 2645 1396 2703 Sed
1423 2663 1606 2724 aperta

0 2725 53 2780 vi
75 2725 289 2803 aggredi
310 2732 509 2783 moenia
541 2730 725 2806 potius
744 2729 876 2789 rati,
905 2746 1032 2784 cum
1065 2726 1212 2786 scalis
1228 2730 1427 2806 &igne
1446 2748 1606 2806 pran-

1 2803 75 2861 dii
101 2822 343 2885 tempore
371 2827 583 2888 captato
615 2829 753 2865 cum*
774 2810 998 2866 minime
1027 2809 1081 2867 id
1099 2809 1462 2889 exspet‘starent
1480 2810 1605 2866 Ro·-

1 2891 147 2943 mani
168 2927 186 2951 ‚
217 2888 280 2945 ad
301 2893 567 2966 portulam
587 2893 835 2947 Piceuam
855 2912 1048 2949 venere
1064 2932 1081 2959 ,
1111 2889 1378 2970 sperantes
1393 2895 1603 2967 impetu

0 2971 110 3047 rapi
146 2967 334 3028 urbem
364 2971 540 3052 posse,
568 2971 720 3053 quod
750 2978 907 3052 pauci
935 2993 1004 3031 eo
1024 2974 1149 3044 loco
1170 2975 1364 3032 milites
1384 2967 1631 3031 manfisf

974 3057 1034 3125 Q
1082 3078 1106 3133 3
1472 3047 1606 3109 sent.
