1888 3428
246 187 361 265 276
594 181 1571 263 Pnocomrcffisfflnnusis
1630 259 1660 263 Ἃ
1757 262 1769 264 -

243 289 362 326 non
397 268 690 327 valemus(
726 271 806 326 At
853 286 916 327 tu
962 267 1260 325 Iohannem
1308 273 1364 324 δε
1396 266 1660 325 Iustinum
1698 271 1727 344 (
1747 283 1864 330 nori

248 351 414 430 longe
450 353 596 408 enim
617 370 710 429 per
729 353 999 407 AEmiliam
1021 356 1226 431 agunt)
1255 347 1387 423 jube
1407 369 1531 414 cum
1549 348 1651 413 suis
1671 370 1864 428 quam-

247 436 486 512 primum
520 436 733 499 venire‚
770 432 1014 511 gerendae
1050 436 1121 490 rei
1158 431 1350 487 socios·
1394 432 1567 488 Iunffi
1599 431 1746 498 enimv
1778 435 1866 505 in-

250 531 332 572 ter
361 536 464 571 nos
497 555 514 582 ‚
550 522 606 572 &
642 512 806 570 nobis
837 511 1054 571 salutem
1089 556 1105 581 ‚
1138 520 1191 569 &
1226 516 1426 570 malum
1465 511 1709 569 hostibus
1744 514 1866 572 dare

249 599 576 677 poterimus.
639 601 700 652 In
733 617 858 652 eum
891 592 1332 672 sensum'scriptae
1369 613 1518 651 erant
1547 596 1770 664 Martini
1803 599 1884 653 li--

249 677 403 736 terae.'
436 700 566 758 quas
587 677 740 735 fimul
767 680 964 757 legerat
991 674 1266 734 Belisarius
1295 712 1313 743 ,
1344 674 1643 734 Iohannem
1683 699 1742 733 ac
1777 682 1870 735 Iu->

234 759 451 817 ‘stinum
480 759 636 836 jubet
666 780 792 817 cum
839 760 1082 816 Martino
1119 779 1281 837 quam
1321 755 1869 820 citiffimeffMediola-

252 863 386 900 num
427 840 599 900 versus
644 842 924 922 progredi.
982 843 1055 897 illi
1099 837 1241 903 vero
1280 839 1513 896 abnuere
1546 839 1595 897 se
1630 839 1868 899 faffituros

252 923 349 981 nisi
388 922 579 982 Narses
613 927 913 1002 imperaret.
959 922 1033 979 ob
1065 943 1183 979 eam
1201 942 1313 979 rem
1344 920 1550 978 Narseti
1570 921 1747 980 scribit
1765 926 1869 979 Be-

249 1005 463 1065 lisariuS.
524 1006 770 1063 Omnem
805 1008 1143 1084 Imperatoris
1182 1008 1474 1061 exercitum
1508 1045 1523 1070 ‚
1565 1025 1735 1060 unum
1770 1002 1870 1061 effe

253 1109 452 1168 corpus
503 1091 709 1167 cogita.
772 1086 888 1143 Nifi
939 1090 1103 1166 igitur
1136 1090 1191 1161 in
1229 1106 1401 1142 unum
1446 1085 1759 1164 conspiratis
1803 1107 1871 1142 o-

252 1192 410 1227 -mnes
443 1210 460 1236 ‚
503 1188 563 1225 ut
596 1172 650 1225 in
685 1189 913 1247 corpore
950 1168 1189 1224 humano
1223 1168 1503 1232 membra,
1537 1167 1623 1224 sed
1655 1166 1874 1234 ,seorfim

256 1250 350 1309 fibi
377 1253 564 1330 placita
598 1249 821 1328 quisque
854 1247 1241 1325 exsequimini,
1278 1248 1430 1305 restat
1455 1267 1512 1304 ut
1537 1289 1554 1315 „
1586 1248 1874 1328 postquam

253 1331 387 1390 nihil
419 1330 702 1389 fecerimus
748 1351 939 1387 eorum
992 1352 1108 1408 quae
1156 1346 1376 1408 oportet
1413 1370 1427 1391 ‚
1475 1329 1659 1395 misere
1694 1352 1876 1409 perea7

255 1435 402 1473 mus,
446 1435 615 1493 quare
650 1417 845 1470 omitte
879 1413 1152 1470 AEm'iliam
1188 1454 1204 1479 ‚
1248 1414 1599 1468 munimentis
1631 1433 1875 1485 vacuam,

254 1517 357 1554 nec
386 1501 693 1576 {quicquam
741 1516 886 1553 nunc
937 1495 1158 1574 quidem
1208 1497 1476 1551 momenti
1525 1494 1590 1551 ad
1635 1515 1718 1551 res
1752 1496 1876 1552 Ro-

257 1599 444 1637 manas
485 1570 748 1635 ferentem
770 1618 782 1633 .
845 1579 939 1633 Tu
990 1598 1116 1635 vero
1155 1575 1382 1633 Iohanni
1413 1598 1471 1634 ac
1505 1576 1708 1643 Iustino
1741 1597 1877 1655 praeq-

255 1663 377 1738 cipe
410 1681 562 1716 mora
597 1663 752 1716 omni
784 1658 1010 1736 abrupta
1043 1661 1244 1715 comite
1270 1653 1518 1715 ⁴Martino
1543 1657 1757 1737 ejusque
1780 1661 1878 1730 mig-

251 1741 354 1798 =lite
388 1742 587 1799 ducant
628 1744 685 1797 in
732 1738 944 1797 hostem
979 1744 1071 1818 qui
1108 1740 1410 1800 Mediolani
1445 1743 1586 1819 agit.
1650 1744 1878 1817 propin-

256 1823 711 1902 qui'enimlocis
752 1820 870 1877 sunt
904 1861 921 1887 ,
982 1829 1036 1878 &
1082 1822 1146 1877 ad
1194 1824 1300 1877 vim
1345 1819 1695 1877 barbarorum
1742 1821 1878 1878 edo-

259 1902 671 1962 mandam‘satis
709 1902 893 1960 validi.
922 1902 1069 1959 'mihi
1101 1923 1228 1958 vero
1264 1903 1414 1981 quod
1446 1905 1658 1960 mittam
1694 1907 1876 1981 copia-

258 2006 384 2044 rum
426 1986 512 2043 hic
556 1983 673 2043 satis
718 2005 833 2042 non
869 1983 943 2041 est
978 2026 995 2052 ‚
1037 2005 1103 2041 ne
1154 2006 1217 2040 ex
1265 1983 1358 2041 usu
1402 1983 1624 2062 quidem
1652 1986 1873 2061 judic0,

257 2065 387 2126 hinc
422 2071 496 2124 ire
541 2088 608 2123 eo
656 2068 879 2124 militem
901 2108 914 2121 .
973 2069 1207 2146 primum
1243 2067 1395 2144 quod
1428 2067 1744 2123 diuturnum
1779 2068 1878 2139 iter

258 2148 451 2229 perdet
494 2146 769 2205 neceffaria
813 2148 973 2206 rebus
1018 2147 1336 2226 urgentibus
1382 2166 1631 2226 tempora
1675 2154 1876 2222 ἴδῃς-,-

258 2234 385 2309 quis
419 2230 636 2309 quando
682 2252 750 2287 eo
788 2234 1029 2308 venerint
1072 2233 1236 2308 longa
1271 2232 1354 2285 via
1391 2228 1535 2286 feffis
1571 2230 1746 2287 nullus
1780 2234 1882 2300 erit

260 2314 324 2370 in
357 2310 536 2369 hostes
582 2310 733 2369 usus·
791 2312 943 2389 quod
978 2310 1013 2368 si
1052 2332 1174 2366 cum
1226 2313 1468 2368 Martino
1513 2319 1566 2368 &
1601 2312 1877 2382 Vliariilli

263 2414 374 2451 :una
407 2414 546 2473 quos
582 2395 691 2450 dixi
722 2393 1096 2454 Mediolanum
1134 2393 1182 2449 se
1215 2392 1496 2450 conferant
1531 2434 1548 2461 ,
1592 2395 1888 2465 vieioriam

261 2492 328 2532 ut
363 2474 611 2533 credibile
642 2473 715 2531 est
748 2475 1102 2553 reportabunt
1139 2475 1202 2531 de
1237 2474 1473 2531 barbaris
1494 2519 1507 2537 ‚
1541 2473 1789 2554 neopost
1822 2473 1888 2544 id,

263 2554 477 2615 difficile
512 2560 609 2613 erit
651 2577 957 2634 recuperare
1007 2559 1275 2613 AEmiliam
1308 2599 1322 2619 ,
1369 2555 1660 2613 obfistente
1702 2560 1874 2627 nemi?

261 2657 350 2695 ne.
399 2640 514 2695 Has
550 2656 608 2694 ut
634 2639 766 2694 vidit
795 2640 969 2695 literas
1003 2637 1228 2705 NarseS‚
1264 2636 1404 2695 haud
1437 2638 1641 2708 distulit
1675 2638 1872 2710 Iohan,

259 2723 324 2778 :ni
362 2725 416 2776 δε
450 2718 648 2777 Iustino
686 2719 889 2776 edicere
932 2761 949 2787 ‚
1007 2737 1066 2776 ut
1099 2740 1221 2776 cum
1260 2722 1459 2778 caeteris
1496 2719 1883 2795 Mediolanum

262 2804 369 2860 iter
416 2806 735 2880 arriperent.
793 2803 927 2858 Non
979 2801 1158 2857 multo
1203 2801 1321 2878 post
1368 2802 1432 2858 ad
1479 2822 1628 2859 oram
1671 2804 1888 2860 maritissss'l

263 2899 413 2948 mam
445 2883 712 2942 Iohannes
741 2886 968 2943 mittitur
1009 2881 1257 2943 lintribus
1276 2885 1654 2963 conquirendis
1675 2925 1692 2952 ‚
1723 2864 1888 2974 queis}

299 2990 302 2992 ’
1658 2983 1877 3031 amnem
