1888 3428
237 182 357 255 284
553 181 949 235 PRocoprl
1001 177 1534 234 CAEsAREENsrs
1885 249 1888 253 .

228 264 329 319 erit
346 255 507 315 officii
541 258 691 337 figno
712 258 839 316 dato
871 263 946 315 ire
965 260 1230 335 receptui:
1277 254 1487 335 signum
1506 256 1558 313 id
1578 256 1826 333 pedestris

233 341 383 400 tubae
401 345 506 397 erit⁴
519 342 755 420 clangor.
799 341 933 398 Haec
950 340 1151 397 dixerat
1181 337 1471 395 BelisariuS.
1504 342 1699 395 milites
1719 380 1736 406 ,
1774 360 1833 397 ut
1882 378 1885 380 -

231 427 423 480 reverti
446 422 758 499 pabulatum
775 422 970 479 eodem
990 443 1100 500 quo
1120 437 1237 475 ante
1260 419 1512 476 Gotthos
1530 420 1727 487 videre,
1754 423 1835 476 in-

233 503 386 563 cursu
405 503 549 561 fafito
569 545 585 570 ‚
626 507 926 561 nonnullos
955 506 1355 581 primo-impetu
1375 501 1736 580 prosternunt.
1777 506 1835 558 in

231 586 315 644 his
332 608 459 644 cum
479 585 604 643 effet
625 589 841 664 quidam
859 606 1018 643 aureo
1039 602 1233 641 ornatu
1251 625 1267 651 ‚
1311 585 1536 640 Maurus
1553 584 1606 641 id
1624 581 1837 661 conspi-

237 689 361 725 cans
378 672 546 735 miles,
569 670 765 746 capillis
782 687 1057 725 mortuum
1077 666 1395 746 spoliaturus
1413 665 1673 722 trahebat.
1693 667 1837 722 Eum
1871 711 1873 713 .

233 751 494 807 Maurum
529 749 774 806 Gotthus
788 750 968 825 jaculo
987 752 1059 807 ita
1076 767 1360 826 utramque
1377 746 1548 804 suram
1571 746 1837 825 transegit,
1884 767 1888 770 ·

234 851 297 889 ut
318 832 478 911 pedes
508 836 645 888 inter
666 830 715 888 se
743 830 950 890 cohaesu
985 830 1186 888 missilis
1207 832 1676 888 connecterentur.
1718 830 1838 885 Ne-
1863 839 1868 845 '

233 935 341 993 que
360 932 538 971 tamen
559 913 828 970 desinebat
847 915 1072 970 Maurus
1099 931 1362 970 retentare
1391 917 1559 970 crines
1577 953 1595 979 ,
1632 910 1857 986 trah-ere*

235 1001 481 1053 exanime
501 1016 718 1073 corpus·
760 998 972 1053 interim
991 1017 1053 1052 ex
1083 993 1278 1052 insidiis
1305 995 1578 1073 prodeunt
1601 993 1829 1050 barbari.

234 1078 389 1156 quod
421 1077 449 1133 ἐ
484 1077 658 1134 castris
691 1079 875 1135 videns
905 1076 1179 1134 Belisarius
1208 1120 1223 1141 ,
1270 1075 1534 1155 pedestres
1572 1077 1841 1133 tubicines

234 1159 413 1216 subito
449 1179 633 1216 canere
660 1160 838 1232 jubet.
883 1160 1091 1216 Audito
1124 1157 1276 1237 figno
1314 1161 1553 1215 Romani
1587 1160 1841 1235 pauiatim

234 1260 371 1297 eunt
388 1240 588 1307 cessim,
607 1238 781 1297 secum
800 1239 1032 1297 ferentes
1052 1241 1308 1295 Maurum
1331 1260 1452 1297 cum
1470 1243 1662 1312 jaculo.
1696 1242 1844 1297 Got-

232 1320 406 1379 thino
467 1322 723 1378 audentes
743 1315 919 1401 sequi,
949 1323 1099 1378 nullo
1117 1341 1293 1399 operae
1313 1324 1482 1398 pretio
1501 1318 1646 1378 facto
1666 1320 1729 1379 ad
1749 1319 1841 1378 sua

232 1404 380 1462 redie
443 1445 457 1460 .
504 1405 761 1483 Cumque
781 1423 1025 1480 tempore
1047 1403 1373 1483 procedente
1408 1424 1585 1459 rerum
1607 1401 1841 1460 neceffa-

233 1489 435 1543 riarum
455 1489 638 1564 inopia
656 1485 775 1563 ipsis
796 1485 1045 1542 cresceret
1066 1528 1082 1552 ‚
1112 1487 1287 1565 Vitigi
1310 1507 1387 1541 res
1406 1484 1437 1540 s
1432 1508 1520 1542 uas
1539 1484 1842 1566 significan-

235 1568 292 1626 di
313 1590 511 1648 magno
545 1567 802 1625 desiderio
837 1566 1178 1625 tenebantur.
1214 1569 1654 1648 ‘sedlegationem
1685 1565 1842 1624 susci-

236 1652 420 1729 piente
457 1654 673 1706 nemine
706 1690 722 1711 ‚
766 1650 920 1728 quod
955 1648 1276 1706 transeundo
1311 1649 1633 1707 obsessorem
1661 1647 1841 1706 fallere

237 1752 353 1788 non
371 1731 636 1808 sperarent
653 1770 670 1797 ,
692 1731 756 1787 ad
779 1733 1045 1787 solertiam
1066 1728 1409 1811 confugiunt.
1443 1730 1718 1789 observata
1737 1753 1841 1788 no-

237 1813 321 1870 &e
356 1816 507 1870 illuni
542 1831 755 1890 paratos
782 1812 1048 1869 habebant
1066 1811 1313 1870 homines
1332 1835 1472 1891 quos
1491 1814 1554 1870 ad
1585 1816 1835 1892 Vitigirn,

236 1895 445 1954 traditis
481 1902 535 1952 &
568 1895 733 1951 literis
754 1938 769 1959 ,
803 1898 1099 1952 mitterent.
1139 1894 1469 1952 horrendum
1490 1896 1657 1955 multa
1677 1897 1841 1952 noPce

236 1978 529 2039 clamorem
550 1978 753 2033 tollunt
774 1975 997 2034 universi
1014 1976 1079 2032 ab
1100 1981 1253 2033 omni
1272 1981 1522 2033 maenium
1546 1996 1710 2055 parte.
1727 1998 1838 2033 cre-

238 2059 392 2117 deres
423 2061 687 2115 attonitos
719 2057 884 2114 hostis
918 2062 969 2116 vi
998 2062 1315 2138 ingruente,
1353 2079 1410 2114 ac
1443 2077 1600 2138 capto
1621 2077 1840 2137 repente

237 2140 469 2220 oppido,
511 2141 749 2196 Romani
768 2140 899 2218 quid
915 2161 1156 2219 ageretur
1174 2142 1481 2216 conjectura
1500 2138 1692 2220 assequi
1713 2162 1845 2198 cum

236 2226 554 2302 nequirent,
593 2219 820 2278 Belisarii
846 2221 986 2298 juffu
1009 2225 1147 2279 intra
1179 2221 1340 2280 castra
1359 2221 1407 2279 se
1439 2226 1652 2302 quietos
1685 2240 1855 2279 tene-·

235 2304 401 2370 bant,
436 2306 639 2383 quippe
659 2325 723 2360 ex
743 2300 948 2382 oppido
968 2303 1175 2361 infidias
1199 2303 1512 2384 suspicantes
1527 2346 1545 2372 ‚
1579 2303 1842 2384 fimulque

236 2385 264 2445 ὲ
294 2387 555 2444 Ravenna
583 2388 873 2442 exercitum
912 2384 1032 2464 ipsis
1062 2385 1226 2443 adeffe
1265 2389 1498 2451 auxilio,
1550 2389 1606 2443 in
1642 2387 1840 2465 duplici

237 2488 388 2526 metu
407 2509 427 2534 ,
457 2468 653 2524 reetius
680 2466 1050 2525 existimabant
1080 2487 1203 2525 tuto
1236 2472 1354 2525 otio
1375 2466 1643 2525 consulere
1663 2467 1839 2534 saluti,
1880 2486 1888 2522 ἐ.

236 2572 401 2630 quam
434 2551 489 2606 in
528 2550 754 2626 pericula
787 2552 1068 2630 incognita
1100 2572 1192 2628 per
1225 2549 1503 2606 obscuram
1538 2551 1758 2607 noctem
1788 2547 1839 2607 se

232 2635 466 2707 injicere.
510 2630 606 2687 hac
625 2649 732 2688 arte
754 2630 962 2689 barbari
979 2633 1295 2689 Ravennam
1314 2629 1437 2688 suos
1461 2630 1643 2688 misere
1663 2672 1680 2698 ,
1715 2633 1853 2688 Ro-

236 2718 409 2771 manis
427 2716 721 2792 ignoratos·
757 2716 901 2793 iique
931 2717 1135 2771 nemini
1165 2713 1400 2770 hostium
1425 2713 1574 2770 obvii
1598 2713 1840 2771 adviti-
1878 2709 1882 2713 ’

233 2797 346 2875 gim
366 2796 450 2853 die
470 2798 630 2851 tertio
653 2816 843 2852 venere
858 2837 873 2861 ,
896 2817 1017 2853 cum
1033 2798 1198 2852 literis
1218 2794 1310 2852 ista
1323 2794 1664 2859 habentibus,
1689 2795 1839 2855 Cum

233 2897 373 2944 nos,
407 2897 530 2942 rete,
570 2875 868 2954 ptaefidium
901 2880 1126 2935 Auximi
1155 2877 1371 2953 juberes
1392 2880 1589 2958 agitare
1611 2919 1629 2944 ,
1661 2875 1888 2955 dixisti*

233 2962 403 3044 clav-es
439 2958 602 3018 nobis
636 2957 729 3019 abs
762 2977 815 3018 te
846 2960 980 3020 tradi
1010 2966 1061 3019 ἃ
1080 2960 1350 3020 Ravennae
1381 2966 1436 3021 <Sc
1467 2961 1620 3040 regni
1645 2962 1840 3097 ῖοῑὲιιζεᾶ

1692 3060 1725 3096 o
1786 3061 1800 3096 i
