<?xml version="1.0" encoding="UTF-8"?>
<!DOCTYPE html PUBLIC "-//W3C//DTD XHTML 1.0 Transitional//EN"
    "http://www.w3.org/TR/xhtml1/DTD/xhtml1-transitional.dtd">
<html xmlns="http://www.w3.org/1999/xhtml" xml:lang="en" lang="en">
 <head>
  <title>
</title>
<meta http-equiv="Content-Type" content="text/html;charset=utf-8" />
  <meta name='ocr-system' content='tesseract 3.04.00' />
  <meta name='ocr-capabilities' content='ocr_page ocr_carea ocr_par ocr_line ocrx_word'/>
</head>
<body>
  <div class='ocr_page' id='page_1' title='image "./historiagotthoru00grot_1084.png"; bbox 0 0 1931 3428; ppageno 0'>
   <div class='ocr_carea' id='block_1_1' title="bbox 269 175 1931 2733">
    <p class='ocr_par' dir='ltr' id='par_1_1' title="bbox 269 175 1931 2733">
     <span class='ocr_line' id='line_1_1' title="bbox 279 175 1631 253; baseline 0.002 -19"><span class='ocrx_word' id='word_1_1' title='bbox 279 180 397 253; x_wconf 60' lang='lat'>‘¹918</span> <span class='ocrx_word' id='word_1_2' title='bbox 632 176 741 234; x_wconf 67' lang='lat' dir='ltr'><strong>DE</strong></span> <span class='ocrx_word' id='word_1_3' title='bbox 783 175 1631 239; x_wconf 50' lang='lat' dir='ltr'>GESTIsLANGOBARDss</span> 
     </span>
     <span class='ocr_line' id='line_1_2' title="bbox 283 254 1902 342; baseline 0.005 -27"><span class='ocrx_word' id='word_1_4' title='bbox 283 276 410 315; x_wconf 85' lang='lat' dir='ltr'><strong>ante</strong></span> <span class='ocrx_word' id='word_1_5' title='bbox 431 254 785 316; x_wconf 71' lang='lat' dir='ltr'><strong>residentibus</strong></span> <span class='ocrx_word' id='word_1_6' title='bbox 807 299 823 320; x_wconf 87' lang='lat'>‚</span> <span class='ocrx_word' id='word_1_7' title='bbox 855 258 1091 317; x_wconf 89' lang='lat' dir='ltr'><strong>habitare</strong></span> <span class='ocrx_word' id='word_1_8' title='bbox 1123 264 1322 340; x_wconf 83' lang='lat' dir='ltr'><strong>coepit,</strong></span> <span class='ocrx_word' id='word_1_9' title='bbox 1355 265 1449 342; x_wconf 90' lang='lat' dir='ltr'><strong>qui</strong></span> <span class='ocrx_word' id='word_1_10' title='bbox 1469 263 1704 321; x_wconf 88' lang='lat' dir='ltr'><strong>eundem</strong></span> <span class='ocrx_word' id='word_1_11' title='bbox 1733 261 1902 323; x_wconf 61' lang='lat' dir='ltr'><strong>vene:</strong></span> 
     </span>
     <span class='ocr_line' id='line_1_3' title="bbox 282 340 1903 406; baseline 0.006 -9"><span class='ocrx_word' id='word_1_12' title='bbox 282 340 510 397; x_wconf 80' lang='lat' dir='ltr'><strong>rabilem</strong></span> <span class='ocrx_word' id='word_1_13' title='bbox 540 341 718 398; x_wconf 92' lang='lat' dir='ltr'><strong>virum</strong></span> <span class='ocrx_word' id='word_1_14' title='bbox 752 346 1101 400; x_wconf 85' lang='lat' dir='ltr'><strong>Petronacem</strong></span> <span class='ocrx_word' id='word_1_15' title='bbox 1152 341 1249 400; x_wconf 88' lang='lat' dir='ltr'><strong>fibi</strong></span> <span class='ocrx_word' id='word_1_16' title='bbox 1283 343 1549 403; x_wconf 85' lang='lat' dir='ltr'>seniorem</span> <span class='ocrx_word' id='word_1_17' title='bbox 1586 344 1903 406; x_wconf 86' lang='lat' dir='ltr'><strong>statuerunt.</strong></span> 
     </span>
     <span class='ocr_line' id='line_1_4' title="bbox 284 423 1907 506; baseline 0.005 -26"><span class='ocrx_word' id='word_1_18' title='bbox 284 423 399 480; x_wconf 86' lang='lat' dir='ltr'><strong>Hic</strong></span> <span class='ocrx_word' id='word_1_19' title='bbox 417 428 532 479; x_wconf 84' lang='lat' dir='ltr'><strong>non</strong></span> <span class='ocrx_word' id='word_1_20' title='bbox 553 423 671 500; x_wconf 87' lang='lat' dir='ltr'><strong>post</strong></span> <span class='ocrx_word' id='word_1_21' title='bbox 699 425 934 485; x_wconf 84' lang='lat' dir='ltr'><strong>multum</strong></span> <span class='ocrx_word' id='word_1_22' title='bbox 955 444 1204 504; x_wconf 72' lang='lat' dir='ltr'><strong>tempu5‚</strong></span> <span class='ocrx_word' id='word_1_23' title='bbox 1240 446 1566 506; x_wconf 86' lang='lat' dir='ltr'><strong>cooperante</strong></span> <span class='ocrx_word' id='word_1_24' title='bbox 1598 429 1780 487; x_wconf 88' lang='lat' dir='ltr'><strong>divina</strong></span> <span class='ocrx_word' id='word_1_25' title='bbox 1798 433 1907 488; x_wconf 89' lang='lat' dir='ltr'><strong>mi·-</strong></span> 
     </span>
     <span class='ocr_line' id='line_1_5' title="bbox 287 503 1908 592; baseline 0.004 -29"><span class='ocrx_word' id='word_1_26' title='bbox 287 503 595 567; x_wconf 82' lang='lat' dir='ltr'><strong>sericordia,</strong></span> <span class='ocrx_word' id='word_1_27' title='bbox 624 509 679 563; x_wconf 72' lang='grc' dir='ltr'><strong>δε</strong></span> <span class='ocrx_word' id='word_1_28' title='bbox 697 503 1110 586; x_wconf 77' lang='lat' dir='ltr'><strong>suffragantibus</strong></span> <span class='ocrx_word' id='word_1_29' title='bbox 1130 512 1335 568; x_wconf 87' lang='lat' dir='ltr'><strong>meritis</strong></span> <span class='ocrx_word' id='word_1_30' title='bbox 1352 510 1495 569; x_wconf 91' lang='lat' dir='ltr'><strong>beati</strong></span> <span class='ocrx_word' id='word_1_31' title='bbox 1512 511 1791 569; x_wconf 55' lang='lat' dir='ltr'><strong>Benedicti</strong></span> <span class='ocrx_word' id='word_1_32' title='bbox 1810 533 1908 592; x_wconf 89' lang='lat' dir='ltr'><strong>pa-</strong></span> 
     </span>
     <span class='ocr_line' id='line_1_6' title="bbox 290 589 1911 667; baseline 0.006 -23"><span class='ocrx_word' id='word_1_33' title='bbox 290 591 386 644; x_wconf 84' lang='lat' dir='ltr'><strong>tris</strong></span> <span class='ocrx_word' id='word_1_34' title='bbox 404 598 438 653; x_wconf 82' lang='grc'><strong>,’</strong></span> <span class='ocrx_word' id='word_1_35' title='bbox 454 592 678 667; x_wconf 86' lang='lat' dir='ltr'><strong>jamque</strong></span> <span class='ocrx_word' id='word_1_36' title='bbox 697 592 927 647; x_wconf 88' lang='lat' dir='ltr'><strong>evolutis</strong></span> <span class='ocrx_word' id='word_1_37' title='bbox 947 589 1056 649; x_wconf 83' lang='lat' dir='ltr'><strong>fere</strong></span> <span class='ocrx_word' id='word_1_38' title='bbox 1093 609 1313 649; x_wconf 87' lang='lat' dir='ltr'><strong>centum</strong></span> <span class='ocrx_word' id='word_1_39' title='bbox 1337 599 1391 650; x_wconf 86' lang='lat'>&amp;</span> <span class='ocrx_word' id='word_1_40' title='bbox 1409 594 1597 652; x_wconf 88' lang='lat' dir='ltr'><strong>decem</strong></span> <span class='ocrx_word' id='word_1_41' title='bbox 1617 598 1770 653; x_wconf 89' lang='lat' dir='ltr'><strong>annis</strong></span> <span class='ocrx_word' id='word_1_42' title='bbox 1787 636 1805 663; x_wconf 89' lang='lat'>‚</span> <span class='ocrx_word' id='word_1_43' title='bbox 1842 615 1911 653; x_wconf 79' lang='lat' dir='ltr'><strong>ex</strong></span> 
     </span>
     <span class='ocr_line' id='line_1_7' title="bbox 291 671 1929 748; baseline 0.008 -24"><span class='ocrx_word' id='word_1_44' title='bbox 291 690 408 748; x_wconf 81' lang='lat' dir='ltr'><strong>quo</strong></span> <span class='ocrx_word' id='word_1_45' title='bbox 443 671 595 727; x_wconf 85' lang='lat' dir='ltr'><strong>locus</strong></span> <span class='ocrx_word' id='word_1_46' title='bbox 626 671 714 727; x_wconf 91' lang='lat' dir='ltr'><strong>ille</strong></span> <span class='ocrx_word' id='word_1_47' title='bbox 749 671 1080 731; x_wconf 83' lang='lat' dir='ltr'>habitatione</span> <span class='ocrx_word' id='word_1_48' title='bbox 1114 672 1406 733; x_wconf 89' lang='lat' dir='ltr'><strong>hominum</strong></span> <span class='ocrx_word' id='word_1_49' title='bbox 1438 674 1722 735; x_wconf 87' lang='lat' dir='ltr'><strong>destitutus</strong></span> <span class='ocrx_word' id='word_1_50' title='bbox 1759 696 1872 736; x_wconf 85' lang='lat' dir='ltr'><strong>erat</strong></span> <span class='ocrx_word' id='word_1_51' title='bbox 1891 720 1929 743; x_wconf 72' lang='lat'><strong>‚-</strong></span> 
     </span>
     <span class='ocr_line' id='line_1_8' title="bbox 290 752 1931 836; baseline 0.002 -22"><span class='ocrx_word' id='word_1_52' title='bbox 290 753 602 814; x_wconf 80' lang='lat' dir='ltr'><strong>multorum</strong></span> <span class='ocrx_word' id='word_1_53' title='bbox 624 752 699 811; x_wconf 89' lang='lat' dir='ltr'><strong>ibi</strong></span> <span class='ocrx_word' id='word_1_54' title='bbox 720 754 1139 823; x_wconf 85' lang='lat' dir='ltr'><strong>monachorum,</strong></span> <span class='ocrx_word' id='word_1_55' title='bbox 1163 757 1433 816; x_wconf 84' lang='lat' dir='ltr'>nobilium</span> <span class='ocrx_word' id='word_1_56' title='bbox 1457 766 1510 817; x_wconf 75' lang='grc' dir='ltr'><strong>δε</strong></span> <span class='ocrx_word' id='word_1_57' title='bbox 1527 759 1931 836; x_wconf 81' lang='lat' dir='ltr'>mediocrium„</span> 
     </span>
     <span class='ocr_line' id='line_1_9' title="bbox 291 833 1931 921; baseline 0.005 -29"><span class='ocrx_word' id='word_1_58' title='bbox 291 834 361 892; x_wconf 82' lang='lat' dir='ltr'><strong>ad</strong></span> <span class='ocrx_word' id='word_1_59' title='bbox 379 833 428 892; x_wconf 86' lang='lat' dir='ltr'><strong>se</strong></span> <span class='ocrx_word' id='word_1_60' title='bbox 445 842 888 896; x_wconf 77' lang='lat' dir='ltr'><strong>concurrentium</strong></span> <span class='ocrx_word' id='word_1_61' title='bbox 909 878 925 903; x_wconf 90' lang='lat'>‚</span> <span class='ocrx_word' id='word_1_62' title='bbox 946 860 1093 916; x_wconf 81' lang='lat' dir='ltr'><strong>pater</strong></span> <span class='ocrx_word' id='word_1_63' title='bbox 1106 838 1330 897; x_wconf 62' lang='lat' dir='ltr'><strong>effeetus</strong></span> <span class='ocrx_word' id='word_1_64' title='bbox 1348 884 1363 908; x_wconf 81' lang='lat'>,</span> <span class='ocrx_word' id='word_1_65' title='bbox 1390 841 1486 898; x_wconf 87' lang='lat' dir='ltr'><strong>sub</strong></span> <span class='ocrx_word' id='word_1_66' title='bbox 1507 842 1693 899; x_wconf 64' lang='lat' dir='ltr'><strong>sanctae</strong></span> <span class='ocrx_word' id='word_1_67' title='bbox 1713 844 1931 921; x_wconf 83' lang='lat' dir='ltr'><strong>regulae·</strong></span> 
     </span>
     <span class='ocr_line' id='line_1_10' title="bbox 269 916 1917 1004; baseline 0.007 -32"><span class='ocrx_word' id='word_1_68' title='bbox 269 924 430 997; x_wconf 11' lang='lat' dir='ltr'><strong>*jugo</strong></span> <span class='ocrx_word' id='word_1_69' title='bbox 452 962 465 981; x_wconf 93' lang='lat'>,</span> <span class='ocrx_word' id='word_1_70' title='bbox 506 922 561 974; x_wconf 85' lang='lat'>&amp;</span> <span class='ocrx_word' id='word_1_71' title='bbox 581 916 721 979; x_wconf 88' lang='lat' dir='ltr'><strong>beati</strong></span> <span class='ocrx_word' id='word_1_72' title='bbox 750 918 1031 978; x_wconf 69' lang='lat' dir='ltr'><strong>Benedicti</strong></span> <span class='ocrx_word' id='word_1_73' title='bbox 1067 920 1408 981; x_wconf 88' lang='lat' dir='ltr'><strong>institut1one</strong></span> <span class='ocrx_word' id='word_1_74' title='bbox 1432 965 1449 990; x_wconf 86' lang='lat'>‚</span> <span class='ocrx_word' id='word_1_75' title='bbox 1478 927 1728 1004; x_wconf 84' lang='lat' dir='ltr'><strong>reparatis</strong></span> <span class='ocrx_word' id='word_1_76' title='bbox 1757 924 1917 983; x_wconf 85' lang='lat' dir='ltr'><strong>habi-</strong></span> 
     </span>
     <span class='ocr_line' id='line_1_11' title="bbox 291 1001 1931 1081; baseline 0.005 -25"><span class='ocrx_word' id='word_1_77' title='bbox 291 1002 484 1056; x_wconf 85' lang='lat' dir='ltr'><strong>taculis</strong></span> <span class='ocrx_word' id='word_1_78' title='bbox 502 1001 682 1057; x_wconf 86' lang='lat' dir='ltr'><strong>vivere</strong></span> <span class='ocrx_word' id='word_1_79' title='bbox 702 1003 865 1077; x_wconf 87' lang='lat' dir='ltr'><strong>coepit</strong></span> <span class='ocrx_word' id='word_1_80' title='bbox 887 1042 904 1068; x_wconf 89' lang='lat'>,</span> <span class='ocrx_word' id='word_1_81' title='bbox 943 1021 1103 1081; x_wconf 86' lang='lat' dir='ltr'><strong>atque</strong></span> <span class='ocrx_word' id='word_1_82' title='bbox 1121 1003 1225 1060; x_wconf 90' lang='lat' dir='ltr'><strong>hoc</strong></span> <span class='ocrx_word' id='word_1_83' title='bbox 1245 1005 1486 1063; x_wconf 65' lang='lat' dir='ltr'><strong>sanctum</strong></span> <span class='ocrx_word' id='word_1_84' title='bbox 1517 1007 1836 1066; x_wconf 84' lang='lat' dir='ltr'><strong>coenobium</strong></span> <span class='ocrx_word' id='word_1_85' title='bbox 1857 1011 1931 1065; x_wconf 91' lang='lat' dir='ltr'><strong>in·</strong></span> 
     </span>
     <span class='ocr_line' id='line_1_12' title="bbox 293 1080 1918 1158; baseline 0.007 -21"><span class='ocrx_word' id='word_1_86' title='bbox 293 1080 493 1138; x_wconf 81' lang='lat' dir='ltr'><strong>statum</strong></span> <span class='ocrx_word' id='word_1_87' title='bbox 515 1121 532 1148; x_wconf 85' lang='lat'>‚</span> <span class='ocrx_word' id='word_1_88' title='bbox 566 1101 679 1158; x_wconf 88' lang='lat' dir='ltr'><strong>quo</strong></span> <span class='ocrx_word' id='word_1_89' title='bbox 717 1102 861 1137; x_wconf 88' lang='lat' dir='ltr'><strong>nunc</strong></span> <span class='ocrx_word' id='word_1_90' title='bbox 905 1088 1137 1139; x_wconf 85' lang='lat' dir='ltr'><strong>cernitur</strong></span> <span class='ocrx_word' id='word_1_91' title='bbox 1153 1126 1171 1151; x_wconf 85' lang='lat'>,</span> <span class='ocrx_word' id='word_1_92' title='bbox 1210 1092 1396 1143; x_wconf 84' lang='lat' dir='ltr'><strong>erexit.</strong></span> <span class='ocrx_word' id='word_1_93' title='bbox 1438 1090 1590 1146; x_wconf 88' lang='lat' dir='ltr'><strong>Huic</strong></span> <span class='ocrx_word' id='word_1_94' title='bbox 1624 1090 1918 1148; x_wconf 80' lang='lat' dir='ltr'><strong>venerabili</strong></span> 
     </span>
     <span class='ocr_line' id='line_1_13' title="bbox 295 1162 1920 1252; baseline 0.006 -31"><span class='ocrx_word' id='word_1_95' title='bbox 295 1165 418 1221; x_wconf 88' lang='lat' dir='ltr'><strong>viro</strong></span> <span class='ocrx_word' id='word_1_96' title='bbox 435 1165 725 1219; x_wconf 88' lang='lat' dir='ltr'><strong>Petronaci</strong></span> <span class='ocrx_word' id='word_1_97' title='bbox 757 1166 812 1220; x_wconf 90' lang='lat' dir='ltr'><strong>in</strong></span> <span class='ocrx_word' id='word_1_98' title='bbox 830 1162 1073 1243; x_wconf 86' lang='lat' dir='ltr'><strong>sequenti</strong></span> <span class='ocrx_word' id='word_1_99' title='bbox 1106 1185 1352 1244; x_wconf 86' lang='lat' dir='ltr'><strong>tempore</strong></span> <span class='ocrx_word' id='word_1_100' title='bbox 1373 1167 1708 1229; x_wconf 83' lang='lat' dir='ltr'><strong>sacerdotum</strong></span> <span class='ocrx_word' id='word_1_101' title='bbox 1733 1177 1920 1252; x_wconf 81' lang='lat' dir='ltr'><strong>praeci-</strong></span> 
     </span>
     <span class='ocr_line' id='line_1_14' title="bbox 299 1244 1919 1331; baseline 0.008 -31"><span class='ocrx_word' id='word_1_102' title='bbox 299 1264 446 1326; x_wconf 83' lang='lat' dir='ltr'><strong>puus</strong></span> <span class='ocrx_word' id='word_1_103' title='bbox 462 1249 515 1301; x_wconf 72' lang='grc' dir='ltr'><strong>δε</strong></span> <span class='ocrx_word' id='word_1_104' title='bbox 535 1247 663 1301; x_wconf 91' lang='lat' dir='ltr'><strong>Deo</strong></span> <span class='ocrx_word' id='word_1_105' title='bbox 681 1244 908 1303; x_wconf 62' lang='lat' dir='ltr'><strong>dilectus</strong></span> <span class='ocrx_word' id='word_1_106' title='bbox 926 1245 1170 1326; x_wconf 76' lang='lat' dir='ltr'><strong>pontifex</strong></span> <span class='ocrx_word' id='word_1_107' title='bbox 1190 1249 1465 1307; x_wconf 84' lang='lat' dir='ltr'><strong>Zacharias</strong></span> <span class='ocrx_word' id='word_1_108' title='bbox 1482 1256 1631 1330; x_wconf 90' lang='lat' dir='ltr'><strong>plura</strong></span> <span class='ocrx_word' id='word_1_109' title='bbox 1650 1255 1919 1331; x_wconf 84' lang='lat' dir='ltr'><strong>adjutoria</strong></span> 
     </span>
     <span class='ocr_line' id='line_1_15' title="bbox 303 1326 1920 1417; baseline 0.007 -33"><span class='ocrx_word' id='word_1_110' title='bbox 303 1328 542 1384; x_wconf 84' lang='lat' dir='ltr'><strong>contulit</strong></span> <span class='ocrx_word' id='word_1_111' title='bbox 563 1367 577 1391; x_wconf 88' lang='lat'>,</span> <span class='ocrx_word' id='word_1_112' title='bbox 612 1326 782 1384; x_wconf 87' lang='lat' dir='ltr'><strong>libros</strong></span> <span class='ocrx_word' id='word_1_113' title='bbox 799 1328 994 1387; x_wconf 87' lang='lat' dir='ltr'><strong>scilicet</strong></span> <span class='ocrx_word' id='word_1_114' title='bbox 1031 1333 1233 1389; x_wconf 61' lang='lat' dir='ltr'><strong>Sanctae</strong></span> <span class='ocrx_word' id='word_1_115' title='bbox 1251 1331 1516 1411; x_wconf 78' lang='lat' dir='ltr'><strong>scripturae</strong></span> <span class='ocrx_word' id='word_1_116' title='bbox 1536 1376 1553 1402; x_wconf 90' lang='lat'>,</span> <span class='ocrx_word' id='word_1_117' title='bbox 1590 1343 1645 1392; x_wconf 65' lang='grc' dir='ltr'><strong>ὃς</strong></span> <span class='ocrx_word' id='word_1_118' title='bbox 1662 1339 1759 1395; x_wconf 87' lang='lat' dir='ltr'><strong>alia</strong></span> <span class='ocrx_word' id='word_1_119' title='bbox 1775 1359 1920 1417; x_wconf 88' lang='lat' dir='ltr'><strong>quo-</strong></span> 
     </span>
     <span class='ocr_line' id='line_1_16' title="bbox 300 1409 1931 1498; baseline 0.005 -33"><span class='ocrx_word' id='word_1_120' title='bbox 300 1431 408 1489; x_wconf 86' lang='lat' dir='ltr'><strong>que</strong></span> <span class='ocrx_word' id='word_1_121' title='bbox 430 1430 547 1487; x_wconf 84' lang='lat' dir='ltr'><strong>quae</strong></span> <span class='ocrx_word' id='word_1_122' title='bbox 562 1409 627 1467; x_wconf 92' lang='lat' dir='ltr'><strong>ad</strong></span> <span class='ocrx_word' id='word_1_123' title='bbox 651 1411 937 1469; x_wconf 84' lang='lat' dir='ltr'><strong>utilitatem</strong></span> <span class='ocrx_word' id='word_1_124' title='bbox 957 1414 1263 1471; x_wconf 80' lang='lat' dir='ltr'><strong>monasterii</strong></span> <span class='ocrx_word' id='word_1_125' title='bbox 1286 1421 1559 1493; x_wconf 87' lang='lat' dir='ltr'><strong>pertinent</strong></span> <span class='ocrx_word' id='word_1_126' title='bbox 1580 1440 1596 1484; x_wconf 87' lang='lat'>3</span> <span class='ocrx_word' id='word_1_127' title='bbox 1635 1417 1848 1498; x_wconf 88' lang='lat' dir='ltr'><strong>insuper</strong></span> <span class='ocrx_word' id='word_1_128' title='bbox 1864 1426 1931 1478; x_wconf 75' lang='grc' dir='ltr'><strong>δε,</strong></span> 
     </span>
     <span class='ocr_line' id='line_1_17' title="bbox 301 1493 1923 1573; baseline 0.006 -24"><span class='ocrx_word' id='word_1_129' title='bbox 301 1494 550 1571; x_wconf 78' lang='lat' dir='ltr'><strong>regulam</strong></span> <span class='ocrx_word' id='word_1_130' title='bbox 569 1533 588 1560; x_wconf 85' lang='lat'>‚</span> <span class='ocrx_word' id='word_1_131' title='bbox 621 1513 788 1571; x_wconf 89' lang='lat' dir='ltr'><strong>quam</strong></span> <span class='ocrx_word' id='word_1_132' title='bbox 832 1493 1022 1553; x_wconf 89' lang='lat' dir='ltr'><strong>beatus</strong></span> <span class='ocrx_word' id='word_1_133' title='bbox 1061 1515 1208 1573; x_wconf 87' lang='lat' dir='ltr'><strong>pater</strong></span> <span class='ocrx_word' id='word_1_134' title='bbox 1237 1499 1563 1557; x_wconf 56' lang='lat' dir='ltr'><strong>Benedictus</strong></span> <span class='ocrx_word' id='word_1_135' title='bbox 1594 1498 1698 1558; x_wconf 86' lang='lat' dir='ltr'><strong>suis</strong></span> <span class='ocrx_word' id='word_1_136' title='bbox 1731 1501 1923 1559; x_wconf 57' lang='lat' dir='ltr'><strong>sanctis</strong></span> 
     </span>
     <span class='ocr_line' id='line_1_18' title="bbox 301 1574 1924 1657; baseline 0.006 -25"><span class='ocrx_word' id='word_1_137' title='bbox 301 1574 556 1632; x_wconf 85' lang='lat' dir='ltr'><strong>manibus</strong></span> <span class='ocrx_word' id='word_1_138' title='bbox 576 1574 880 1656; x_wconf 81' lang='lat' dir='ltr'><strong>conscripsit</strong></span> <span class='ocrx_word' id='word_1_139' title='bbox 899 1619 914 1639; x_wconf 89' lang='lat'>‚</span> <span class='ocrx_word' id='word_1_140' title='bbox 943 1598 1159 1656; x_wconf 85' lang='lat' dir='ltr'><strong>paterna</strong></span> <span class='ocrx_word' id='word_1_141' title='bbox 1178 1582 1371 1657; x_wconf 86' lang='lat' dir='ltr'><strong>pietate</strong></span> <span class='ocrx_word' id='word_1_142' title='bbox 1391 1581 1671 1640; x_wconf 83' lang='lat' dir='ltr'><strong>conceffit.</strong></span> <span class='ocrx_word' id='word_1_143' title='bbox 1715 1584 1924 1641; x_wconf 86' lang='lat' dir='ltr'><strong>Mona-—</strong></span> 
     </span>
     <span class='ocr_line' id='line_1_19' title="bbox 302 1655 1925 1744; baseline 0.006 -30"><span class='ocrx_word' id='word_1_144' title='bbox 302 1655 527 1714; x_wconf 82' lang='lat' dir='ltr'><strong>sterium</strong></span> <span class='ocrx_word' id='word_1_145' title='bbox 544 1678 675 1713; x_wconf 84' lang='lat' dir='ltr'><strong>vero</strong></span> <span class='ocrx_word' id='word_1_146' title='bbox 695 1658 842 1717; x_wconf 85' lang='lat' dir='ltr'><strong>Beati</strong></span> <span class='ocrx_word' id='word_1_147' title='bbox 863 1663 1140 1719; x_wconf 87' lang='lat' dir='ltr'><strong>Vincentii</strong></span> <span class='ocrx_word' id='word_1_148' title='bbox 1161 1667 1406 1742; x_wconf 87' lang='lat' dir='ltr'><strong>martyris</strong></span> <span class='ocrx_word' id='word_1_149' title='bbox 1422 1705 1439 1732; x_wconf 89' lang='lat'>,</span> <span class='ocrx_word' id='word_1_150' title='bbox 1458 1665 1607 1744; x_wconf 82' lang='lat' dir='ltr'><strong>quod</strong></span> <span class='ocrx_word' id='word_1_151' title='bbox 1617 1670 1770 1741; x_wconf 82' lang='lat' dir='ltr'><strong>juxta</strong></span> <span class='ocrx_word' id='word_1_152' title='bbox 1787 1669 1925 1726; x_wconf 86' lang='lat' dir='ltr'><strong>Vul-</strong></span> 
     </span>
     <span class='ocr_line' id='line_1_20' title="bbox 299 1737 1922 1829; baseline 0.006 -33"><span class='ocrx_word' id='word_1_153' title='bbox 299 1740 449 1796; x_wconf 85' lang='lat' dir='ltr'><strong>turni</strong></span> <span class='ocrx_word' id='word_1_154' title='bbox 481 1737 725 1797; x_wconf 81' lang='lat' dir='ltr'><strong>fluminis</strong></span> <span class='ocrx_word' id='word_1_155' title='bbox 766 1738 980 1801; x_wconf 90' lang='lat' dir='ltr'><strong>fontem</strong></span> <span class='ocrx_word' id='word_1_156' title='bbox 1014 1742 1172 1802; x_wconf 79' lang='lat' dir='ltr'><strong>{itum</strong></span> <span class='ocrx_word' id='word_1_157' title='bbox 1205 1744 1312 1810; x_wconf 88' lang='lat' dir='ltr'><strong>est,</strong></span> <span class='ocrx_word' id='word_1_158' title='bbox 1344 1754 1397 1804; x_wconf 87' lang='lat'>&amp;</span> <span class='ocrx_word' id='word_1_159' title='bbox 1417 1767 1562 1804; x_wconf 89' lang='lat' dir='ltr'><strong>nunc</strong></span> <span class='ocrx_word' id='word_1_160' title='bbox 1578 1768 1774 1829; x_wconf 81' lang='lat' dir='ltr'><strong>magna</strong></span> <span class='ocrx_word' id='word_1_161' title='bbox 1794 1771 1922 1808; x_wconf 89' lang='lat' dir='ltr'><strong>con-</strong></span> 
     </span>
     <span class='ocr_line' id='line_1_21' title="bbox 303 1821 1931 1905; baseline 0.009 -28"><span class='ocrx_word' id='word_1_162' title='bbox 303 1825 630 1901; x_wconf 78' lang='lat' dir='ltr'><strong>gregatione</strong></span> <span class='ocrx_word' id='word_1_163' title='bbox 649 1821 880 1905; x_wconf 83' lang='lat' dir='ltr'><strong>refulget</strong></span> <span class='ocrx_word' id='word_1_164' title='bbox 900 1868 918 1893; x_wconf 86' lang='lat'>‚</span> <span class='ocrx_word' id='word_1_165' title='bbox 956 1826 983 1883; x_wconf 74' lang='grc' dir='ltr'><strong>ἒι</strong></span> <span class='ocrx_word' id='word_1_166' title='bbox 1003 1827 1175 1884; x_wconf 87' lang='lat' dir='ltr'><strong>tribus</strong></span> <span class='ocrx_word' id='word_1_167' title='bbox 1195 1827 1473 1886; x_wconf 76' lang='lat' dir='ltr'><strong>nobilibus</strong></span> <span class='ocrx_word' id='word_1_168' title='bbox 1498 1827 1753 1890; x_wconf 79' lang='lat' dir='ltr'><strong>fratribus</strong></span> <span class='ocrx_word' id='word_1_169' title='bbox 1771 1874 1788 1901; x_wconf 88' lang='lat'>‚</span> <span class='ocrx_word' id='word_1_170' title='bbox 1817 1832 1931 1891; x_wconf 46' lang='lat' dir='ltr'><strong>hot:¹</strong></span> 
     </span>
     <span class='ocr_line' id='line_1_22' title="bbox 306 1902 1925 1984; baseline 0.008 -24"><span class='ocrx_word' id='word_1_171' title='bbox 306 1902 414 1970; x_wconf 85' lang='lat' dir='ltr'><strong>est,</strong></span> <span class='ocrx_word' id='word_1_172' title='bbox 440 1906 588 1961; x_wconf 84' lang='lat' dir='ltr'><strong>Tato</strong></span> <span class='ocrx_word' id='word_1_173' title='bbox 613 1946 631 1972; x_wconf 88' lang='lat'>‚</span> <span class='ocrx_word' id='word_1_174' title='bbox 651 1905 797 1963; x_wconf 88' lang='lat' dir='ltr'><strong>Taso</strong></span> <span class='ocrx_word' id='word_1_175' title='bbox 817 1949 832 1969; x_wconf 83' lang='grc'>,</span> <span class='ocrx_word' id='word_1_176' title='bbox 853 1914 906 1965; x_wconf 63' lang='grc' dir='ltr'><strong>ὃς</strong></span> <span class='ocrx_word' id='word_1_177' title='bbox 926 1910 1116 1976; x_wconf 78' lang='lat' dir='ltr'><strong>paldo,</strong></span> <span class='ocrx_word' id='word_1_178' title='bbox 1136 1915 1245 1984; x_wconf 86' lang='lat' dir='ltr'><strong>jam</strong></span> <span class='ocrx_word' id='word_1_179' title='bbox 1267 1928 1395 1968; x_wconf 89' lang='lat' dir='ltr'><strong>tunc</strong></span> <span class='ocrx_word' id='word_1_180' title='bbox 1415 1910 1738 1971; x_wconf 77' lang='lat' dir='ltr'><strong>aedificatum</strong></span> <span class='ocrx_word' id='word_1_181' title='bbox 1758 1956 1774 1980; x_wconf 85' lang='lat'>,</span> <span class='ocrx_word' id='word_1_182' title='bbox 1793 1914 1925 1975; x_wconf 83' lang='lat' dir='ltr'><strong>ficut</strong></span> 
     </span>
     <span class='ocr_line' id='line_1_23' title="bbox 305 1985 1923 2066; baseline 0.008 -26"><span class='ocrx_word' id='word_1_183' title='bbox 305 1989 408 2041; x_wconf 86' lang='lat' dir='ltr'><strong>viri</strong></span> <span class='ocrx_word' id='word_1_184' title='bbox 426 1985 763 2045; x_wconf 84' lang='lat' dir='ltr'><strong>eruditiffimi</strong></span> <span class='ocrx_word' id='word_1_185' title='bbox 794 1990 1058 2047; x_wconf 88' lang='lat' dir='ltr'><strong>Autberti</strong></span> <span class='ocrx_word' id='word_1_186' title='bbox 1092 1990 1326 2066; x_wconf 81' lang='lat' dir='ltr'><strong>ejusdem</strong></span> <span class='ocrx_word' id='word_1_187' title='bbox 1350 1992 1658 2052; x_wconf 86' lang='lat' dir='ltr'><strong>monasterii</strong></span> <span class='ocrx_word' id='word_1_188' title='bbox 1692 1996 1923 2065; x_wconf 57' lang='lat' dir='ltr'><strong>abbam,</strong></span> 
     </span>
     <span class='ocr_line' id='line_1_24' title="bbox 307 2069 1927 2158; baseline 0.007 -34"><span class='ocrx_word' id='word_1_189' title='bbox 307 2069 368 2124; x_wconf 83' lang='lat' dir='ltr'><strong>in</strong></span> <span class='ocrx_word' id='word_1_190' title='bbox 385 2069 669 2125; x_wconf 88' lang='lat' dir='ltr'><strong>volumine</strong></span> <span class='ocrx_word' id='word_1_191' title='bbox 689 2071 841 2148; x_wconf 89' lang='lat' dir='ltr'><strong>quod</strong></span> <span class='ocrx_word' id='word_1_192' title='bbox 864 2075 929 2129; x_wconf 91' lang='lat' dir='ltr'><strong>de</strong></span> <span class='ocrx_word' id='word_1_193' title='bbox 948 2073 1042 2130; x_wconf 87' lang='lat' dir='ltr'><strong>hac</strong></span> <span class='ocrx_word' id='word_1_194' title='bbox 1066 2094 1120 2130; x_wconf 88' lang='lat' dir='ltr'><strong>re</strong></span> <span class='ocrx_word' id='word_1_195' title='bbox 1144 2073 1453 2153; x_wconf 88' lang='lat' dir='ltr'><strong>composuit</strong></span> <span class='ocrx_word' id='word_1_196' title='bbox 1472 2118 1489 2144; x_wconf 90' lang='lat'>,</span> <span class='ocrx_word' id='word_1_197' title='bbox 1507 2076 1698 2156; x_wconf 89' lang='lat' dir='ltr'><strong>scripta</strong></span> <span class='ocrx_word' id='word_1_198' title='bbox 1716 2077 1927 2158; x_wconf 86' lang='lat' dir='ltr'><strong>fignifi-</strong></span> 
     </span>
     <span class='ocr_line' id='line_1_25' title="bbox 310 2150 1926 2241; baseline 0.009 -35"><span class='ocrx_word' id='word_1_199' title='bbox 310 2167 455 2207; x_wconf 86' lang='lat' dir='ltr'><strong>cant.</strong></span> <span class='ocrx_word' id='word_1_200' title='bbox 503 2150 794 2227; x_wconf 87' lang='lat' dir='ltr'><strong>Superstite</strong></span> <span class='ocrx_word' id='word_1_201' title='bbox 815 2151 933 2210; x_wconf 88' lang='lat' dir='ltr'><strong>sane</strong></span> <span class='ocrx_word' id='word_1_202' title='bbox 952 2155 1122 2213; x_wconf 88' lang='lat' dir='ltr'><strong>adhuc</strong></span> <span class='ocrx_word' id='word_1_203' title='bbox 1140 2159 1310 2213; x_wconf 86' lang='lat' dir='ltr'><strong>Beato</strong></span> <span class='ocrx_word' id='word_1_204' title='bbox 1340 2163 1480 2237; x_wconf 89' lang='lat' dir='ltr'><strong>Papa</strong></span> <span class='ocrx_word' id='word_1_205' title='bbox 1500 2159 1783 2241; x_wconf 81' lang='lat' dir='ltr'><strong>Gregorio</strong></span> <span class='ocrx_word' id='word_1_206' title='bbox 1801 2162 1926 2219; x_wconf 90' lang='lat' dir='ltr'><strong>Ro-</strong></span> 
     </span>
     <span class='ocr_line' id='line_1_26' title="bbox 306 2230 1926 2321; baseline 0.008 -33"><span class='ocrx_word' id='word_1_207' title='bbox 306 2252 480 2290; x_wconf 84' lang='lat' dir='ltr'><strong>manae</strong></span> <span class='ocrx_word' id='word_1_208' title='bbox 500 2230 631 2290; x_wconf 88' lang='lat' dir='ltr'><strong>sedis</strong></span> <span class='ocrx_word' id='word_1_209' title='bbox 650 2274 666 2300; x_wconf 91' lang='lat'>,</span> <span class='ocrx_word' id='word_1_210' title='bbox 703 2235 1018 2294; x_wconf 85' lang='lat' dir='ltr'><strong>Cumanum</strong></span> <span class='ocrx_word' id='word_1_211' title='bbox 1055 2236 1282 2296; x_wconf 88' lang='lat' dir='ltr'><strong>castrum</strong></span> <span class='ocrx_word' id='word_1_212' title='bbox 1306 2237 1727 2321; x_wconf 72' lang='lat' dir='ltr'><strong>aLangobardis</strong></span> <span class='ocrx_word' id='word_1_213' title='bbox 1746 2247 1926 2316; x_wconf 7' lang='lat' dir='ltr'><strong>Bene?-</strong></span> 
     </span>
     <span class='ocr_line' id='line_1_27' title="bbox 306 2314 1931 2401; baseline 0.01 -32"><span class='ocrx_word' id='word_1_214' title='bbox 306 2316 553 2370; x_wconf 85' lang='lat' dir='ltr'><strong>ventanis</strong></span> <span class='ocrx_word' id='word_1_215' title='bbox 575 2314 852 2392; x_wconf 81' lang='lat' dir='ltr'><strong>pervasum</strong></span> <span class='ocrx_word' id='word_1_216' title='bbox 873 2316 948 2375; x_wconf 86' lang='lat' dir='ltr'><strong>est</strong></span> <span class='ocrx_word' id='word_1_217' title='bbox 969 2341 983 2386; x_wconf 94' lang='lat'>;</span> <span class='ocrx_word' id='word_1_218' title='bbox 1017 2317 1105 2377; x_wconf 89' lang='lat' dir='ltr'><strong>sed</strong></span> <span class='ocrx_word' id='word_1_219' title='bbox 1125 2321 1151 2377; x_wconf 73' lang='grc' dir='ltr'>ὰ</span> <span class='ocrx_word' id='word_1_220' title='bbox 1171 2320 1305 2378; x_wconf 89' lang='lat' dir='ltr'><strong>duce</strong></span> <span class='ocrx_word' id='word_1_221' title='bbox 1323 2323 1691 2401; x_wconf 85' lang='lat' dir='ltr'><strong>Neapolitano</strong></span> <span class='ocrx_word' id='word_1_222' title='bbox 1709 2367 1725 2394; x_wconf 90' lang='lat'>‚</span> <span class='ocrx_word' id='word_1_223' title='bbox 1751 2328 1931 2385; x_wconf 59' lang='grc' dir='ltr'>ηοᾶιι,</span> 
     </span>
     <span class='ocr_line' id='line_1_28' title="bbox 310 2394 1924 2488; baseline 0.009 -37"><span class='ocrx_word' id='word_1_224' title='bbox 310 2394 717 2474; x_wconf 85' lang='lat' dir='ltr'><strong>superveniente</strong></span> <span class='ocrx_word' id='word_1_225' title='bbox 736 2439 753 2466; x_wconf 88' lang='lat'>‚</span> <span class='ocrx_word' id='word_1_226' title='bbox 785 2401 1003 2479; x_wconf 85' lang='lat' dir='ltr'><strong>quidam</strong></span> <span class='ocrx_word' id='word_1_227' title='bbox 1025 2423 1085 2458; x_wconf 85' lang='lat' dir='ltr'><strong>ex</strong></span> <span class='ocrx_word' id='word_1_228' title='bbox 1103 2403 1476 2483; x_wconf 85' lang='lat' dir='ltr'><strong>Langobardis</strong></span> <span class='ocrx_word' id='word_1_229' title='bbox 1496 2411 1633 2486; x_wconf 87' lang='lat' dir='ltr'><strong>capti</strong></span> <span class='ocrx_word' id='word_1_230' title='bbox 1654 2449 1670 2470; x_wconf 85' lang='lat'><em>,</em></span> <span class='ocrx_word' id='word_1_231' title='bbox 1702 2409 1924 2488; x_wconf 84' lang='lat' dir='ltr'><strong>quidam</strong></span> 
     </span>
     <span class='ocr_line' id='line_1_29' title="bbox 309 2477 1924 2566; baseline 0.009 -33"><span class='ocrx_word' id='word_1_232' title='bbox 309 2481 576 2558; x_wconf 83' lang='lat' dir='ltr'><strong>perempti</strong></span> <span class='ocrx_word' id='word_1_233' title='bbox 595 2477 751 2545; x_wconf 81' lang='lat' dir='ltr'><strong>sunt3</strong></span> <span class='ocrx_word' id='word_1_234' title='bbox 789 2480 1015 2540; x_wconf 87' lang='lat' dir='ltr'><strong>castrum</strong></span> <span class='ocrx_word' id='word_1_235' title='bbox 1037 2506 1261 2564; x_wconf 87' lang='lat' dir='ltr'><strong>quoque</strong></span> <span class='ocrx_word' id='word_1_236' title='bbox 1295 2487 1518 2566; x_wconf 60' lang='lat' dir='ltr'><strong>ipsumsi</strong></span> <span class='ocrx_word' id='word_1_237' title='bbox 1551 2492 1818 2548; x_wconf 86' lang='lat' dir='ltr'><strong>Romanis</strong></span> <span class='ocrx_word' id='word_1_238' title='bbox 1847 2490 1924 2548; x_wconf 90' lang='lat' dir='ltr'><strong>est</strong></span> 
     </span>
     <span class='ocr_line' id='line_1_30' title="bbox 314 2565 1926 2651; baseline 0.009 -34"><span class='ocrx_word' id='word_1_239' title='bbox 314 2581 589 2638; x_wconf 77' lang='lat' dir='ltr'><strong>receptum</strong></span> <span class='ocrx_word' id='word_1_240' title='bbox 605 2603 621 2621; x_wconf 85' lang='lat'><strong>.</strong></span> <span class='ocrx_word' id='word_1_241' title='bbox 657 2568 761 2620; x_wconf 88' lang='lat' dir='ltr'><strong>Pro</strong></span> <span class='ocrx_word' id='word_1_242' title='bbox 791 2570 941 2641; x_wconf 86' lang='lat' dir='ltr'><strong>cujus</strong></span> <span class='ocrx_word' id='word_1_243' title='bbox 960 2565 1107 2624; x_wconf 87' lang='lat' dir='ltr'><strong>castri</strong></span> <span class='ocrx_word' id='word_1_244' title='bbox 1126 2569 1501 2650; x_wconf 84' lang='lat' dir='ltr'><strong>redemptione</strong></span> <span class='ocrx_word' id='word_1_245' title='bbox 1522 2614 1538 2640; x_wconf 89' lang='lat'>,</span> <span class='ocrx_word' id='word_1_246' title='bbox 1573 2572 1821 2651; x_wconf 86' lang='lat' dir='ltr'><strong>pontifex</strong></span> <span class='ocrx_word' id='word_1_247' title='bbox 1842 2571 1926 2651; x_wconf 44' lang='lat' dir='ltr'><strong>se&lt;</strong></span> 
     </span>
     <span class='ocr_line' id='line_1_31' title="bbox 314 2644 1881 2733; baseline 0.009 -35"><span class='ocrx_word' id='word_1_248' title='bbox 314 2647 591 2724; x_wconf 78' lang='lat' dir='ltr'><strong>ptuaginta</strong></span> <span class='ocrx_word' id='word_1_249' title='bbox 609 2644 768 2704; x_wconf 86' lang='lat' dir='ltr'><strong>libras</strong></span> <span class='ocrx_word' id='word_1_250' title='bbox 786 2651 917 2711; x_wconf 83' lang='lat' dir='ltr'><strong>auri,</strong></span> <span class='ocrx_word' id='word_1_251' title='bbox 931 2645 1061 2707; x_wconf 84' lang='lat' dir='ltr'><strong>ficut</strong></span> <span class='ocrx_word' id='word_1_252' title='bbox 1078 2654 1324 2731; x_wconf 82' lang='lat' dir='ltr'><strong>primitus</strong></span> <span class='ocrx_word' id='word_1_253' title='bbox 1344 2653 1675 2733; x_wconf 83' lang='lat' dir='ltr'><strong>promiserat,</strong></span> <span class='ocrx_word' id='word_1_254' title='bbox 1694 2654 1881 2715; x_wconf 61' lang='lat' dir='ltr'><strong>dedin</strong></span> 
     </span>
    </p>
   </div>
   <div class='ocr_carea' id='block_1_2' title="bbox 1693 2985 1914 3051">
    <p class='ocr_par' dir='ltr' id='par_1_2' title="bbox 1693 2985 1914 3051">
     <span class='ocr_line' id='line_1_32' title="bbox 1693 2985 1914 3051; baseline -0.009 -6"><span class='ocrx_word' id='word_1_255' title='bbox 1693 2985 1914 3051; x_wconf 65' lang='lat' dir='ltr'><strong>CAR.</strong></span> 
     </span>
    </p>
   </div>
  </div>
 </body>
</html>
