1888 3428
264 157 286 218 5
347 162 375 197 2
481 139 869 200 Excutiam
908 160 991 200 Ex
1033 143 1415 202 AG.ATH1AE
1455 139 1695 210 Homer}
1756 166 1760 170 ’
1860 151 1882 172 “

262 158 378 283 uste
397 221 736 280 viderentur:
768 223 853 286 sed
874 227 1237 302 appariturum
1258 225 1397 293 aliud
1413 227 1533 284 illos
1552 249 1702 308 agere
1724 247 1739 284 ι
1761 248 1858 286 ne-

263 322 371 382 que
392 324 520 360 vero
555 302 588 358 fi
622 306 890 363 Romanis
908 305 1203 383 superiores
1223 305 1424 364 fuerint
1444 349 1461 376 ‚
1503 313 1705 366 Italiam
1727 330 1863 367 con-

266 383 494 443 cessuros
524 385 755 443 Gotthis
781 427 798 452 ,
852 386 1117 466 sed‘reipsa
1145 391 1243 446 illis
1260 390 1865 469 primum-imposituros

257 473 457 546 jugum
489 467 687 546 quibus
710 467 875 525 verbo
907 472 1218 527 auxiliatum
1249 470 1535 528 venissent:
1571 473 1863 544 vivendum

266 571 398 606 mox
420 550 649 606 Gotthis
667 549 760 607 sub
783 552 993 607 Francis
1011 544 1448 630 magistratibus:
1469 555 1756 611 carendum
1777 575 1867 632 pa-

263 635 377 688 triis
395 632 624 709 legibus.
668 634 801 689 Haec
829 631 958 710 saepe
979 638 1221 713 cogitans
1242 633 1528 714 secumque
1560 637 1866 704 revolvem,

267 713 426 771 fimul
443 711 598 770 feffus
616 714 803 771 obfidii
822 719 1070 773 aerumnis
1085 756 1100 781 ‚
1147 718 1341 773 reffius
1359 717 1511 774 duxit
1529 717 1791 796 oppidum
1811 723 1866 775 &

263 798 516 874 pecunias
534 797 741 855 Narseti
761 798 962 854 tradere
982 837 997 862 ‚
1027 816 1340 877 partemque
1359 798 1408 857 se
1432 797 1603 857 facere
1628 801 1868 857 Romani

264 875 489 955 posthac
523 881 769 957 imperii,
817 878 1070 936 abdicatis
1096 882 1341 958 periculis
1359 887 1414 938 δε
1444 882 1733 938 Barbaricis
1751 885 1867 939 riti-

266 960 393 1015 bus.
437 961 640 1038 quippe
673 959 710 1016 fi
734 960 979 1017 Gotthos
1003 965 1203 1019 Italiam
1242 983 1423 1020 tenere
1458 961 1563 1020 fata
1583 985 1697 1020 non
1733 962 1870 1020 sine-

267 1059 388 1097 rent
407 1080 422 1101 ‚
454 1040 669 1119 optimo
697 1047 816 1116 jure
850 1063 965 1098 eam
996 1044 1282 1100 redituram
1302 1045 1364 1102 ad
1384 1064 1585 1102 veteres
1611 1045 1872 1103 dominos

271 1129 327 1179 ὃ(
349 1121 584 1199 stirpitus
603 1122 880 1200 indigenas
897 1165 913 1190 ‚
945 1145 1011 1199 ne
1029 1124 1082 1180 hi
1101 1145 1359 1182 aeternum
1378 1125 1484 1183 suis·
1498 1127 1755 1185 domibus
1774 1150 1871 1185 ex·-

265 1204 298 1262 s
294 1207 518 1278 ularent.
562 1205 694 1261 Haec
713 1203 890 1280 &ipse
910 1226 1007 1281 pro
1028 1207 1115 1266 sua
1133 1226 1277 1284 parte
1297 1208 1530 1266 decrevit
1548 1207 1792 1287 exsequi,
1815 1215 1872 1266 δε

267 1285 620 1365 popularibus
641 1287 777 1342 rtha
796 1284 1027 1365 sapiendi
1048 1292 1353 1365 exemplum
1375 1289 1514 1351 dare.
1559 1311 1721 1368 quare
1746 1312 1870 1347 cum

270 1366 604 1446 significasset
634 1366 1006 1425 obsidentibus
1025 1410 1041 1434 ‚
1079 1373 1208 1428 velle
1230 1369 1280 1426 se
1300 1390 1635 1428 conventum
1657 1372 1872 1441 ducem,

267 1450 433 1527 idque
467 1447 788 1529 impetrasset
813 1492 841 1517 A,
890 1448 1085 1507 Classes
1115 1455 1213 1523 ivit
1245 1494 1262 1520 ‚
1301 1452 1570 1511 castellum
1599 1455 1874 1514 Ravennae

268 1529 661 1599 suburbanum,
676 1532 769 1588 ubi
790 1552 918 1588 tunc
939 1531 1035 1589 effe
1047 1533 1686 1616 Narsetemcognoverat.
1706 1538 1876 1594 Eum-

267 1635 375 1689 que
399 1630 458 1669 ut
485 1615 616 1670 vidit
633 1656 648 1681 ,
669 1614 1224 1674 clavibus-Cumarum
1245 1618 1449 1675 traditis
1466 1659 1483 1685 ‚
1517 1620 1707 1676 cuneta
1723 1617 1773 1677 se
1793 1616 1876 1676 fa-

270 1697 487 1751 &urum
519 1702 634 1770 ejus
669 1699 724 1751 in
758 1700 981 1774 gratiam
1018 1698 1278 1776 promisit.
1322 1700 1511 1757 Narses
1530 1701 1764 1780 benigne
1785 1723 1874 1758 ac-

271 1796 430 1853 cepto
452 1778 720 1853 respondit
738 1818 753 1843 ‚
793 1782 1057 1837 cumulate
1076 1779 1124 1842 se
1164 1786 1331 1837 vicem
1351 1780 1618 1838 beneficio
1640 1782 1875 1840 redditu-

271 1876 410 1916 rum.
454 1858 737 1936 statimque
753 1878 955 1935 partem
989 1883 1176 1918 eorum
1194 1866 1287 1940 qui
1305 1863 1550 1919 incastris
1580 1865 1642 1921 ad
1667 1865 1874 1922 Cumas

273 1937 574 2014 erantjuslit
594 1943 733 1996 intra
767 1944 957 1996 maenia
995 1943 1203 2020 ingredi
1238 1945 1875 2025 oppidumque&pecu-

273 2027 388 2080 nias
424 2019 765 2079 transsumere
797 2028 850 2078 ὃ(
882 2024 1164 2102 diligenter
1193 2025 1479 2083 adservare.
1526 2045 1743 2085 caeteros
1778 2037 1874 2086 au-

271 2122 384 2160 tem
423 2105 613 2159 milites
643 2107 697 2159 in
729 2105 826 2159 alia
857 2108 1055 2184 oppida
1079 2106 1391 2186 castellaque
1411 2108 1756 2187 hyematuros
1778 2114 1872 2173 ire.

274 2188 461 2243 omnia
481 2203 538 2246 ut
565 2185 777 2259 jusserat
802 2184 954 2242 faffa.
1001 2190 1149 2245 Cum
1182 2191 1517 2247 Herulorum
1541 2213 1728 2248 manus
1743 2213 1874 2271 pro-

265 2270 378 2347 prii
398 2264 601 2323 rursum
622 2268 770 2325 ducis
791 2286 972 2346 egeret
988 2314 1001 2334 ‚
1037 2289 1160 2327 vota
1189 2275 1365 2351 gentis
1394 2276 1447 2329 in
1468 2273 1605 2330 duos
1627 2276 1769 2331 viros
1788 2277 1888 2331 in·-

275 2348 453 2428 signes
482 2347 672 2405 ambos
691 2384 707 2416 5
744 2349 912 2407 dubio
945 2369 1062 2409 uter
1089 2358 1193 2409 utri
1222 2354 1485 2432 praestaret
1505 2396 1519 2420 ‚
1558 2355 1713 2413 divisa
1729 2353 1870 2417 sunt..

272 2435 429 2488 multi
445 2431 954 2492 Aruthemmaximi
972 2431 1143 2493 facere
1165 2476 1180 2502 ‚
1225 2439 1524 2514 cun5taque
1541 2436 1784 2516 prospera
1803 2441 1871 2493 il-

275 2513 333 2568 lo
354 2512 487 2575 duce
507 2515 732 2569 ominari
751 2534 765 2577 3
803 2534 901 2591 pro
924 2516 1168 2573 Sinduale
1186 2518 1273 2574 alii
1293 2518 1632 2584 nitebant-ur,
1664 2537 1723 2575 ut
1739 2519 1872 2576 stre-

276 2614 392 2650 nuo
428 2615 620 2654 manu,
656 2594 809 2660 bellis
842 2602 1111 2654 exercitoz
1152 2599 1349 2677 quibus
1378 2598 1565 2657 Narses
1594 2602 1868 2669 accedens,

275 2673 420 2735 hunc
441 2678 703 2753 praetulit,
739 2682 793 2732 δέ
826 2680 1041 2736 Herulis
1071 2701 1294 2760 quoque
1327 2680 1416 2739 sua
1447 2683 1759 2739 monstravit
1777 2683 1873 2762 hy-

274 2755 458 2813 berna.
503 2759 767 2837 Aligerno
789 2779 964 2815 autem
987 2765 1221 2842 praecipit
1241 2764 1446 2821 Cumas
1465 2783 1524 2820 ut
1543 2769 1719 2831 iret,&
1742 2786 1869 2843 cum

276 2837 491 2896 venisset
508 2880 525 2905 ‚
563 2839 824 2897 maenibus
843 2842 1134 2901 conscensis
1161 2845 1283 2902 inde
1302 2846 1350 2903 se
1371 2847 1574 2904 cunftis
1592 2845 1868 2911 transeun-

275 2919 418 2981 tibus
437 2918 781 3008 conspicuum
803 2922 1319 3014 agnoscendumque
1334 2928 1497 2990 daret.
1540 2930 1718 3005 Hujus
1738 2949 1868 2985 con-

276 3035 277 3038 *
1760 3008 1864 3072 ‘filii
