1931 3428
291 171 622 228 LIBER
706 148 1225 226 QVINTVS]
1470 155 1584 228 39ι

11 260 133 322 ibus
147 255 257 315 hoc
279 250 396 308 aliis
411 245 693 305 indicaret.
739 241 934 318 Sicque
952 256 1146 293 omnes
1165 234 1193 293 εὶ
1211 235 1472 312 Forojulii
1491 257 1589 294 ve-

24 347 194 403 ientes
207 341 320 412 ejus
332 330 454 390 sunt
470 325 807 387 sacramentis
823 319 1039 380 astriffi.
1059 318 1217 387 Quid
1231 320 1415 398 plura?
1438 319 1592 377 Cum

29 414 388 484 mniAlachis
421 410 634 471 Austria
649 451 667 478 ,
697 406 931 466 econtra
964 398 1302 460 Cunibertus
1331 422 1457 459 cum
1489 400 1596 459 suis

24 510 266 564 enientes
280 543 297 566 ,
320 501 378 583 in
395 517 589 578 campo
605 535 622 564 ,
646 494 735 552 cui
754 489 1050 548 Coronatae
1069 501 1279 541 nomen
1297 483 1371 541 est
1391 523 1409 553 ,
1433 482 1597 543 castra

28 587 297 648 osuerunt.

446 720 508 785 C
610 740 658 785 A
757 735 811 776 P.
994 708 1064 774 X
1091 706 1165 771 L.‘
1237 743 1239 745 ·

272 863 457 921 Bellum
492 858 677 916 Alacht'ss
710 847 935 925 adversus
974 846 1342 905 Cunibertum.'

149 1006 208 1062 D
227 1020 393 1081 quem
413 993 752 1054 Cunibertus
774 989 1035 1048 nuntium
1056 982 1197 1043 misit
1217 1023 1234 1048 ,
1277 978 1539 1038 mandans
1559 982 1610 1039 ei

153 1103 214 1142 ut
232 1095 357 1140 cum
378 1102 446 1138 eo
466 1078 726 1159 singulare
746 1091 1020 1130 certamen
1040 1070 1200 1145 iniret
1209 1088 1226 1134 ;
1249 1086 1349 1123 nec
1369 1085 1510 1143 opus
1529 1061 1612 1120 es-

20 1192 51 1228 e
76 1182 438 1245 utrorumque
476 1162 774 1234 exercitum
812 1153 1045 1233 fatigari.
1086 1149 1177 1208 Ad
1197 1169 1316 1229 quae
1339 1146 1506 1204 verba
1524 1148 1613 1202 A-

21 1251 162 1310 achis
180 1251 408 1308 minime
429 1240 720 1303 consensu:
757 1237 869 1296 Cui
888 1257 1012 1294 cum
1030 1254 1169 1292 unus
1185 1251 1384 1313 genere
1399 1226 1615 1287 Tuscus

36 1333 190 1392 xsuis
220 1334 268 1389 ei
294 1326 640 1409 'persuaderet
670 1364 688 1389 ‚
735 1327 912 1382 virum
951 1314 1265 1392 bellicosum
1300 1310 1617 1390 fortemque

38 1438 134 1476 um
153 1414 421 1493 appellans
438 1451 453 1476 ‚
482 1425 543 1466 ut
560 1423 748 1465 contra
764 1400 1132 1462 Cunibertum
1153 1396 1411 1455 audenter
1426 1398 1615 1461 exiret,

63 1498 226 1557 lachis
244 1495 308 1553 ad
336 1493 448 1552 haec
483 1489 646 1550 verba
665 1486 935 1567 respondit
958 1506 971 1540 :
1012 1480 1352 1541 Cunibertus
1371 1479 1620 1557 quamvis

40 1578 251 1639 briosus
269 1576 330 1635 fit
350 1583 404 1633 &
422 1573 617 1654 stupidi
638 1571 817 1630 cordis
834 1610 850 1636 ‚
889 1585 1070 1624 tamen
1088 1560 1208 1621 satis
1225 1559 1299 1619 est
1321 1560 1489 1618 audax
1511 1599 1527 1621 ‚
1562 1563 1621 1614 δε

9 1666 158 1723 mirae
187 1658 545 1720 fortitudinis,
588 1652 1018 1728 Nathempore
1038 1649 1199 1726 patris
1217 1649 1332 1720 ejus
1350 1683 1367 1709 ‚
1396 1640 1621 1722 quando

12 1767 117 1807 nos
134 1764 345 1804 era-mus
373 1739 683 1817 juvenculi,
711 1732 1052 1791 habebantur
1075 1732 1131 1786 in
1163 1727 1363 1806 palatio
1386 1727 1624 1785 vervices

12 1832 160 1888 mirae
183 1822 574 1906 magnitudinis
590 1861 608 1888 ‚
642 1838 787 1899 quos
804 1817 889 1872 ille
906 1812 1058 1892 supra
1075 1809 1316 1875 dorsum,
1335 1827 1529 1864 eorum
1545 1806 1625 1861 la-

15 1933 142 1988 nam
175 1900 610 1990 apprehenden3‚
655 1896 877 1959 extenso
909 1894 1127 1952 brachio
1164 1891 1192 1949 ὲ
1227 1910 1364 1948 terra
1384 1888 1627 1954 tevabass

16 1993 171 2076 quod
205 2012 312 2072 ego
348 1985 518 2046 facere
553 2006 667 2043 non
690 2000 960 2061 poteram.
1001 1978 1137 2035 Haec
1169 1975 1255 2031 ille
1287 1971 1500 2029 Tuscus
1530 1990 1629 2027 au-

20 2079 207 2141 diens,
242 2075 375 2132 dixit
414 2070 478 2127 ad
499 2089 656 2126 eum:
704 2069 756 2123 Si
786 2083 847 2122 tu
876 2081 1001 2119 cum
1039 2055 1351 2117 Cuniberto
1388 2073 1630 2134 pugnam

23 2163 158 2218 inire
195 2154 443 2236 fingulari
471 2151 764 2209 certamine
797 2167 911 2204 non
946 2142 1143 2208 audes,
1189 2160 1277 2197 me
1305 2142 1418 2214 jam
1453 2141 1508 2193 in
1531 2154 1631 2192 tuo

24 2242 301 2317 adjutorio
338 2234 543 2293 socium
578 2253 692 2290 non
722 2228 965 2287 habebis,
1006 2226 1078 2281 Et
1107 2222 1216 2281 haec
1240 2221 1460 2288 dicem,
1503 2238 1633 2298 pro-

25 2328 190 2404 ripuit
212 2320 296 2390 se,
331 2316 581 2377 &statim
602 2314 666 2372 ad
706 2310 1075 2369 Cunibertum
1104 2302 1388 2384 confugit,
1435 2307 1488 2359 &
1523 2299 1636 2356 haec

28 2405 123 2487 ipsi
143 2403 432 2463 nuntiavit.
454 2465 457 2466 ⁷
476 2400 876 2457 Convenerunt
893 2394 1073 2471 itaque
1091 2431 1106 2453 ‚
1127 2406 1187 2446 ut
1206 2387 1461 2451 diximus,
1481 2400 1636 2440 utrae-

33 2511 141 2569 que
177 2490 314 2545 acies
343 2490 399 2543 in
419 2503 611 2561 campo
651 2480 972 2537 Coronatae.
1029 2474 1291 2549 Cumque
1321 2473 1430 2544 jam
1466 2485 1638 2545 prope

33 2570 198 2630 effent
220 2589 278 2628 ut
295 2567 343 2626 se
363 2568 678 2644 contingere
698 2559 961 2618 deberent
982 2598 998 2624 ‚
1032 2562 1186 2614 Zeno
1206 2552 1465 2610 diaconus
1484 2549 1641 2605 Tici-

34 2648 450 2712 nenfis<.ecc1es1ae
472 2691 491 2718 ‚
520 2650 614 2727 qui
630 2642 812 2702 custos
828 2658 939 2700 erat
968 2636 1189 2697 bafilicae
1225 2634 1368 2690 beati
1386 2630 1643 2690 Iohannis

33 2733 281 2816 Baptistae
302 2776 320 2804 ‚
348 2754 468 2813 quae
502 2736 642 2788 intra
661 2725 886 2784 eandem
918 2722 1013 2780 fita
1034 2718 1110 2779 est
1129 2722 1403 2778 civitatem
1426 2754 1441 2776 ‚
1475 2732 1644 2793 quam

43 2819 321 2900 quondam
352 2812 716 2892 Gundiberga
747 2810 930 2888 regina
963 2800 1367 2868 construxerat,
1404 2817 1527 2855 cum
1560 2796 1646 2850 ni-

42 2895 501 2981 miumdiligeret
538 2914 721 2974 regem
742 2933 759 2960 ‚
793 2897 849 2950 &
890 2902 1156 2947 metueret
1188 2905 1256 2941 ne
1292 2903 1381 2939 rex
1414 2881 1468 2934 in
1499 2876 1646 2932 bello

45 2987 240 3066 periret
253 3009 281 3052 ¹,
296 2986 368 3042 ait
387 2981 452 3041 ad
470 2997 652 3060 regem
673 2999 686 3035 ς
728 2977 977 3041 Domine
996 2990 1089 3030 rex
1105 3010 1122 3039 ‚
1142 2968 1322 3026 omnis
1342 2965 1450 3025 vita
1469 2954 1650 3051 nostra

1483 3053 1650 3098 intua
