1888 3428
226 198 676 255 GoTTHICAE
718 200 1100 256 HIS-ronias
1142 203 1380 258 L1B.11.
1510 222 1632 279 277.

27 294 244 333 amnem
285 278 664 337 transmitteret
707 285 990 350 exercitus.
1052 283 1154 338 Sed
1198 281 1423 340 morbus
1458 284 1637 340 inter-.-

27 363 247 417 veniens
274 401 288 423 ³
330 365 780 440 impedimentum
813 366 1039 444 negotio
1072 366 1282 423 attulit.
1341 372 1485 424 Inter
1515 367 1629 423 haec

31 441 161 499 dum
208 446 476 503 Martinus
523 452 655 504 circa
701 453 869 504 amnis
915 444 1191 514 transitum
1238 448 1437 506 haefitat
1470 489 1486 515 ,
1532 455 1626 504 10.-

25 524 227 582 hannes
275 530 509 587 Narsetis
550 530 681 606 juffa
729 534 1005 610 opperitur
1046 555 1062 596 3
1111 534 1347 589 multum
1402 551 1627 614 tempo-

27 611 97 663 ris
130 608 394 669 obfidioni
428 615 686 671 donatum
720 613 823 670 est.
882 619 1102 693 Iamque
1146 613 1462 673 circumsessi
1509 634 1628 671 cre-

25 686 200 748 scente
234 692 376 752 fame
402 718 469 753 eo
505 698 769 754 malorum
805 698 1130 755 devenerant
1164 740 1180 767 ‚
1229 717 1286 756 ut
1323 717 1475 755 canes
1509 717 1631 752 mu-

26 771 214 855 tesque
249 785 303 835 δε
338 782 432 836 alia
461 781 706 837 humanis
736 781 970 861 pastibus
1007 786 1192 861 ignota
1227 782 1417 861 cupide
1453 779 1631 851 vesce7

25 869 240 915 rentur.
302 861 484 919 misere
518 867 724 944 legatos
763 865 826 923 ad
865 867 1169 923 Mundilam
1214 866 1461 934 barbari,
1493 864 1631 920 inci-

26 941 203 1014 tantes
234 944 422 1001 urbem
458 965 517 1005 ut
551 948 766 1006 dederet
798 991 815 1017 ,
847 948 952 1006 sine
990 949 1078 1007 sua
1109 957 1163 1008 δε
1196 953 1431 1008 rnilitum
1466 966 1630 1012 noxa,

23 1022 113 1078 ille
147 1021 413 1084 sarsturum
448 1028 497 1086 se
530 1034 727 1111 recepit
760 1073 776 1099 ,
822 1032 856 1089 si
900 1055 1013 1090 non
1049 1052 1260 1091 tantum
1303 1035 1368 1092 de
1402 1053 1468 1090 eo
1496 1029 1630 1088 fides

24 1106 238 1165 daretur
267 1109 353 1169 sed
386 1115 667 1193 oppidanis
711 1139 933 1196 quoque
978 1117 1108 1177 nihil
1154 1116 1641 1175 incommodatum-⁷

24 1193 118 1248 iri.
178 1198 256 1249 At
290 1194 575 1277 postquam
616 1202 816 1259 Gotthi
846 1203 1104 1261 Mundilae
1145 1224 1204 1260 ac
1236 1200 1496 1259 militibus
1532 1218 1631 1254 cu-

26 1277 138 1355 pita
179 1277 457 1355 polliciti,
506 1303 757 1342 caeterum
807 1287 1132 1363 implacabili
1181 1291 1235 1342 in
1280 1289 1505 1365 Ligures
1555 1285 1631 1337 ira

28 1360 196 1415 exitio
227 1382 323 1417 eos
355 1365 610 1425 destinare
646 1369 1109 1450 cognoscebantur
1143 1411 1160 1437 ,
1203 1386 1534 1426 convocatos
1564 1363 1631 1421 ad

27 1447 597 1522 concionem-milites
634 1452 702 1510 fic
749 1455 1038 1533 alloquitur
1082 1454 1385 1511 Mundilas.
1447 1454 1499 1506 Si
1536 1448 1630 1528 qui

28 1545 271 1605 unquam
315 1529 464 1590 fuere
507 1535 704 1615 quibus
759 1540 905 1595 licito
953 1542 1125 1595 vivere
1171 1559 1294 1595 cum
1336 1534 1632 1596 dedecore,

27 1613 239 1689 praelata
272 1613 493 1674 honesta
524 1641 668 1677 mors
701 1620 775 1677 est
805 1662 819 1682 ‚
860 1621 1186 1701 pulcherque
1221 1624 1342 1676 vitae
1369 1617 1488 1673 finis
1510 1618 1635 1694 plu-

24 1696 97 1749 ris
129 1695 411 1755 aestimatus
445 1723 607 1779 quam
640 1704 772 1761 lethi
805 1709 859 1760 in
894 1702 1117 1785 praesens
1154 1705 1339 1761 dilatio
1361 1746 1374 1766 ‚
1412 1701 1492 1757 his
1536 1718 1634 1756 vos

26 1796 172 1835 nunc
208 1778 503 1841 simillimos
531 1786 628 1844 effe
660 1807 846 1866 optem
884 1833 897 1853 ‚
945 1810 1120 1867 neque
1159 1791 1324 1845 nimia
1362 1789 1480 1844 vitae
1514 1784 1635 1841 clul-

27 1861 213 1920 cedine
246 1868 465 1948 longam
512 1868 790 1929 infamiam
829 1893 1005 1929 emere
1042 1914 1057 1937 ,
1102 1872 1386 1951 praesertim
1430 1873 1486 1926 in
1526 1871 1636 1924 Be·-

25 1941 176 2002 lisarii
212 1948 485 2030 disciplina
534 1957 791 2013 educatos
836 1956 1086 2014 homines
1127 1998 1144 2025 ‚
1200 1960 1285 2014 cui
1321 1977 1422 2014 nos
1457 1951 1637 2011 insue-

28 2044 114 2084 tos
149 2052 263 2090 non
298 2037 578 2115 ingentem
610 2038 862 2120 capessere
899 2045 1140 2107 animum
1173 2062 1231 2098 ac
1268 2043 1499 2098 maxima
1536 2057 1636 2094 au-

27 2110 151 2170 dere
184 2157 202 2184 2
248 2117 396 2175 nefas
430 2120 508 2179 fit.
575 2124 856 2183 Omnibus
888 2129 943 2183 in
978 2126 1156 2182 lucem
1182 2126 1349 2184 editis
1383 2121 1494 2180 sors
1530 2137 1636 2178 una

26 2199 300 2278 proposita
322 2203 430 2272 est,
462 2204 559 2264 suo
597 2229 847 2289 tempore
867 2209 1140 2266 excedere.
1183 2207 1472 2268 excedendi
1512 2225 1638 2261 mo-

27 2276 101 2336 do
133 2288 424 2364 plurimum
465 2289 740 2349 differunt.
792 2294 852 2352 Id
882 2297 1027 2351 enim
1062 2294 1278 2352 interest
1313 2336 1331 2364 ‚
1374 2290 1525 2376 quod
1554 2287 1637 2346 se-

27 2386 159 2445 gnes
192 2377 246 2426 &
278 2372 518 2431 imbelles
552 2377 837 2457 postquam
872 2380 963 2436 diu
992 2376 1236 2436 hostibus
1262 2376 1429 2436 irrisui
1460 2395 1519 2432 ac
1551 2374 1638 2430 lu-

28 2449 204 2522 dibrio
244 2451 395 2513 ruere
417 2498 433 2523 ‚
470 2477 653 2518 tamen
688 2461 780 2519 ubi
816 2461 1109 2519 decretoria
1143 2463 1228 2519 illa
1256 2463 1367 2521 dies
1402 2458 1641 2519 advene-

27 2539 133 2604 rit,
166 2543 392 2619 implent
425 2538 521 2600 fati*
553 2547 728 2626 legem
765 2568 778 2602 ε
815 2543 1053 2603 fortibus
1084 2564 1266 2604 autem
1299 2568 1424 2604 cum
1461 2547 1636 2605 virtu-

28 2635 83 2677 te
123 2626 398 2704 multaque
431 2628 585 2686 laude
616 2631 761 2689 idem
799 2633 1171 2688 venit-exitus.
1212 2636 1466 2689 Praeterea
1485 2647 1635 2693 vero,

31 2703 70 2762 si
104 2728 313 2765 morem
347 2730 596 2791 gerentes
632 2714 864 2772 barbaris
909 2713 1190 2772 nobiscum
1229 2720 1283 2771 δε
1318 2714 1419 2771 hos
1452 2712 1637 2770 homi-

29 2793 356 2856 nes‘servare
391 2800 820 2877 permitteremur
847 2839 864 2865 ,
898 2797 1021 2856 esset
1054 2819 1149 2856 cur
1177 2795 1310 2856 faeda
1342 2816 1638 2878 quantuni·

31 2882 108 2961 yis
138 2883 327 2941 mortis
356 2878 486 2964 fuga
515 2887 724 2945 veniam
754 2882 995 2964 speraret.
1038 2886 1120 2941 At
1146 2880 1637 2944 sitanta-mRoma-

1001 2967 1033 3023 S
1081 2988 1104 3047 3
1231 2967 1250 2970 ”
1442 2979 1640 3023 norum
