1888 3428
217 157 643 217 GOTTH‘IcAE
696 154 1104 213 H1sT0n1AE
1146 161 1282 216 Lm.
1305 165 1422 218 IV.
1517 184 1637 240 429

20 259 90 297 ne
110 280 128 308 ‚
145 238 233 297 sed
253 261 456 320 magno
471 238 590 299 satis
605 238 888 297 intervallo
905 239 1189 302 Romanus
1206 245 1499 319 equitatus.¹
1514 251 1641 324 qui-

18 321 126 379 bus
153 322 315 379 duces
332 321 655 403 Philegagus
676 317 928 399 Gepida,
958 322 1039 376 vir
1069 318 1314 377 strenuus
1334 363 1350 388 ‚
1387 330 1441 380 &
1476 329 1640 405 longe

20 408 264 482 optimus
281 404 426 462 bello
458 405 722 462 Iohannes
741 403 1036 460 Armenius
1064 400 1299 460 Thomae
1333 402 1501 470 filius,
1538 429 1639 464 co-

17 504 331 563 gnomento
368 485 557 543 Guzes
574 527 592 554 ,
621 490 789 561 'cujus
820 488 874 540 &
910 480 1034 540 alibi
1069 479 1209 541 &Cia
1243 483 1378 542 mihi
1412 494 1642 545 mentio.

19 569 206 646 Terga
222 566 304 624 his
321 567 640 625 claudebant
651 562 909 623 Gubazes
927 567 1204 623 Lazorum
1224 587 1334 632 rex,
1358 574 1410 626 &
1429 570 1640 626 Roma-

19 670 223 706 norum
244 649 352 706 dux
371 647 728 729 DagisthaeuS,
747 644 844 703 suo
863 664 1096 727 uterque
1113 668 1236 704 cum
1256 648 1432 726 pedite
1450 692 1466 717 ‚
1486 653 1644 707 nimi-

17 751 143 789 rum
167 749 226 789 ut
244 735 411 812 equiti
432 772 450 800 ,
470 730 506 788 fi
525 728 668 788 forte
686 729 971 808 pelleretur
987 769 1004 797 ,
1024 727 1317 789 subsidium
1336 735 1391 788 in
1411 730 1532 810 ipsis
1550 733 1642 789 fo-

19 832 127 872 ret..
168 813 251 870 Sic
270 814 502 871 ordinati
521 830 670 869 erant
685 813 929 869 Romani
947 815 1197 891 Lazique.
1241 817 1319 869 At
1338 813 1643 872 Chorianes

21 897 248 954 dilectos
276 893 496 952 suorum
515 897 659 952 mille
672 896 850 952 loricis
874 893 1138 974 armisque
1157 898 1268 951 aliis
1287 894 1424 952 bene
1443 896 1641 955 instru-

21 979 144 1035 ἃοε
159 976 488 1055 speculatum
511 974 793 1056 praemifit:
829 974 940 1055 ipse
969 997 1095 1034 cum
1130 979 1285 1034 omni
1304 983 1541 1036 exercitu
1560 979 1640 1036 se-

23 1058 297 1139 quebatur
311 1099 327 1126 ‚
350 1062 530 1139 paucis
548 1058 613 1117 ad
632 1058 750 1117 valli
769 1058 1067 1117 custodiam
1089 1060 1302 1117 relictis.
1350 1063 1491 1130 Quae
1508 1083 1640 1140 prae-

20 1160 292 1199 currerant
310 1144 583 1199 Lazorum
603 1158 794 1199 turmae
813 1181 830 1209 ,
859 1137 1014 1198 factis
1031 1140 1283 1221 promiss'a
1297 1163 1605 1200 everterunt
1621 1185 1640 1213 ,

19 1229 76 1282 &
91 1222 206 1304 spes
221 1224 288 1281 de
307 1222 358 1282 se
385 1224 531 1281 datas
546 1265 564 1292 ‚
599 1223 694 1281 ubi
710 1224 775 1280 ad
794 1243 908 1280 rem
929 1242 1153 1281 ventum
1173 1241 1284 1281 erat
1305 1266 1320 1286 ‚
1352 1227 1640 1284 mendaces

17 1304 392 1364 ostenderunt.
409 1308 553 1365 Nam
572 1303 753 1362 subito
772 1308 826 1362 in
840 1302 1077 1362 hostium
1096 1305 1439 1381 praecursores
1458 1308 1641 1386 illapfi,

18 1388 313 1467 conspecqm
331 1408 524 1446 eorum
543 1408 657 1445 non
676 1388 931 1454 toletam,
950 1386 1220 1447 conversis
1242 1393 1395 1468 equis
1414 1395 1642 1470 turpiter

16 1469 400 1551 {ereceperunt
417 1469 481 1529 ad
499 1471 787 1529 Romanos
805 1510 822 1537 ‚
844 1468 977 1527 nihil
992 1472 1148 1527 veriti
1167 1470 1233 1528 ad
1254 1492 1348 1527 eos
1368 1469 1641 1553 confuge-

16 1574 76 1611 re
95 1593 113 1621 ,
147 1549 468 1633 quibuscum
501 1555 557 1610 in
591 1573 773 1635 pugna
791 1551 1010 1632 adjungi
1029 1551 1348 1612 abnuerant.
1392 1552 1502 1613 Vbi
1523 1573 1640 1613 tota

17 1639 99 1694 vis
128 1636 376 1714 equitum
413 1638 667 1715 utrinque
694 1637 1161 1714 propinquarunt,
1197 1636 1261 1693 ad
1303 1656 1495 1693 manus
1526 1658 1641 1695 rem

19 1718 138 1781 non
162 1716 432 1776 deduxere
450 1758 468 1785 ,
504 1737 682 1795 neque
701 1733 1093 1774 concurrerunt
1109 1719 1246 1775 inter
1259 1715 1308 1774 se
1330 1739 1345 1774 ε
1388 1714 1475 1790 sed
1493 1741 1641 1798 quo—

21 1804 124 1858 ties
154 1798 467 1860 accederent
502 1798 681 1857 hostes
699 1840 717 1867 ,
765 1796 944 1856 cessim
977 1797 1131 1855 ibant
1163 1800 1247 1856 alii
1269 1840 1285 1860 ‚
1322 1816 1510 1856 contra
1545 1803 1640 1859 ubi

19 1881 188 1940 hostis
217 1899 361 1961 retrc)
397 1882 447 1938 se
481 1881 672 1940 tulerat
692 1922 709 1948 ,
743 1881 1047 1939 inferebant
1071 1880 1316 1961 gradum.
1358 1885 1432 1940 ita
1467 1885 1638 1942 modo

17 1964 69 2023 se
87 1962 455 2032 retrahentes,
488 1963 659 2039 modo
681 1962 1022 2042 insequentes
1043 1962 1248 2022 vicibus
1265 1966 1477 2022 alternis
1503 1968 1639 2024 mul·

17 2066 137 2105 tum
175 2050 437 2125 temporis
476 2043 791 2104 absumsere⁰
832 2048 961 2104 Erat
992 2049 1051 2102 in
1096 2047 1358 2104 Romano
1403 2052 1641 2105 exercitu

17 2129 324 2188 Artabanes
341 2148 506 2208 gente
525 2127 918 2186 Persarmenius
936 2170 955 2197 ,
986 2130 1078 2206 qui
1114 2128 1177 2185 ad
1198 2131 1486 2186 militantes
1515 2133 1641 2189 Ro-

20 2215 193 2270 manis
213 2213 507 2268 Armenios
526 2231 598 2267 nu
605 2231 695 2289 per
712 2208 988 2290 transfuga
1006 2228 1222 2268 venerat
1240 2251 1257 2276 ‚
1279 2232 1377 2268 nec
1392 2210 1499 2269 fine
1517 2235 1642 2292 pre-

17 2296 101 2352 tio
121 2335 138 2361 ,
168 2291 252 2370 sed
275 2295 470 2372 pignus
487 2292 610 2350 fidei
646 2296 702 2349 in
731 2295 1017 2350 Romanos
1034 2291 1278 2350 adferens
1298 2293 1493 2352 caedem
1517 2301 1642 2353 Per-

19 2375 190 2434 sarum
214 2393 434 2433 centum
455 2378 665 2455 viginti.
706 2377 851 2432 Nam
884 2375 1233 2433 Valerianum
1254 2416 1270 2442 ‚
1302 2380 1396 2453 qui
1430 2379 1643 2444 Roma-

22 2479 225 2517 norum
248 2459 523 2515 Armeniis
556 2475 772 2534 praeerat
793 2499 808 2523 ‚
835 2459 1130 2523 allocutus,
1164 2478 1447 2537 rogaverat
1480 2463 1643 2538 quin-

24 2541 290 2620 quaginta
307 2537 402 2596 fibi
424 2539 487 2595 de
508 2541 605 2596 illis
627 2538 877 2608 adderet:
903 2560 1042 2618 quos
1061 2538 1381 2597 consecutus
1399 2544 1568 2598 iverat
1586 2545 1642 2598 in

18 2622 294 2680 castellum
313 2617 685 2678 Persarmeniae
706 2664 721 2687 ,
744 2624 893 2700 quod
910 2620 1158 2680 custodes
1175 2643 1642 2681 numerocentum

23 2706 218 2786 viginti
235 2703 493 2761 tenebant
509 2743 524 2765 ‚
545 2707 639 2783 qui
659 2726 782 2760 eum
801 2746 817 2771 ‚
836 2722 1030 2781 utpote
1046 2708 1326 2785 incognita
1342 2704 1514 2762 adhuc
1530 2711 1644 2781 ejus

23 2784 335 2844 defeffione
368 2826 386 2852 ,
433 2785 756 2865 gratabundi
805 2789 943 2842 intra
977 2791 1327 2843 munimenta?
1376 2808 1643 2865 accepere.

22 2868 115 2925 ille
135 2867 322 2925 occifis
340 2867 599 2926 omnibus
614 2867 947 2933 custodibuS,
968 2876 1020 2925 &
1042 2873 1283 2944 pecuniis
1298 2909 1313 2935 ,
1335 2890 1451 2945 quae
1474 2873 1645 2923 maxi-

24 2969 127 3009 mae
157 2969 308 3011 erant
342 2954 400 3008 i'n
431 2948 637 3011 castello
657 2990 674 3020 ,
711 2952 929 3029 direptis
955 2990 970 3019 ‚
1006 2951 1071 3009 ad
1092 2952 1437 3009 Valerianum
1463 2950 1509 3004 se
1529 2949 1644 3004 Ro-

1389 3051 1645 3089 manum-
