1888 3428
264 169 372 209 112
577 149 972 207 PRocopu
1015 145 1569 205 CAESAREENsrs

231 227 556 288 eliciebatur.
599 235 744 286 Inter
759 229 860 286 hos
879 230 1027 286 afflus
1047 247 1251 307 equum
1268 267 1284 292 ‚
1306 231 1391 284 cui
1409 227 1721 286 Germanus
1745 222 1873 304 insi-³⁷

256 311 420 370 debat
439 353 457 380 ‚
487 315 622 370 clam
639 310 876 369 hostium
895 311 1116 391 quidam
1137 307 1361 366 conficit
1381 349 1397 370 ‚
1415 308 1701 388 labensque
1719 307 1873 368 humi

255 391 568 453 Germanus
586 398 641 450 in
662 395 897 472 periculo
917 412 1027 451 erat
1043 435 1061 461 ‚
1094 397 1148 450 ni
1175 412 1403 471 propere
1420 390 1668 451 satellites
1685 388 1876 462 subve÷

253 476 446 534 niffent
460 514 477 541 ‚
508 477 857 554 cinerumque
877 480 1036 533 armis
1056 476 1203 533 alteri
1221 471 1591 553 imposuissent
1605 495 1768 552 equo·
1813 477 1872 530 in

251 557 360 616 hoc
395 560 636 617 tumultu
650 597 672 623 ο
708 561 903 616 Stotzae
925 556 1208 637 paucisque
1227 577 1353 612 cum
1371 577 1437 613 eo
1459 554 1725 635 effugium
1743 553 1870 612 fuiti

254 641 566 699 Germanus
582 638 807 697 incensis
830 637 1050 697 suorum
1070 643 1259 697 animis
1280 640 1337 695 in
1352 636 1513 695 castra
1529 636 1766 695 hostium
1787 660 1871 696 va-

249 722 351 798 dit.
391 722 648 780 obstitere
681 725 718 779 ii
749 720 1087 781 defeetorum
1106 722 1307 801 quibus
1324 722 1446 777 valli
1464 719 1704 778 custodia
1721 720 1888 798 obtiftl

249 824 417 883 gerat.
441 872 444 873 ⁷
465 809 623 863 Acris
643 805 717 863 ibi
739 827 920 886 pugna
954 846 970 871 ‚
1003 800 1303 886 parumque
1323 800 1500 860 abfuit
1525 805 1662 882 quin
1693 803 1888 885 oppu-{

250 905 508 965 gnatores
539 892 877 966 pellerentur.
938 890 1039 945 Sed
1070 888 1382 944 Germanus
1413 884 1439 942 ὲ
1473 888 1740 942 comitatu
1771 883 1888 953 suoi}

252 967 396 1026 inifit
430 974 524 1050 qui
557 971 712 1028 aliam
732 970 1024 1028 castrorum
1043 989 1248 1048 partem
1267 962 1535 1025 affilirent.
1559 966 1676 1034 ubi,
1693 956 1888 1045 nemis}

249 1072 321 1107 ne
356 1051 664 1110 defensante
685 1095 701 1121 ,
737 1053 890 1110 facile
926 1070 1291 1130 penetratum.
1344 1052 1540 1130 quue
1575 1047 1888 1127 conspeffiioj

251 1132 384 1191 versi
414 1138 470 1191 in
504 1132 693 1211 fugam
722 1132 1025 1191 defestores
1055 1156 1068 1190 =
1100 1136 1364 1213 omnique
1383 1154 1508 1190 cum
1528 1135 1763 1189 exercitu
1782 1132 1888 1210 εει-Ξ

248 1212 352 1272 stra
385 1214 641 1296 ingressus
675 1216 749 1274 est
784 1217 1114 1273 Germanus·
1157 1222 1370 1273 Irruens
1400 1217 1456 1270 in
1475 1232 1711 1292 paratam
1733 1217 1888 1292 prae-{

249 1296 375 1355 dam
395 1300 548 1355 miles
568 1339 586 1366 ‚
621 1319 733 1355 non
754 1297 902 1354 ducis
918 1300 1142 1375 imperia
1160 1337 1175 1362 ‚
1213 1319 1328 1354 non
1358 1294 1596 1352 hostium
1617 1297 1888 1374 reliquias

247 1378 489 1436 curabat.
532 1397 679 1438 tanta
709 1397 819 1437 erat
855 1383 1093 1458 pecuniae
1126 1379 1251 1437 fitis.
1297 1396 1583 1458 propterea
1617 1375 1888 1444 metuens}

249 1458 563 1520 Germanus
596 1484 665 1520 ne
698 1463 1012 1520 re‘colletfftus
1044 1461 1212 1520 hostis
1241 1462 1503 1520 damnum
1538 1460 1723 1528 daret,
1759 1459 1888 1540 ipse}

247 1563 376 1600 cum
398 1547 579 1622 paucis
615 1548 670 1601 in
691 1545 839 1602 aditu
859 1544 1150 1601 castrorum
1171 1544 1316 1602 stetit
1332 1590 1347 1611 ,
1382 1545 1553 1601 multa
1570 1542 1864 1610 obtestanS,

248 1625 453 1704 diuque
497 1624 684 1683 surdos
733 1628 796 1683 ad
849 1626 1173 1706 obsequium
1209 1648 1484 1685 revocans.
1514 1627 1672 1685 rnaffi
1709 1625 1888 1690 suum}

247 1722 466 1787 ternpus
485 1708 668 1764 Mauri
697 1704 972 1786 fugientes
1007 1705 1308 1766 defeetores
1329 1716 1382 1767 ὃς
1401 1706 1495 1786 ipsi
1514 1706 1888 1786 insequeban-i

248 1806 371 1857 tur,
402 1788 561 1869 seque
595 1811 720 1847 cum
753 1793 1098 1869 Imperatoris
1129 1791 1293 1848 milite
1315 1791 1378 1849 ad
1397 1790 1694 1868 diripienda
1711 1791 1888 1869 vietaeg

246 1876 411 1950 partis
428 1872 589 1930 castra
609 1870 1034 1951 conjungebant.
1077 1878 1151 1930 At
1169 1875 1352 1930 Stotza
1371 1875 1609 1953 primum
1629 1874 1683 1929 in
1697 1871 1888 1940 Mau-{3

246 1956 318 2010 ris
337 1952 484 2032 spem
503 1953 784 2032 repofitam
804 1954 1024 2022 bahem,
1045 1955 1107 2012 ad
1127 1977 1221 2012 eos
1239 1955 1286 2012 se
1306 1953 1617 2012 conferebat
1633 1995 1648 2020 ‚
1681 1951 1888 2031 reten-gf

246 2051 457 2093 taturus
474 2035 600 2095 belli
624 2035 926 2094 fortunam.
968 2041 1173 2096 Verum
1194 2040 1485 2116 compertis
1505 2058 1623 2117 quae
1655 2036 1721 2092 ab
1742 2035 1862 2116 ipsis
1883 2036 1888 2093 Ξ

246 2118 546 2197 agebantur
577 2123 663 2177 vix
682 2138 902 2175 centum
933 2117 1155 2177 suorum
1179 2117 1568 2178 comitantibus
1587 2116 1746 2178 evasit
1762 2141 1861 2199 pe·
1882 2114 1888 2185 ἐ

245 2203 479 2258 ticulum
516 2223 528 2257 ε
558 2207 869 2280 Iterumque
890 2223 1002 2258 non
1024 2207 1174 2280 pauci
1194 2205 1257 2261 ad
1272 2226 1397 2261 eum
1418 2201 1465 2260 se
1484 2202 1860 2282 aggreganteS‚
1883 2203 1888 2262 ξ

244 2303 440 2341 manus
470 2304 594 2340 cum
630 2282 785 2341 hoste
813 2281 1058 2341 conferre
1079 2284 1185 2342 ausi
1203 2285 1340 2342 sunt.
1386 2286 1488 2343 Sed
1509 2287 1678 2342 acrius
1695 2286 1888 2355 etiami

244 2385 411 2443 quam
430 2384 551 2422 ante
571 2364 781 2444 repulsi,
807 2366 871 2423 ad
893 2367 1234 2424 Germanum
1257 2366 1502 2423 transiere
1525 2387 1741 2423 omnes,
1782 2371 1860 2422 Ita
1882 2357 1888 2422 Ξ

244 2450 433 2505 Stotza
450 2449 591 2505 solus
606 2492 619 2513 ,
660 2452 842 2528 paucis
858 2466 1070 2506 tantum
1095 2472 1218 2507 cum
1238 2449 1489 2508 Vandalis
1508 2490 1524 2517 ‚
1554 2449 1617 2505 ad
1631 2440 1888 2536 gentem}

241 2528 573 2588 Maurorum
605 2526 654 2587 se
683 2534 883 2609 recepit
903 2571 919 2597 ‚
945 2529 1127 2611 ibique
1164 2533 1322 2589 dueta
1357 2535 1412 2588 in
1446 2533 1888 2605 matrimonium}

239 2615 496 2691 principis
525 2609 633 2668 filia
667 2610 831 2669 haesit.
879 2617 923 2669 is
960 2619 1075 2688 ejus
1109 2612 1384 2671 seditionis
1414 2610 1521 2670 fuit
1555 2615 1751 2669 exitus.
1791 2618 1856 2668 In
1881 2606 1888 2629 ''

240 2692 529 2752 Theodori
552 2694 891 2774 Cappadocis
911 2693 1222 2753 satellitibus
1256 2694 1429 2752 homo
1450 2712 1559 2752 erat
1577 2696 1724 2773 pravi
1743 2697 1857 2751 ani-

236 2779 340 2844 mi,
362 2778 697 2834 Maximinus
716 2780 961 2834 nomine.
1005 2783 1053 2833 Is
1074 2780 1269 2835 milites
1289 2779 1424 2833 clam
1444 2783 1755 2853 conjuratos
1772 2774 1867 2833 se-—‘·

242 2879 369 2917 cum
387 2861 589 2917 multos
606 2858 808 2916 habens
828 2858 922 2917 fibi
939 2859 1373 2918 dominationem
1390 2859 1607 2939 parabat
1621 2896 1641 2925 ,=
1655 2855 1860 2938 plures-

237 2961 352 3023 que
385 2938 484 3026 {ibi
516 2943 705 3023 volens
734 2942 1027 3026 adjungere
1046 2982 1064 3016 ,
1101 2940 1310 3009 consilii
1339 2946 1554 3023 &alios
1573 2943 1858 3083 parti}ipes
1885 2947 1888 3018 ζ

1738 3041 1861 3081 CCC-²
1886 3081 1888 3084 .

1878 3181 1888 3224 ἶ.

1878 3228 1888 3235 ..

1885 3246 1888 3255 ⁴

1877 3245 1888 3428 ι

1879 2942 1888 2950 ι
