1888 3428
235 172 679 236 GoTTHI'dAE
721 174 1132 234 HISTORIA:
1172 175 1217 232 L
1240 174 1331 233 113ss
1360 180 1406 233 I.
1529 184 1645 251 209

33 280 330 328 numeruS‚
373 261 458 318 alii
490 261 716 339 navigiis
752 279 870 335 quae
906 259 961 314 in
993 276 1156 334 portu
1189 259 1448 315 Romano
1474 260 1651 326 nacti,
1704 323 1707 326 ,

33 344 264 422 pedibus
285 344 370 398 alii
393 345 475 399 via
493 347 704 422 Appia:
747 359 846 395 nec
864 339 932 395 ab
952 337 1325 396 obsidentibus
1346 342 1646 416 periculum

36 444 129 483 aut
148 443 326 482 metus
344 422 450 482 sive
478 424 583 481 hoc
603 422 706 480 five
726 422 818 477 illo
841 423 1050 478 itinere,
1092 423 1238 479 Nam
1258 419 1437 478 hostes
1468 443 1647 499 neque

36 506 230 564 urbem
254 524 426 565 totam
457 505 712 585 operibus
743 503 1109 581 circumplecsti
1143 504 1218 559 ob
1242 501 1390 583 spatii
1409 507 1650 560 immena

33 588 240 647 fitatem
274 606 602 667 potuerant,
637 607 736 642 nec
767 585 1038 643 audebant
1067 589 1218 663 pauci
1254 606 1484 643 numero
1521 587 1652 642 lon-2

18 675 157 753 ‘gius
173 669 224 728 se
243 691 494 729 amovere
520 669 547 725 ἐι
577 668 754 725 castris
775 708 791 735 ‚
836 689 902 724 ne
923 670 979 724 in
1001 666 1308 725 excursores
1328 669 1648 726 inciderent.

17 750 425 832 'proptereaque
443 752 536 809 diu
554 748 770 806 obseffis
789 748 1019 808 liberum
1040 747 1145 808 fuit
1163 791 1179 817 ‚
1238 757 1292 808 ὃ(
1312 750 1443 808 urbe
1466 751 1647 829 egredi

3 827 88 910 ,ἃ
127 856 243 915 quae
277 835 341 893 ad
375 837 538 893 vitam
572 830 692 889 sunt
725 832 912 889 usui‘in
943 854 1061 889 eam
1096 836 1408 911 importare.
1453 834 1648 890 Nocitu

14 915 296 997 'praecipue
332 920 524 995 ingens
558 914 813 972 barbaros
834 935 1002 994 pavor
1033 918 1172 972 intra
1202 916 1361 974 castra
1394 918 1649 972 contine-

29 1000 124 1056 bat
145 999 496 1079 diligentibus
527 995 783 1055 excubiis.
817 1003 873 1053 in
894 994 1044 1054 causa
1064 1015 1214 1055 erant
1245 999 1503 1055 Mauri&
1520 1019 1646 1055 cum

27 1079 111 1138 his
129 1081 214 1138 alii
246 1080 436 1138 crebro
469 1097 728 1138 exeuntes
749 1079 915 1149 urbe,
949 1099 1009 1137 ut
1029 1102 1171 1159 quos
1205 1079 1448 1161 segreges
1483 1084 1539 1137 in
1559 1079 1648 1136 so·-

29 1184 165 1237 mno
186 1166 349 1220 autin
369 1166 556 1221 itinere
575 1162 1040 1242 deprehenderant
1059 1204 1076 1230 ‚
1113 1181 1170 1219 ut
1191 1167 1246 1220 in
1267 1166 1477 1243 magnis
1500 1183 1650 1220 exer-

28 1245 227 1302 citibus
244 1243 374 1325 saepe
393 1244 447 1301 id
467 1245 655 1302 accidit
675 1283 691 1309 ‚
730 1262 850 1301 tum
872 1245 947 1302 ob
969 1246 1092 1302 alias
1111 1245 1441 1303 necessitates
1462 1286 1478 1312 ,
1522 1263 1646 1301 tum

28 1344 92 1384 ut
123 1330 278 1406 equis
297 1367 315 1395 ,
353 1326 616 1405 mulisque
641 1332 695 1382 &
726 1347 842 1405 quae
859 1327 1101 1384 humano
1123 1327 1247 1384 cibo
1267 1325 1502 1385 serviunt
1529 1330 1645 1384 ani-

29 1408 307 1467 mantibus
324 1409 520 1488 pabula
537 1429 878 1488 quaerantur,
910 1409 1251 1477 occiderent,
1286 1408 1646 1488 detractisque

26 1490 206 1569 spoliis
225 1532 243 1559 ,
272 1489 494 1548 fihostis
524 1491 836 1550 adventaret
871 1490 1148 1570 superante
1182 1512 1414 1549 numero
1438 1532 1453 1554 ‚
1487 1491 1647 1555 cursu,

27 1573 82 1633 se
99 1575 360 1631 servarent
378 1618 394 1639 ,
430 1576 541 1630 nati
562 1572 626 1630 ad
646 1575 969 1630 celeritatem
996 1581 1050 1631 δε
1070 1574 1270 1632 indutu
1287 1575 1463 1642 leves,
1500 1595 1647 1631 nun-

26 1677 304 1736 quamque
325 1654 693 1713 cunstabundi
718 1655 782 1712 ad
800 1653 1006 1735 fugam.
1054 1655 1130 1711 ob
1163 1655 1243 1712 his
1271 1656 1431 1712 multi
1462 1659 1647 1715 Roma

27 1738 261 1796 exeundi
290 1736 598 1795 facultatem
631 1736 865 1794 habuere
885 1778 902 1806 ,
935 1735 1053 1817 pars
1085 1739 1444 1817 Campaniam
1464 1778 1482 1807 ,
1527 1758 1646 1818 pars

29 1822 260 1878 Siciliam
291 1838 565 1899 petentes,
611 1819 697 1875 alii
718 1840 832 1898 quo
864 1824 1060 1899 cuique
1095 1824 1410 1899 proximum
1431 1839 1522 1878 aut
1555 1839 1650 1878 tu-

28 1899 291 1960 tiffitnum
334 1901 630 1960 videbatur.
690 1901 968 1959 Belisarius
1003 1922 1128 1960 cum
1172 1904 1408 1959 militum
1442 1902 1647 1960 videret

26 2005 316 2043 numerum
335 1987 601 2064 imparem
619 1984 849 2042 tutando
871 1989 1139 2041 moenium
1160 1985 1370 2042 ambitu
1414 1988 1646 2065 (quippe

25 2086 92 2125 ut
111 2068 218 2126 dixi
241 2071 392 2147 pauci
412 2086 563 2125 erant
584 2069 779 2125 milites
801 2106 816 2128 ‚
851 2088 950 2125 nec
972 2068 1137 2125 iidem
1155 2066 1431 2125 insomnes
1452 2070 1644 2124 nostes

11 2149 120 2207 'diu
139 2150 463 2207 tolerabant.
507 2150 660 2229 plebs
689 2167 867 2206 autem
888 2154 1048 2228 inops
1077 2159 1131 2210 &
1161 2172 1341 2208 rerum
1362 2153 1524 2208 etiam
1544 2171 1645 2207 ne·-

27 2230 360 2311 ceffariarum
380 2253 544 2314 egens
562 2273 579 2300 ,
600 2250 659 2288 ut
679 2232 878 2311 quibus
897 2237 1079 2307 omnis
1098 2237 1153 2290 in
1173 2232 1496 2312 quotidiano
1517 2236 1645 2310 opi-

28 2313 154 2393 ficio
173 2312 427 2376 fortuna,
460 2334 607 2371 nunc
640 2335 703 2370 ex
741 2313 1024 2372 obsidione
1055 2315 1163 2372 fine
1193 2314 1398 2395 quaestu
1431 2319 1639 2386 otium)

27 2398 223 2470 milites
257 2396 599 2478 paganosque
640 2396 883 2463 miscuit,
922 2399 1147 2477 locaque
1180 2397 1460 2477 affignavit
1478 2419 1644 2454 excu-

27 2478 135 2536 biis
152 2520 170 2546 ,
198 2478 339 2536 dieta
358 2486 411 2537 &
429 2481 646 2560 paganis
666 2478 1157 2548 diurnamercede‚
1190 2501 1426 2559 quorum
1449 2487 1503 2537 &
1523 2500 1641 2536 ma-

29 2563 247 2639 nipulos
265 2560 390 2620 fecit
411 2567 503 2643 qui
524 2561 776 2618 custodiae
796 2559 1108 2619 sufficerent.
1142 2566 1198 2619 in
1218 2584 1316 2620 eos
1333 2562 1644 2641 manipulos

31 2663 126 2722 per
150 2645 335 2701 nofies
369 2647 559 2724 vigiliae
593 2641 1049 2702 distribuebantur
1073 2685 1088 2707 ‚
1132 2644 1340 2703 vicibus
1369 2648 1424 2701 in
1444 2644 1640 2700 orbem

31 2724 397 2784 redeuntibus,
441 2728 586 2784 Eum
613 2730 668 2781 in
703 2727 930 2783 modum
951 2746 1311 2806 utrorumque
1344 2728 1496 2783 malis
1513 2724 1642 2782 sub-

32 2808 180 2866 venit
208 2806 504 2866 BelisariuS.
548 2806 857 2885 Suspicione
889 2827 1008 2866 orta
1033 2812 1089 2867 in
1124 2811 1408 2867 Silverium
1429 2810 1642 2864 Roma-

33 2909 169 2947 num
186 2889 470 2948 antistitem
492 2934 509 2960 ‚
541 2910 796 2968 tanquam
822 2909 1024 2969 pararet
1049 2891 1240 2950 urbem
1263 2890 1492 2947 Gotthis
1514 2908 1645 2966 pto*

33 2969 158 3056 dere
179 3009 198 3041 ,
233 2969 404 3053 ipsum
438 2977 495 3034 in
531 2973 802 3033 Graeciam
838 2972 1015 3031 misit:
1051 2996 1149 3035 nec
1183 2977 1357 3033 multo
1377 2971 1494 3051 post
1514 2970 1647 3025 alte-

7 3075 13 3079 *
940 3055 997 3109 O
1524 3069 1647 3106 rum
