1888 3428
326 160 455 216 DE
531 150 1258 212 Rau-Gnmcss.
1497 160 1609 240 683

18 243 342 317 conjunxit,
372 244 429 296 &
464 240 656 318 genuit
686 232 1053 293 Athalaricum
1089 241 1144 292 δε
1174 236 1630 300 Mathesuentam.

21 326 125 384 Sed
143 327 268 405 quia
282 320 621 380 Athalaricus
637 322 694 376 in
718 320 868 376 annis
886 316 1182 395 puerilibus
1210 318 1501 380 defunfms
1531 322 1631 395 est,

24 405 404 466 Mathesuenta
423 401 965 480 Constantinopolim
984 401 1144 456 inlata
1161 439 1178 466 ,
1214 399 1280 458 de
1299 400 1530 462 secundo
1552 410 1634 464 vi-

23 510 110 559 1¹0,
129 489 184 548 id
204 487 277 546 est
297 489 580 544 Germano
600 481 844 542 fratruele
864 480 1140 539 Iustiniani
1160 485 1522 560 imperatoriS,
1537 509 1636 566 ge-

31 575 151 631 nuit
167 569 519 650 posthumum
539 565 709 624 filium
725 606 744 632 ,
762 585 927 643 quem
947 568 1251 629 nominavit
1268 566 1441 623 Germ
1451 588 1636 624 anum,

32 655 136 713 Sed
155 651 316 710 nobis
331 695 347 718 ,
366 669 426 710 ut
447 650 586 710 ordo
604 668 769 728 quem
788 652 1038 726 cupimus
1056 647 1300 705 decurrat
1321 689 1337 716 ‚
1356 648 1420 707 ad
1444 652 1639 708 ’Wan-

32 736 211 794 dalarii
249 734 497 792 sobolem
515 776 531 799 ,
561 751 679 810 quae
715 733 861 787 trino
879 727 1013 789 flore
1034 730 1331 810 pullulabat
1352 773 1371 799 ,
1405 730 1639 789 redeun-

0 829 1 880 l
31 818 164 877 dum
184 816 275 884 est,
321 819 431 874 Hic
448 815 650 872 etenim
670 813 1067 871 Wandalarius
1095 811 1359 872 fratruelis
1379 815 1644 872 Ermana-

34 903 162 968 rici,
197 905 251 957 &
271 895 597 978 suprascripti
621 893 1015 953 Thorismundi
1033 894 1391 954 consobrinus
1415 941 1430 963 ‚
1466 897 1643 955 tribus

37 983 192 1040 editis
210 982 389 1039 liberis
406 1019 423 1046 ‚
444 981 501 1036 in
517 996 681 1058 gente
698 980 892 1035 Amala
911 981 1170 1058 gloriatus
1193 979 1288 1047 est,
1308 978 1362 1037 id
1380 980 1645 1048 est‚Wa·

33 1066 220 1132 lamir‚
249 1061 587 1120 Theodemir
604 1102 623 1129 ‚
658 1061 973 1119 Widemir.
1013 1064 1096 1119 Ex
1115 1062 1314 1142 quibus
1330 1084 1423 1142 per
1439 1060 1647 1120 succes-

37 1144 244 1204 'fionem
263 1162 551 1224 parentum
568 1144 856 1201 Walamir
873 1148 928 1201 in
945 1165 1174 1225 regnum
1195 1144 1527 1213 conscendit,
1547 1145 1645 1203 ad-

37 1227 141 1302 huc
158 1229 383 1285 Hunnis
416 1248 512 1285 eos
533 1231 674 1285 inter
691 1228 814 1284 alias
833 1246 1020 1305 gentes
1037 1230 1356 1307 generaliter
1380 1229 1647 1285 obtinen-

40 1310 209 1369 tibus,
249 1311 488 1388 Eratque
518 1327 650 1367 tunc
683 1313 738 1366 in
772 1311 945 1365 tribus
977 1308 1060 1365 his
1092 1313 1363 1388 germanis
1391 1308 1648 1369 contem-l

43 1395 210 1471 platio
231 1409 380 1472 grata
399 1432 415 1459 ‚
447 1391 666 1470 quando
698 1389 951 1448 mirabilis
985 1389 1323 1449 Theodernir
1352 1413 1449 1473 pro
1469 1390 1648 1449 fratris'

41 1476 329 1534 Walamir
342 1473 603 1531 militabat
619 1476 867 1552 imperio.
909 1473 1196 1533 Walamir
1213 1495 1343 1534 vero
1361 1496 1460 1554 pro
1481 1477 1648 1533 altero
1702 1483 1709 1496 ³

37 1556 198 1635 jubet
214 1555 483 1615 ornand0.
515 1557 810 1614 Widemir
825 1552 1013 1613 servire
1033 1576 1130 1634 pro
1147 1554 1403 1614 fratribus
1420 1554 1650 1616 aestima-

45 1638 173 1696 bat..
205 1642 287 1696 Sic
306 1641 378 1695 eis
397 1655 587 1696 mutua
605 1637 891 1695 affeffione
912 1635 960 1694 se
980 1638 1263 1696 tuentibus
1285 1676 1300 1702 ,
1343 1641 1474 1697 nulli
1494 1640 1651 1718 peni-

45 1739 133 1779 tus
151 1721 330 1779 deerat
347 1740 576 1800 regnum
597 1760 611 1781 ‚
632 1719 783 1798 quod
807 1722 1018 1798 utrique
1037 1722 1092 1775 in
1111 1718 1200 1777 sua
1220 1742 1347 1801 pace
1363 1724 1648 1780 tenebant.

44 1798 125 1860 Ita
140 1821 342 1867 tamen,
367 1821 424 1859 ut
443 1799 572 1881 saepe
593 1800 799 1858 dictum
819 1800 893 1858 est
908 1842 924 1868 ‚
943 1802 1281 1880 imperabant
1301 1845 1318 1871 ‚
1352 1822 1412 1862 ut
1429 1802 1524 1882 ipsi
1542 1806 1652 1859 At-

44 1888 146 1944 tilae
166 1888 503 1943 Hunnorum
524 1887 661 1963 regis
677 1886 906 1962 imperio
928 1883 1270 1943 deservirent.
1313 1886 1535 1956 Quibus
1552 1897 1655 1941 nec

48 1987 238 2026 contra
255 1985 497 2046 parentes
514 1964 845 2047 Vesegothas
871 1964 1086 2034 licuisset
1105 1967 1338 2025 recusare
1357 1986 1652 2032 certamem

45 2049 136 2109 sed
154 2048 429 2107 necessitas
447 2049 657 2106 domini
675 2090 692 2116 ‚
724 2052 885 2106 etiam
907 2047 940 2103 si
957 2050 1299 2126 parricidium
1318 2050 1474 2125 jubet
1495 2092 1513 2118 ,
1546 2054 1655 2108 im—

50 2132 314 2212 plendum
332 2130 423 2189 est.
469 2132 589 2188 Nec
605 2134 755 2190 aliter
775 2131 841 2187 ab
866 2134 1203 2193 Hunnorum
1221 2134 1472 2191 dominio
1487 2133 1657 2192 divel-
1723 2192 1727 2194 ,

50 2218 85 2272 li
107 2216 294 2293 potuit
319 2233 453 2292 gens
487 2215 659 2291 aliqua
690 2212 967 2292 Scythica,
998 2213 1091 2271 nisi
1125 2233 1313 2293 optata
1331 2217 1656 2274 cunctisna-

49 2292 295 2358 tionibus
313 2300 370 2352 in
387 2316 704 2375 commune,
721 2302 773 2352 δε
796 2296 1236 2364 Romani3,mors
1257 2302 1437 2358 Attilae
1455 2319 1656 2378 prove-

56 2381 197 2441 nerit
211 2419 229 2447 ,
255 2399 375 2458 quae
396 2396 508 2436 tam
530 2378 673 2435 utilis
690 2375 792 2435 fuit
811 2419 827 2447 ‚
859 2398 914 2436 ut
936 2383 1041 2436 vita
1060 2381 1336 2440 mirabilis,

476 2516 537 2581 C
641 2539 688 2581 A
789 2540 842 2581 P.
996 2541 1240 2585 XL1x.

154 2668 226 2715 De
245 2656 402 2736 Attilae
430 2656 718 2715 Hunnorum
737 2663 852 2735 regis
872 2673 1028 2715 morte
1038 2673 1106 2717 'ex
1122 2663 1281 2718 nimia
1300 2660 1529 2717 ebrietate
1545 2682 1562 2724 3

370 2740 434 2802 ἐφ’
462 2740 518 2799 de
547 2739 811 2817 magnificia
833 2744 1042 2818 exequiis
1061 2745 1104 2799 ei
1111 2743 1342 2825 praestitia.

218 2875 455 2945 Ttila‚ut
475 2876 675 2934 Priscus
690 2876 972 2938 historicus
991 2879 1151 2939 refert
1166 2922 1182 2950 ,
1198 2880 1543 2939 extinffionis
1558 2876 1659 2935 suae

43 2999 48 3003 -
220 2976 466 3041 tempore
487 2959 716 3044 puellam
733 2960 896 3021 Ildico
918 2968 1142 3024 nomine
1160 3005 1178 3034 ‚
1214 2964 1463 3021 decoram
1486 2958 1663 3096 'valldff

1589 3060 1603 3095 1
1645 3061 1663 3099 ι
