1888 3428
261 129 375 200 560
457 119 898 189 *ExbcERPTA
937 115 1017 174 Ex
1057 117 1417 173 AGATHIAE
1455 114 1668 175 His‘ra‘

251 208 390 261 tium
423 198 767 277 inobseptum
787 241 802 268 ‚
839 219 931 277 per
963 198 1115 276 quod
1151 200 1205 254 in
1251 195 1461 255 hostem
1503 201 1675 255 exitus
1703 202 1757 254 &
1791 196 1874 254 ab

249 284 401 343 hoste
435 284 635 345 reditus
677 300 893 360 pateret.
938 284 1023 336 Ac
1053 301 1119 337 ne
1140 319 1156 346 ‚
1188 277 1376 336 omissa
1398 322 1400 324 -
1423 283 1608 357 pontis
1643 294 1859 336 amnem

244 367 529 446 junge-ntis
557 383 681 420 cura
700 404 718 431 ,
752 363 1010 419 damnum
1047 359 1171 419 inde
1199 363 1458 441 acciperet
1477 403 1494 429 ,
1525 367 1653 418 eum
1694 381 1878 424 occu-‚

254 467 346 528 pat
375 486 390 509 ,
428 466 681 524 turreque
716 443 1033 501 adfabricata
1066 444 1243 522 lignea
1273 483 1290 509 ,
1338 447 1484 500 viros
1515 441 1683 500 fortes
1719 444 1863 522 opti·-

253 551 456 609 meque
484 539 723 586 'armatos
763 530 817 583 in
853 547 911 582 ea
936 523 1174 604 praesidio
1194 528 1333 582 locat
1353 562 1370 591 ,
1412 528 1507 604 qui
1536 525 1719 581 locum
1737 534 1888 602 tue-{

191 628 192 631 ’
253 630 442 669 rentur
473 649 490 676 ,
536 613 932 687 Romanosque
967 606 1246 665 transitum
1284 606 1572 668 molientes
1605 608 1888 664 arcerent-³

253 695 361 748 His
395 695 464 749 ita
496 689 757 770 dispositis
776 732 792 757 ,
826 691 1017 753 cundia
1048 689 1113 747 ad
1140 686 1292 747 usum
1314 686 1580 767 praesentis
1598 689 1888 765 temporis&

255 774 395 830 bene
409 773 622 853 ‚provisa
639 772 885 829 credebat
902 812 919 838 ‚
949 769 1157 850 suaeque
1178 770 1453 850 potestatis
1472 768 1590 826 fore
1611 768 1863 827 inchoare

199 881 202 883 “
255 857 529 937 praelium,
577 875 674 911 nec
714 871 835 910 ante
868 870 1172 933 pugnatum
1208 855 1272 909 iri
1302 874 1465 931 quam
1499 851 1594 908 fibi
1616 852 1888 931 placereti-

255 960 373 1017 quae
393 934 541 994 fratri
562 939 616 992 in
636 939 866 993 Venetia
885 936 1179 992 acciderant
1201 974 1217 1000 ,
1244 934 1492 992 nondum
1511 951 1861 1019 cognoyerat.

201 1033 208 1071 1
255 1020 344 1078 sed
378 1017 697 1084 mirabatur,
734 1017 883 1095 quod
905 1020 1095 1073 auxilia
1113 1016 1178 1073 ab
1209 1037 1275 1073 eo
1311 1035 1370 1073 ut
1400 1033 1727 1091 convenerat
1749 1035 1864 1071 non

257 1105 602 1159 mitterentur
620 1119 737 1153 non
752 1099 1081 1155 tardaturum
1100 1097 1358 1175 suspicans
1378 1139 1393 1164 ,
1428 1095 1523 1154 nifi
1545 1097 1676 1176 quid
1694 1101 1865 1153 intet-

257 1179 480 1241 veniffet
512 1178 745 1256 adversn
773 1198 1009 1235 attamen
1047 1187 1099 1236 &
1131 1177 1325 1258 absque
1354 1201 1421 1236 eo
1454 1180 1686 1236 vifitoriae
1716 1176 1888 1256 spem*

257 1279 576 1343 praeceperat
593 1302 610 1329 ,
649 1260 858 1317 hostem
889 1266 1049 1318 etiam
1071 1259 1136 1322 fic
1155 1281 1385 1317 numero
1407 1257 1677 1340 superans,
1716 1262 1863 1317 Nam

256 1347 324 1403 ad
352 1345 576 1423 triginta
606 1344 767 1400 millia
799 1357 1054 1421 aptorum
1087 1344 1264 1419 praelio
1294 1343 1681 1422 perveniebant
1698 1343 1746 1398 ei
1773 1363 1887 1398 eit--

258 1431 454 1486 ercitus
485 1426 719 1505 reliquiae
740 1469 755 1490 ‚
776 1481 781 1486 ,
801 1446 925 1482 curn
956 1424 1052 1482 sub
1071 1426 1338 1482 Romanis
1369 1423 1527 1504 lignis
1559 1426 1676 1502 plus
1706 1424 1866 1502 06:0-

258 1509 444 1586 decim⁴
468 1508 636 1565 millia
661 1520 779 1565 'non
814 1506 977 1565 effent
999 1549 1014 1575 ‚
1051 1506 1155 1587 ipse
1177 1525 1424 1586 promtus
1457 1509 1642 1564 animo
1671 1508 1868 1563 milites

258 1589 522 1648 monebat
554 1588 912 1658 considerare,
951 1587 1083 1646 nihil
1120 1591 1235 1646 leve
1265 1594 1319 1646 in
1352 1588 1459 1646 hoc
1490 1591 1673 1669 praelio
1706 1592 1870 1648 vertit

244 1684 354 1730 “aut
371 1674 573 1728 Italiam
591 1712 608 1739 ‚
642 1674 819 1750 inquit
840 1713 855 1738 ‚
893 1670 1280 1750 poffidebirnus
1300 1677 1450 1747 cujus
1483 1693 1616 1750 ergo
1640 1685 1883 1729 ventum'

260 1753 339 1812 est
357 1795 373 1820 ‚
405 1772 504 1811 aut
521 1774 666 1810 mors
687 1774 788 1816 nos
808 1775 988 1811 manet
1005 1796 1020 1821 ,
1041 1775 1208 1833 eaque
1228 1759 1411 1833 turpis,
1453 1755 1656 1810 Nonne
1677 1754 1864 1832 igitur,

259 1841 354 1894 viri
375 1832 544 1892 fortes
560 1876 574 1900 ,
598 1834 728 1891 illud
757 1834 882 1892 huic
901 1835 1343 1913 anteponendum
1365 1832 1437 1891 est
1458 1842 1480 1893 ἒ
1525 1856 1647 1891 nam
1668 1836 1721 1892 id
1739 1837 1869 1912 qni-

260 1919 385 1976 dem
405 1917 632 1974 dubium
666 1938 778 1972 non
803 1916 877 1985 est
899 1957 916 1984 ‚
950 1922 1084 1997 quin
1119 1915 1157 1973 si
1193 1914 1431 1974 officium
1455 1914 1700 1995 nostrum
1733 1913 1867 1995 faci<-

260 2022 382 2057 mus
404 2041 420 2066 ‚
459 2003 656 2077 optatis
677 1995 962 2056 fruiliceat.
1009 2000 1143 2057 Haec
1175 2017 1336 2077 atque
1360 1997 1440 2053 his
1471 1998 1654 2056 fimilia
1670 1996 1866 2055 Butiliss

237 2104 365 2140 -nus
408 2081 750 2137 hortamenta
788 2080 890 2138 suis
928 2084 1187 2138 continue
1222 2078 1527 2137 adhibebat.
1595 2098 1756 2160 atque
1790 2080 1866 2136 illi

192 2163 194 2165 ’
257 2164 346 2242 spe
378 2161 524 2219 bona
544 2163 685 2239 pleni
717 2183 860 2238 arma
882 2162 1164 2240 parabant,
1202 2181 1262 2219 ut
1282 2182 1402 2218 mos
1421 2166 1649 2243 cuiquez
1684 2180 1884 2236 cerne-j-

258 2267 342 2303 res
355 2244 440 2301 hic
458 2242 660 2301 secures
678 2248 792 2299 acui
816 2266 828 2299 ε
860 2244 932 2300 ibi
947 2244 1113 2301 hastas
1132 2246 1418 2325 gentilitias
1437 2286 1453 2312 ‚
1471 2246 1670 2323 quibus
1691 2241 1888 2324 ango·-·⁴

259 2349 394 2384 num
415 2347 618 2381 nomen
643 2348 655 2380 τ
688 2326 812 2381 alibi
829 2323 993 2383 suffita
1019 2328 1160 2383 scuta
1188 2327 1251 2383 ad
1275 2322 1426 2382 usum
1458 2324 1632 2383 refici:
1670 2332 1723 2384 &
1753 2325 1872 2384 haec·

257 2409 479 2488 quidem
499 2409 684 2463 omnia
702 2428 866 2484 parvo
886 2412 1138 2488 negotio,
1157 2407 1409 2465 Parabilis
1424 2411 1568 2465 enim
1587 2407 1681 2473 est,
1698 2429 1864 2487 quan-

258 2510 379 2548 tum
399 2489 646 2567 intelligo
666 2529 682 2555 ‚
704 2492 879 2568 gentis
899 2495 1011 2565 ejus
1032 2510 1294 2548 armatura
1313 2530 1328 2556 ‚
1373 2511 1470 2546 nec
1498 2492 1681 2546 multis
1697 2487 1866 2566 opifi*

259 2573 412 2630 cibus
431 2571 676 2650 indigens
698 2609 713 2633 ‚
745 2569 832 2627 sed
865 2571 929 2627 ab
962 2571 1083 2650 ipsis
1105 2572 1304 2651 quibus
1336 2570 1571 2650 gestatur
1592 2569 1785 2637 facilis,
1824 2568 1879 2644 fi,

257 2654 648 2733 quidluxatum
668 2649 727 2708 fit
746 2691 760 2713 ‚
793 2659 1181 2711 reconcinnari.
1217 2646 1437 2710 ''Loricas
1456 2661 1510 2711 δε
1531 2652 1730 2711 tibialia
1747 2653 1864 2731 pla·

253 2737 634 2814 ne‘ignorvant:
668 2735 855 2791 inteffi
875 2756 1033 2814 caput
1052 2739 1293 2814 plerique
1312 2777 1327 2802 ‚
1353 2739 1501 2812 pauci
1515 2736 1708 2816 galeati
1730 2755 1865 2812 prae-

256 2819 468 2874 liantur.
490 2817 676 2894 petius
694 2820 748 2872 &
768 2835 917 2894 terga
938 2819 1068 2876 nudi
1085 2819 1304 2875 lumbos
1325 2829 1527 2896 usque:
1556 2817 1679 2875 inde
1698 2815 1880 2874 femi-i

249 2900 387 2958 nalia
404 2898 703 2958 induuntur
726 2898 790 2958 ad
805 2900 963 2958 tibias
993 2895 1360 2960 descendentia
1380 2899 1407 2959 ἐ
1428 2903 1539 2960 lino
1564 2901 1649 2959 ali-i
1666 2943 1680 2968 ‚
1714 2918 1863 2957 non-

1734 2979 1864 3038 nulli
