1888 3428
250 159 689 223 Gon-mea
729 159 1131 220 Hrs‘ronrffl
1173 168 1414 230 L113.II.
1516 190 1630 256 223

12 263 92 323 ¹po
125 283 142 311 ‚
177 243 434 300 inclinato
465 246 577 317 jam
607 240 672 298 ad
694 239 959 320 vesperam
996 243 1080 302 clie
1112 286 1131 314 ,
1175 269 1300 306 cum
1332 255 1642 335 multitudiss

16 347 87 383 ne
107 323 344 383 hostium
363 322 527 380 obrui
560 341 861 391 metueret,
891 324 988 382 hac
1022 325 1236 387 solertia
1256 333 1378 393 usus
1412 337 1504 395 est.
1550 340 1643 400 Est

15 429 85 464 eo
120 409 184 463 in‘
204 408 329 463 loco
363 427 559 486 magna
591 409 894 486 antiquitus
926 412 1112 467 Arena
1134 414 1492 492 gladiatorum
1523 419 1644 501 spe-

16 490 236 547 ‹Ptaculis
266 488 561 547 celebrata.
619 492 874 567 paulatim
909 494 1094 552 multae
1134 499 1335 557 circum
1371 500 1642 565 aedificatae

12 573 213 630 domus
245 611 263 636 ,
313 572 456 630 unde
500 568 682 652 passim
721 577 1038 653 angiporta.
1098 577 1498 641 Constantinus
1533 589 1643 666 igi-

12 672 102 711 tur
137 652 375 712 hostium
422 676 654 713 numero
691 654 836 713 haud
864 655 1034 715 dubie
1076 661 1250 742 impar
1286 707 1301 732 ,
1348 688 1415 723 ne
1449 665 1641 748 fugam

10 735 232 814 quidem
259 735 367 793 fine
390 742 596 817 ingenti
619 740 857 816 periculo
877 743 1145 821 reperiens
1164 787 1181 814 ,
1204 747 1355 821 jussis
1375 751 1642 809 omnibus

7 819 234 875 Hunnis
268 821 335 877 de
370 842 515 899 equo
552 820 870 878 descendere
892 863 910 889 ,
953 845 1076 882 cum
1111 829 1172 885 iis
1194 833 1248 886 in
1270 831 1640 913 angustiarum

9 922 118 967 una
137 901 399 960 constitit.
444 902 572 959 Inde
605 901 633 959 ἐ
667 922 790 961 tuto
814 908 1033 981 jaculati
1067 912 1274 971 multos
1292 913 1531 975 hostium
1551 919 1641 974 in-

6 981 350 1042 terfecerunt.
394 986 724 1045 Toleravere
755 990 860 1044 tela
891 990 1100 1050 Gotthi
1121 995 1451 1074 aliquamdiu
1475 1041 1492 1067 ‚
1519 1000 1642 1078 spe-f

0 1075 221 1134 rantes,
251 1067 344 1124 ubi
380 1069 721 1127 Hunnorum
760 1068 1017 1149 pharetrae
1052 1077 1170 1133 telis
1204 1076 1367 1138 essent
1402 1084 1637 1147 inanitae,

8 1146 157 1207 facile
180 1171 273 1206 eos
293 1149 437 1230 poffe
458 1150 854 1219 circumfundi,
886 1154 1131 1236 trahique
1153 1163 1365 1220 vinctos
1380 1167 1435 1222 in
1455 1165 1639 1225 castra..

11 1232 115 1289 Sed
128 1253 273 1302 Reum
313 1230 622 1312 Maffagetae
643 1232 954 1313 sagittarum
976 1237 1070 1295 usu
1089 1246 1271 1300 eximii
1288 1250 1346 1302 in
1366 1264 1475 1304 tam
1499 1270 1638 1306 con-

8 1311 212 1372 fertum
249 1321 445 1395 agmen
477 1317 627 1372 nulla
654 1338 826 1396 prope
857 1317 966 1376 fine
984 1320 1164 1380 hostili
1195 1329 1415 1386 vulnere
1436 1332 1540 1388 tela
1560 1337 1639 1402 ja-

8 1415 211 1463 cerent,
229 1394 384 1476 super
404 1396 682 1456 dimidiam
703 1396 780 1457 sui
799 1419 1007 1479 partem
1026 1404 1326 1477 consumti,
1351 1414 1638 1472 occidente

7 1481 227 1537 interim
261 1486 315 1536 δε
351 1481 507 1548 Sole,
546 1483 732 1539 incerti
764 1483 894 1561 quid
914 1506 1171 1565 agerent,
1206 1491 1424 1552 tandem
1445 1493 1638 1577 fugam

7 1559 297 1641 capessunt.
341 1567 402 1618 In
438 1585 498 1620 ea
525 1584 749 1642 quoque
776 1568 934 1624 multi
967 1571 1222 1630 cecidere.
1265 1576 1464 1656 Neque
1485 1583 1636 1638 enim

7 1642 322 1701 desinebant
338 1641 659 1724 Massagetae,
679 1645 813 1702 boni
831 1652 959 1706 &in
977 1650 1468 1730 cursujaculatores
1490 1700 1508 1726 ‚
1542 1683 1636 1720 ur-

5 1747 132 1806 gere
150 1728 284 1784 telis.
332 1728 413 1782 Sic
429 1724 596 1785 salvus
620 1749 745 1784 cum
779 1730 1005 1788 Hunnis
1037 1735 1437 1799 Constantinus
1466 1746 1636 1803 ηοᾶε

6 1809 231 1867 demum
267 1809 507 1866 Romam
542 1807 716 1868 rediit.
759 1812 897 1869 Non
928 1818 1118 1874 multis
1151 1820 1273 1898 post
1291 1822 1483 1883 diebus
1516 1828 1635 1885 Ro-

10 1912 300 1948 manorum
318 1910 525 1970 partem
546 1895 601 1951 in
620 1891 799 1951 hostes
819 1895 1050 1956 ducente
1068 1905 1303 1962 Peranio
1324 1945 1342 1973 ‚
1360 1910 1557 1966 iterum
1575 1911 1634 1969 in

9 1970 228 2031 effusam
266 1970 615 2032 Gotthorum
641 1973 830 2056 fugam
852 1999 932 2036 res
952 1980 1084 2040 abiit
1119 2005 1135 2040 τ
1172 2008 1292 2065 quae
1312 1997 1506 2049 cum&
1525 1992 1635 2072 ipsa

8 2055 93 2113 die
111 2053 396 2113 deficiente
418 2056 725 2139 contigisset
744 2099 762 2124 ‚
794 2062 1038 2139 peditum
1059 2067 1448 2130 Romanorum
1467 2095 1631 2143 unm,

8 2159 115 2216 qua
134 2139 347 2197 vaderet
367 2138 570 2199 nescius
588 2182 606 2210 ,
623 2145 677 2198 in
701 2142 860 2199 altam
881 2147 1070 2206 incidit
1087 2149 1302 2229 specum
1321 2194 1338 2221 ‚
1369 2158 1553 2235 quales
1570 2181 1633 2217 ea

7 2223 230 2300 regione
268 2224 462 2280 multas
494 2223 685 2281 vetusti
705 2228 993 2294 mortale8‚
1015 2233 1314 2292 condendis
1333 2239 1495 2298 credo
1511 2236 1633 2299 fru-

7 2304 189 2383 gibus,
208 2301 396 2362 fodere
425 2327 438 2361 :
469 2304 543 2362 ibi
566 2308 652 2363 ille
672 2327 769 2364 nec
787 2310 1080 2383 clamorem
1101 2314 1257 2374 edere
1276 2318 1431 2378 ausus
1450 2363 1468 2391 ‚
1498 2326 1633 2382 vici-

7 2387 92 2443 nis
110 2383 347 2443 hostium
368 2387 542 2445 castris
561 2430 577 2457 ,
598 2410 697 2447 nec
715 2395 982 2469 reperiens
1002 2417 1113 2475 quo
1132 2395 1182 2457 se
1201 2400 1375 2460 modo
1396 2403 1426 2461 ἑ
1444 2425 1632 2465 caver-

8 2487 77 2525 na
108 2469 373 2528 attolleret
395 2511 412 2538 ‚
445 2471 587 2529 unde
608 2471 879 2532 adscensus
912 2476 1139 2538 dabatur
1157 2483 1337 2542 nullus
1355 2527 1373 2555 ‚
1403 2489 1630 2546 noc0tern

11 2570 164 2630 agere
197 2549 440 2609 miseram
476 2556 695 2613 coactus
730 2555 804 2613 est
825 2601 836 2614 .
893 2560 1155 2622 Postridie
1201 2586 1328 2623 cum
1360 2588 1631 2629 renovato

9 2637 299 2697 certamine
334 2633 542 2696 rursum
573 2635 826 2719 fugerent
863 2639 1068 2703 Gotthi
1103 2689 1120 2713 ,
1171 2645 1373 2709 horum
1402 2674 1632 2732 quoque

10 2734 152 2772 unus
185 2720 242 2774 in
275 2719 500 2776 eandem
530 2718 673 2779 forte
701 2719 1007 2799 speluncam
1041 2727 1254 2810 illapsus
1284 2731 1376 2791 est.
1422 2736 1630 2794 Hostes

9 2794 151 2854 duos
168 2802 223 2857 in
241 2803 528 2860 amicitiam
545 2800 806 2882 fedusque
827 2809 1100 2869 necessitas
1118 2817 1257 2894 egit,
1269 2817 1520 2899 paffique
1538 2822 1630 2876 in-

8 2892 93 2936 ter
111 2877 161 2937 se
180 2900 373 2941 mutuo
393 2925 410 2953 ‚
437 2884 659 2944 salutem
692 2888 907 2949 alterius
942 2895 1093 2952 alteri
1116 2902 1272 2972 juxta
1303 2897 1448 2958 suam
1473 2899 1625 2956 cordi

7 2958 160 3031 fore·
219 2966 373 3027 Tum
407 2974 552 3033 vero'
576 2989 851 3052 magnum
883 2992 1045 3057 atque
1079 2977 1392 3041 horribilem
1427 2980 1624 3074 sonum

1461 3080 1623 3122 cient.
