1888 3428
228 187 298 262 58
491 184 944 237 '.PRoco1³11
1009 177 1562 234 C'AESAREENsrs
1642 182 1647 215 ἱ
1883 244 1888 248 ³

219 285 338 344 pars
371 283 563 320 eorum
594 260 748 316 domi
780 257 1007 326 mansit,
1035 257 1236 337 quibus
1254 255 1447 313 desidia
1469 256 1632 313 tentis
1648 256 1835 314 Godi-
1868 321 1870 323 ,

219 346 445 427 giselam
479 343 663 401 serstari
691 364 805 399 non
837 342 1011 398 libuit.
1059 338 1384 419 procedente
1403 357 1650 416 tempore
1669 336 1723 394 hi
1742 344 1836 417 qui
1872 380 1888 387 .-

222 427 524 486 manserant
557 446 737 484 rerum
765 427 919 503 copia
960 420 1102 499 ipsos
1140 417 1550 496 circumfluente
1583 419 1838 478 laetaban-
1872 442 1873 448 ¹

223 531 314 573 tur
342 537 355 569 :
391 516 445 568 &
473 507 796 566 Gizerichus
816 527 940 562 cum
960 504 1064 561 suis
1082 501 1322 561 Africam
1342 500 1640 582 possidebat
1671 525 1685 558 ε
1710 523 1835 581 9ηο
1872 533 1888 555 .·

223 594 499 652 ἱηῑεὶὶεέὶο
520 593 612 670 qui
632 586 1016 667 Godigisclum
1036 586 1198 643 secuti
1219 608 1334 643 non
1352 603 1519 651 erant,
1534 584 1642 641 hoc
1668 587 1855 664 magis'
1880 649 1883 655 ¹

222 677 456 757 gau-dere
477 716 492 741 ,
524 671 710 730 confisi
746 675 911 728 etiam
944 674 999 726 in
1034 668 1311 748 posterum
1342 686 1536 726 terram
1574 669 1846 727 alimentis
1873 680 1886 684 ”

222 762 328 820 suis
342 757 551 815 abunde
565 753 909 812 suffecturam
937 775 950 808 ε
975 770 1225 810 metuere
1244 769 1462 809 tantum
1478 792 1496 818 ‚
1530 771 1598 807 ne
1618 750 1873 828 quando)

222 843 301 900 ini
322 844 414 918 qui
434 835 678 896 Africam
715 853 966 915 ceperant
984 853 1075 892 aut
1092 856 1286 892 eorum
1304 832 1502 913 posteri
1518 832 1644 890 inde
1664 832 1842 907 ejecti,

223 926 409 983 relidia
429 939 730 999 repeterent
748 942 762 987 3
785 919 910 976 ideo
930 918 1083 997 quod·
1099 919 1388 974 Romanos
1402 937 1517 974 non
1533 914 1740 994 semper
1756 936 1844 972 ac-‚-
1886 990 1888 992 ι

225 1024 448 1083 ceptum
469 1004 664 1061 vulnus
683 1000 1104 1060 diffimulaturos
1134 1000 1536 1064 arbitrarentur.
1569 997 1646 1055 ob
1674 997 1729 1056 id
1763 998 1842 1055 le-

226 1107 388 1169 gatos
417 1084 606 1143 misere
624 1126 639 1146 ‚
663 1087 757 1164 qui
778 1084 870 1140 ubi
890 1082 1162 1147 Gizerichi
1182 1087 1237 1139 in
1256 1082 1608 1161 conspetftum
1627 1101 1841 1146 vener-e,

227 1171 479 1252 gratulari
494 1167 543 1224 se
563 1168 815 1225 dixerunt
832 1166 1127 1245 gentilibus
1147 1187 1228 1222 res
1246 1184 1357 1222 tam
1378 1163 1673 1244 prosperas·
1718 1164 1852 1219 Cae-:

223 1272 407 1311 terum
426 1251 452 1308 a
476 1268 622 1307 tanta
641 1248 991 1306 multitudine
1013 1249 1070 1303 in
1091 1244 1336 1304 Africam
1355 1244 1599 1325 profe&
1618 1242 1846 1303 desertas

227 1354 393 1392 terras
408 1354 546 1412 aegre
561 1329 825 1388 defendia
844 1327 892 1386 se
911 1327 1074 1406 poffe.
1115 1329 1334 1409 Rogare
1352 1332 1518 1409 igitur
1535 1325 1617 1391 se,
1648 1324 1846 1404 fiipsos

228 1418 413 1474 nullus
441 1410 651 1472 teneret
687 1414 880 1470 veteris
915 1410 1011 1468 1in
1031 1432 1184 1468 amor
1203 1452 1220 1478 ‚
1247 1433 1360 1469 rem
1378 1409 1765 1490 ipsisinutilem
1786 1426 1848 1465 ut

228 1497 327 1557 fibi
354 1496 746 1564 concederent,
783 1497 878 1574 qui
910 1496 1041 1552 citra
1069 1492 1491 1552 controversiam
1522 1489 1743 1568 dsslffiim'
1766 1512 1848 1548 re-

229 1584 411 1660 gionis
445 1577 571 1645 faeti
604 1601 672 1634 eo
702 1579 973 1654 promtius
1007 1598 1105 1654 pro
1136 1599 1197 1633 ea
1230 1575 1280 1632 se
1314 1578 1481 1633 morti
1515 1571 1847 1650 objicerent,

231 1669 409 1740 AEqua
426 1679 605 1739 petere
622 1656 916 1715 Gizericho
935 1664 989 1714 δε
1006 1658 1262 1716 Vandalis
1277 1655 1620 1715 videbantur.
1661 1659 1845 1735 itaque

230 1740 401 1823 parati
434 1760 583 1800 erant
602 1744 838 1800 annuere
858 1737 1152 1817 postulatis·
1193 1745 1352 1797 Vnus
1385 1738 1605 1800 senum,
1644 1738 1848 1797 nobilis

232 1846 360 1884 ortu
379 1824 745 1904 &prudentiae
763 1819 905 1879 fama
919 1862 935 1888 ,
954 1819 1340 1880 consensurum
1359 1819 1408 1878 se
1427 1821 1679 1901 negabat.
1723 1842 1846 1879 ver-

231 1908 325 1966 sari
358 1930 439 1965 res
472 1907 732 1964 humanas
757 1922 1022 1983 perpetuo
1057 1902 1290 1963 turbine·
1335 1902 1682 1980 Praesentium
1716 1903 1846 1964 nihil

233 1995 364 2049 certi
398 2013 414 2045 t
444 1993 501 2046 in
533 1986 778 2045 futurum
799 1987 928 2044 nihil
945 2004 1056 2043 tam
1075 1986 1388 2045 incredibile
1409 2028 1426 2055 ,
1453 1986 1606 2066 quod
1623 1989 1848 2044 nonali-

232 2072 458 2151 quando
493 2068 727 2147 conspici
762 2066 935 2147 poffit.
982 2070 1113 2128 Hoc
1141 2069 1329 2127 audito
1364 2067 1622 2127 concessit
1654 2072 1709 2126 in
1729 2074 1846 2144 ejus

230 2155 549 2221 sententiam
569 2150 887 2210 Gizerichus
910 2191 925 2213 ,
950 2150 1264 2232 legatosque
1284 2156 1464 2210 irritos
1478 2149 1693 2210 dimisit.
1737 2155 1847 2213 At.-

233 2260 341 2318 que
357 2259 425 2294 eo
445 2235 664 2316 quidem
679 2252 929 2313 tempore
955 2240 1009 2290 ὃς
1027 2255 1117 2291 rex
1137 2234 1244 2313 ipse
1261 2277 1277 2297 ,
1297 2239 1411 2294 &is
1431 2243 1583 2313 cujus
1605 2235 1846 2291 auctori-

233 2341 314 2378 tas
345 2341 529 2397 regem
564 2335 796 2379 tra-xerat
816 2357 832 2383 ,
861 2316 1116 2375 Vandalis
1148 2317 1279 2383 irrisi
1312 2315 1484 2380 fuere.
1527 2317 1678 2375 Cum
1712 2337 1843 2374 vero

235 2401 521 2462 evenissent
554 2421 672 2478 quae
705 2418 827 2456 ante
857 2402 1191 2459 narravimus
1219 2442 1236 2469 ,
1269 2421 1451 2457 rerum
1482 2400 1845 2457 humanarum

233 2486 332 2545 suo
351 2485 495 2565 malo
516 2484 797 2561 peritiores
813 2478 941 2538 facti
959 2482 1220 2551 Vandali,
1240 2485 1339 2539 viri
1356 2484 1496 2539 illius
1514 2523 1531 2550 ,
1560 2501 1620 2541 ut
1638 2482 1848 2560 sapien-

233 2573 301 2627 tis
319 2611 335 2632 ,
370 2566 578 2624 dietum
608 2562 858 2621 laudibus
876 2566 1201 2627 extulerunt.
1237 2565 1471 2622 *Illorum
1488 2568 1849 2623 autemVan-

222 2652 508 2716 dalorum,
526 2649 619 2726 qui
640 2646 792 2704 domi
808 2646 1126 2715 manserant,
1147 2647 1212 2706 ad
1228 2646 1364 2704 hanc
1381 2665 1595 2706 aetatem
1614 2667 1712 2705 nec
1729 2668 1848 2704 me-

231 2735 408 2791 moria
425 2751 524 2787 nec
544 2750 748 2786 nomen
767 2727 946 2786 exstat.
991 2729 1200 2798 Cred0,
1213 2747 1326 2795 aut,
1345 2732 1499 2810 pauci
1517 2752 1643 2788 cum
1661 2727 1849 2796 essent,

233 2819 290 2874 viv
307 2814 670 2872 finitimorum
695 2809 968 2891 superatos
989 2854 1005 2875 ‚
1036 2830 1129 2871 aut
1146 2815 1388 2872 volentes
1405 2817 1460 2871 in
1479 2814 1709 2871 aliorum
1725 2815 1850 2893 qui-

233 2898 339 2957 bus
367 2896 416 2954 se
450 2895 770 2953 miscuerant
798 2909 1023 2952 nomen
1041 2892 1304 2954 tranfiiffe.
1353 2897 1457 2955 Sed
1475 2917 1573 2954 nec
1591 2897 1687 2954 illi-s
1704 2915 1848 2975 quos

235 2978 514 3047 Belisarius
554 2978 822 3047 devicerat
861 2978 1114 3047 Vandalis
1147 2977 1308 3045 subiit
1339 2981 1397 3046 in
1437 2982 1716 3062 antiquam
1751 2997 1850 3053 pa-

237 3074 249 3086 ·
1695 3062 1855 3125 triana
