1888 3428
263 142 379 221 682
770 143 796 197 Ι
826 160 864 196 ο
899 156 936 198 R
971 157 1011 196 N
1042 160 1079 196 A
1112 158 1154 197 N
1187 153 1228 194 n
1261 157 1294 197 E
1326 156 1351 195 s
1635 191 1641 193 f

251 225 592 281 Hunnorum
616 236 639 293 ,'
673 219 760 282 sed
780 220 939 280 ascito
955 220 1018 278 ad
1046 218 1096 277 se
1127 217 1472 302 Sigismundo
1494 219 1855 287 >Hunimundi

251 309 436 387 magni
454 303 570 363 filio
589 347 607 373 ,
640 308 734 385 qui
745 306 1040 382 juramenti
1058 300 1136 360 sui
1155 310 1210 361 δε
1229 301 1353 360 fidei
1370 325 1583 363 memor
1596 328 1719 364 cum
1736 331 1855 366 am-

251 389 339 469 pla
371 407 516 468 parte
553 387 874 446 Gothorum
903 388 1244 445 Hunnorum
1273 389 1504 463 imperio
1531 386 1854 466 subjacebat,

249 488 626 551 renovatoque
645 492 770 529 cum
790 490 856 528 eo
876 465 1078 526 foedere
1095 508 1112 534 ,
1149 467 1181 525 s
1174 489 1307 547 uper
1319 469 1731 530 Winitharium
1749 473 1859 531 du-

250 555 331 627 xit
347 557 638 611 exercitum
661 577 675 619 3
728 554 932 630 diuque
951 551 1277 609 certantibus
1293 592 1310 619 ,
1346 554 1525 630 primo
1543 560 1597 610 ὃ(
1618 552 1857 613 secundo

250 639 541 694 certamine
559 634 937 696 W'initharius
956 636 1136 693 vincit.
1181 632 1301 690 Nec
1329 637 1466 693 valet
1492 636 1682 713 aliquis
1699 658 1858 695 com-

252 738 552 776 memorare
573 737 830 799 quantam
865 716 1093 797 stragem
1112 716 1177 774 de
1194 718 1533 774 Hunnorum
1553 718 1856 776 Winitha-

248 805 359 860 rius
393 799 520 860 fecit
553 805 806 860 exercitu.
875 801 1071 857 Tertio
1106 820 1234 857 vero
1268 801 1461 879 proelio
1495 796 1857 880 subreptionis

249 884 449 941 auxilio
469 884 534 942 ad
561 884 789 942 fluvium
826 887 1050 940 nomine
1066 883 1199 940 Erae
1220 922 1237 947 ‚
1273 882 1405 939 dum
1440 901 1667 959 uterque
1703 884 1767 941 ad
1801 881 1853 942 se

173 1021 174 1024 ,
248 965 509 1024 veniffent
539 1008 556 1034 ,
605 965 885 1023 Balamber
919 964 1103 1045 sagitta
1137 962 1283 1022 missa
1327 983 1485 1041 caput
1519 965 1853 1036 fossnitharifi

247 1047 517 1117 saucians,
536 1049 842 1113 interemit3
879 1066 1209 1126 neptemque
1237 1052 1351 1123 ejus
1367 1048 1852 1106 Waladamarcam

248 1129 346 1188 fibi
365 1134 420 1188 in
439 1135 699 1209 conjugio
719 1129 975 1206 copulans
994 1168 1009 1195 ‚
1025 1134 1134 1203 jam
1153 1150 1378 1185 omnem
1397 1132 1454 1184 in
1475 1149 1602 1207 pace
1623 1129 1853 1188 Gotho-

247 1233 369 1270 rum
391 1216 655 1291 populum
675 1210 952 1269 subactum
976 1208 1230 1290 poffedit:
1274 1213 1346 1267 ita
1365 1228 1546 1267 tamen
1566 1255 1580 1276 ,
1621 1233 1680 1269 ut
1698 1217 1850 1289 genti

249 1294 575 1352 Gothorum
603 1293 807 1371 semper
835 1313 976 1349 unus
1009 1296 1254 1372 proprius
1288 1293 1507 1372 regulus
1563 1298 1853 1372 (quamvis

232 1374 584 1435 ¹Hunnorum
602 1375 845 1445 consilio)
864 1377 1164 1453 imperaret.
1195 1375 1265 1431 Et
1286 1396 1415 1431 mox
1434 1371 1693 1432 defuneto
1713 1378 1853 1434 &Vi-

245 1459 507 1526 nithariO,
545 1461 681 1517 rexit
702 1479 794 1516 eos
812 1457 1208 1523 Hunimundus
1239 1455 1380 1514 filius
1411 1457 1690 1535 quondam
1711 1461 1851 1539 regis

245 1540 970 1622 potentiffimiErmanarici,
1016 1560 1130 1596 acer
1148 1541 1203 1595 in
1219 1538 1363 1595 bello
1384 1580 1399 1605 ,
1435 1537 1706 1619 totiusque
1725 1560 1850 1597 cor-

245 1626 395 1703 poris
423 1623 822 1703 pulchritudine
851 1623 1054 1700 poHens
1076 1644 1088 1677 :
1131 1625 1224 1701 qui
1246 1619 1363 1700 post
1382 1619 1490 1679 haec
1507 1641 1693 1679 contra
1716 1625 1850 1680 Sue-

245 1726 444 1763 vorum
478 1724 701 1787 gentem
736 1702 957 1762 feliciter
991 1704 1285 1762 dimicavit.
1327 1704 1525 1780 quue
1563 1701 1866 1774 defun&0‚‘

242 1785 481 1846 succesfit
508 1785 880 1845 Thorismund
910 1783 1053 1842 filius
1082 1790 1198 1859 ejus
1214 1783 1666 1861 florejuventutis
1685 1808 1850 1843 orna-
1874 1804 1886 1808 ’

243 1888 331 1927 tus
351 1911 368 1939 ‚
400 1873 496 1950 qui
528 1870 761 1929 secundo
783 1870 1113 1949 principatus
1145 1868 1218 1924 sui
1237 1889 1381 1924 anno
1401 1887 1587 1924 contra
1605 1869 1849 1946 Gepidas

242 1955 421 2010 movit
442 1956 734 2009 exercitum
756 1973 772 2018 3
824 1970 1125 2028 magnaque
1154 1949 1220 2006 de
1256 1949 1359 2005 illis
1379 1953 1585 2025 potitus
1605 1952 1850 2020 victoria,

245 2034 361 2091 casu
378 2037 503 2113 equi
527 2034 725 2091 dicitur
740 2034 1115 2110 interemptus·
1161 2033 1293 2098 Quo
1313 2027 1574 2088 defun&o
1596 2071 1611 2092 ,
1631 2031 1699 2088 fic
1717 2053 1846 2091 eum

241 2117 424 2173 luxere
453 2114 806 2195 Ostrogothae
825 2154 843 2181 ,
882 2132 943 2170 ut
981 2134 1018 2169 x
1039 2132 1069 2169 L
1103 2134 1193 2191 per
1211 2133 1380 2169 annos
1407 2116 1463 2168 in
1481 2118 1594 2187 ejus
1610 2114 1738 2170 loco
1754 2135 1846 2172 rex

243 2199 376 2256 alius
406 2219 522 2255 non
557 2196 860 2255 succederet
899 2236 916 2263 ‚
963 2213 1229 2273 quatenus
1263 2200 1317 2251 δε
1353 2195 1491 2252 illius
1523 2199 1846 2254 memoriam

240 2279 450 2359 semper
468 2279 729 2337 haberent
745 2283 800 2336 in
822 2298 937 2342 ore,
953 2281 1010 2334 &
1033 2296 1248 2356 tempus
1266 2276 1537 2334 accederet
1555 2299 1669 2357 quo
1687 2281 1848 2338 W'a-

240 2366 394 2421 lamir
429 2363 697 2420 ambitum
728 2378 991 2439 repararet
1023 2361 1229 2418 virilem
1248 2399 1264 2426 ,
1317 2363 1540 2438 quierat
1559 2381 1622 2418 ex
1646 2359 1847 2419 conso·
1877 2373 1883 2376 “

241 2444 402 2502 brino
422 2450 535 2520 ejus
561 2448 776 2525 genitus
807 2441 1214 2508 Wandalari03
1256 2444 1383 2521 quia
1414 2440 1557 2498 filius
1590 2447 1742 2519 ejus,
1785 2460 1849 2502 ut
1876 2493 1881 2495 .

241 2526 480 2605 superius
499 2527 730 2585 diximus
745 2568 763 2595 ‚
797 2525 1113 2583 Berismuud
1134 2565 1149 2586 ,
1177 2530 1287 2601 jam
1308 2540 1624 2603 contempta
1643 2522 1846 2583 Ostro-
1882 2552 1886 2556 ⁴

233 2607 533 2689 ,gotharum
563 2627 728 2689 gente
766 2624 988 2686 propter
1023 2609 1362 2664 Hunnorum
1398 2605 1744 2676 dominium,
1779 2606 1845 2665 ad

241 2709 416 2769 partes
447 2691 730 2769 Hesperias
758 2686 1189 2770 Vesegotharum
1209 2685 1382 2746 fuiffet
1408 2707 1629 2769 gentem
1646 2687 1845 2768 sequu-

243 2791 331 2830 tus
349 2813 367 2840 ‚
394 2772 458 2830 de
477 2796 582 2853 qua
600 2780 653 2829 &
679 2790 834 2829 ortus
863 2773 937 2829 est
966 2772 1276 2831 Vedericus.
1325 2771 1590 2828 Vederico
1619 2789 1844 2850 quoque
1884 2772 1888 2778 ’

241 2854 384 2912 filius
403 2875 561 2912 natus
579 2853 650 2911 est
667 2853 986 2915 Eutharicus
1022 2894 1038 2918 ‚
1089 2857 1183 2932 qui
1210 2853 1431 2928 junctus
1454 2850 1842 2911 Amalasuentae
1881 2867 1885 2870 ’

242 2935 360 2996 filiae
380 2937 743 3007 Theoderici,
767 2940 896 2995 item
917 2937 1245 2995 Amalorum
1263 2932 1479 3016 stirpem
1491 2940 1603 3013 jam
1622 2929 1853 2994 divisam:
1878 2996 1882 3000 ,

1702 3034 1838 3073 con-
